{
    "summary": {
        "stock_name": "訊聯",
        "stock_id": "1784",
        "category": "生技醫療",
        "main_business": "細胞治療<br>再生醫療<br>醫療大數據",
        "website_url": "http://www.bionetcorp.com",
        "ceo": "康清原",
        "pe_ratio": 33,
        "report_year_from": 2003,
        "report_year_to": 2023,
        "age": 21,
        "eps_negative_percentage": 16,
        "eps_growth_avg": {
            "last_all": 11.03,
            "last_2y": 79.08,
            "last_4y": 49.45,
            "last_8y": 14.38,
            "last_12y": 16.65,
            "last_16y": 14.4,
            "last_20y": null,
            "at_2006_last_3y": null,
            "at_2007_last_3y": null,
            "at_2008_last_3y": null,
            "at_2009_last_3y": 24.75,
            "at_2010_last_3y": 8.79,
            "at_2011_last_3y": -21.62,
            "at_2012_last_3y": 18.84,
            "at_2013_last_3y": -5.73,
            "at_2014_last_3y": 21.94,
            "at_2015_last_3y": 4.81,
            "at_2016_last_3y": -45.19,
            "at_2017_last_3y": -54.52,
            "at_2018_last_3y": -73.3,
            "at_2019_last_3y": -85,
            "at_2020_last_3y": 5,
            "at_2021_last_3y": 36.67,
            "at_2022_last_3y": 38.66,
            "at_2023_last_3y": 79.31,
            "at_2024_last_3y": 79.31,
            "at_2006_last_all": null,
            "at_2007_last_all": 31.91,
            "at_2008_last_all": 14.15,
            "at_2009_last_all": 24.75,
            "at_2010_last_all": -0.2,
            "at_2011_last_all": -0.2,
            "at_2012_last_all": 16.5,
            "at_2013_last_all": 11.69,
            "at_2014_last_all": 8.1,
            "at_2015_last_all": 2.02,
            "at_2016_last_all": -8.18,
            "at_2017_last_all": -8.18,
            "at_2018_last_all": -8.18,
            "at_2019_last_all": -13.8,
            "at_2020_last_all": -5.98,
            "at_2021_last_all": 2.17,
            "at_2022_last_all": 5.2,
            "at_2023_last_all": 11.03,
            "at_2024_last_all": 11.03
        },
        "latest_eps": 1.78,
        "latest_price": 58.1,
        "latest_roe": 6.35,
        "latest_gross_margin": 56.31,
        "latest_equity": 1469819,
        "latest_revenue": 289252,
        "latest_gross_profit": 162874,
        "latest_net_income": 14127,
        "latest_debt_ratio": 27.78,
        "latest_current_ratio": 309.58,
        "latest_account_receivable_turnover_ratio": 1.03,
        "latest_inventory_turnover_ratio": 2.51,
        "latest_reinvestment_rate": -15.16,
        "latest_research_to_sale_ratio": 12.55
    },
    "eps_dividends": {
        "2001": {
            "cash": 0,
            "stock": 0,
            "eps": 0
        },
        "2002": {
            "cash": 0,
            "stock": 0,
            "eps": 0
        },
        "2003": {
            "cash": 0,
            "stock": 0,
            "eps": 0
        },
        "2004": {
            "cash": 0,
            "stock": 0,
            "eps": 0
        },
        "2005": {
            "cash": 0,
            "stock": 0,
            "eps": 1.41
        },
        "2006": {
            "cash": 0,
            "stock": 0,
            "eps": 0.9
        },
        "2007": {
            "cash": 0.46,
            "stock": 0,
            "eps": 2.34
        },
        "2008": {
            "cash": 1.45,
            "stock": 0.1,
            "eps": 1.84
        },
        "2009": {
            "cash": 1.02,
            "stock": 0.34,
            "eps": 2.88
        },
        "2010": {
            "cash": 1.9,
            "stock": 0.21,
            "eps": -0.88
        },
        "2011": {
            "cash": 0,
            "stock": 0,
            "eps": 0.45
        },
        "2012": {
            "cash": 0,
            "stock": 0,
            "eps": 1.28
        },
        "2013": {
            "cash": 1.16,
            "stock": 0,
            "eps": 1.06
        },
        "2014": {
            "cash": 1.03,
            "stock": 0,
            "eps": 0.88
        },
        "2015": {
            "cash": 0.7,
            "stock": 0,
            "eps": 0.47
        },
        "2016": {
            "cash": 0.41,
            "stock": 0,
            "eps": -0.19
        },
        "2017": {
            "cash": 0,
            "stock": 0,
            "eps": -0.12
        },
        "2018": {
            "cash": 0,
            "stock": 0,
            "eps": 0.5
        },
        "2019": {
            "cash": 0.28,
            "stock": 0,
            "eps": 0.15
        },
        "2020": {
            "cash": 0.13,
            "stock": 0,
            "eps": 0.27
        },
        "2021": {
            "cash": 0.18,
            "stock": 0,
            "eps": 0.56
        },
        "2022": {
            "cash": 0.48,
            "stock": 0,
            "eps": 0.81
        },
        "2023": {
            "cash": 0.7,
            "stock": 0,
            "eps": 1.56
        }
    },
    "dividends": {
        "2007-03-29": {
            "cash": 0.46,
            "stock": 0
        },
        "2008-03-24": {
            "cash": 1.45,
            "stock": 0.1
        },
        "2009-03-24": {
            "cash": 1.02,
            "stock": 0.34
        },
        "2010-03-24": {
            "cash": 1.9,
            "stock": 0.21
        },
        "2013-06-25": {
            "cash": 1.16,
            "stock": 0
        },
        "2014-10-20": {
            "cash": 1.03,
            "stock": 0
        },
        "2015-09-23": {
            "cash": 0.7,
            "stock": 0
        },
        "2016-08-25": {
            "cash": 0.41,
            "stock": 0
        },
        "2019-09-26": {
            "cash": 0.28,
            "stock": 0
        },
        "2020-07-31": {
            "cash": 0.13,
            "stock": 0
        },
        "2021-08-27": {
            "cash": 0.18,
            "stock": 0
        },
        "2022-09-30": {
            "cash": 0.48,
            "stock": 0
        },
        "2023-09-28": {
            "cash": 0.7,
            "stock": 0
        }
    },
    "prices": {
        "200101": "無",
        "200102": "無",
        "200103": "無",
        "200104": "無",
        "200105": "無",
        "200106": "無",
        "200107": "無",
        "200108": "無",
        "200109": "無",
        "200110": "無",
        "200111": "無",
        "200112": "無",
        "200201": "無",
        "200202": "無",
        "200203": "無",
        "200204": "無",
        "200205": "無",
        "200206": "無",
        "200207": "無",
        "200208": "無",
        "200209": "無",
        "200210": "無",
        "200211": "無",
        "200212": "無",
        "200301": "無",
        "200302": "無",
        "200303": "無",
        "200304": "無",
        "200305": "無",
        "200306": "無",
        "200307": "無",
        "200308": "無",
        "200309": "無",
        "200310": "無",
        "200311": "無",
        "200312": "無",
        "200401": "無",
        "200402": "無",
        "200403": "無",
        "200404": "無",
        "200405": "無",
        "200406": "無",
        "200407": "無",
        "200408": "無",
        "200409": "15.24",
        "200410": "15.85",
        "200411": "16.70",
        "200412": "17.00",
        "200501": "18.00",
        "200502": "19.64",
        "200503": "20.94",
        "200504": "20.50",
        "200505": "21.00",
        "200506": "無",
        "200507": "19.85",
        "200508": "20.55",
        "200509": "19.67",
        "200510": "19.49",
        "200511": "20.05",
        "200512": "19.49",
        "200601": "19.36",
        "200602": "18.62",
        "200603": "19.35",
        "200604": "19.77",
        "200605": "19.59",
        "200606": "19.15",
        "200607": "19.91",
        "200608": "19.52",
        "200609": "19.66",
        "200610": "19.96",
        "200611": "20.50",
        "200612": "25.82",
        "200701": "28.14",
        "200702": "27.77",
        "200703": "27.09",
        "200704": "31.04",
        "200705": "37.41",
        "200706": "65.05",
        "200707": "176.75",
        "200708": "105.35",
        "200709": "105.16",
        "200710": "102.52",
        "200711": "76.75",
        "200712": "65.17",
        "200801": "59.46",
        "200802": "55.78",
        "200803": "70.58",
        "200804": "78.95",
        "200805": "82.48",
        "200806": "67.95",
        "200807": "66.18",
        "200808": "64.98",
        "200809": "46.42",
        "200810": "38.15",
        "200811": "34.76",
        "200812": "33.20",
        "200901": "34.96",
        "200902": "34.23",
        "200903": "53.77",
        "200904": "78.25",
        "200905": "76.29",
        "200906": "72.70",
        "200907": "79.87",
        "200908": "72.04",
        "200909": "71.40",
        "200910": "72.40",
        "200911": "71.01",
        "200912": "75.93",
        "201001": "70.24",
        "201002": "59.19",
        "201003": "63.83",
        "201004": "65.44",
        "201005": "58.00",
        "201006": "50.46",
        "201007": "52.75",
        "201008": "56.56",
        "201009": "52.23",
        "201010": "51.63",
        "201011": "53.26",
        "201012": "69.90",
        "201101": "60.93",
        "201102": "57.90",
        "201103": "55.24",
        "201104": "57.00",
        "201105": "57.40",
        "201106": "51.58",
        "201107": "51.66",
        "201108": "43.82",
        "201109": "36.36",
        "201110": "34.00",
        "201111": "37.39",
        "201112": "35.06",
        "201201": "39.13",
        "201202": "44.28",
        "201203": "41.84",
        "201204": "37.63",
        "201205": "38.75",
        "201206": "39.06",
        "201207": "46.55",
        "201208": "47.09",
        "201209": "45.49",
        "201210": "42.43",
        "201211": "35.50",
        "201212": "39.60",
        "201301": "39.75",
        "201302": "40.67",
        "201303": "40.90",
        "201304": "39.94",
        "201305": "38.85",
        "201306": "47.83",
        "201307": "51.83",
        "201308": "47.43",
        "201309": "46.55",
        "201310": "47.06",
        "201311": "44.44",
        "201312": "44.93",
        "201401": "45.29",
        "201402": "45.89",
        "201403": "50.56",
        "201404": "49.09",
        "201405": "45.98",
        "201406": "48.22",
        "201407": "51.07",
        "201408": "45.47",
        "201409": "43.41",
        "201410": "40.39",
        "201411": "38.94",
        "201412": "40.13",
        "201501": "38.98",
        "201502": "38.32",
        "201503": "42.85",
        "201504": "43.42",
        "201505": "38.07",
        "201506": "34.55",
        "201507": "34.07",
        "201508": "25.65",
        "201509": "27.06",
        "201510": "30.94",
        "201511": "36.40",
        "201512": "35.72",
        "201601": "32.33",
        "201602": "32.49",
        "201603": "32.88",
        "201604": "30.25",
        "201605": "28.29",
        "201606": "28.50",
        "201607": "32.29",
        "201608": "30.56",
        "201609": "31.16",
        "201610": "31.26",
        "201611": "29.79",
        "201612": "29.79",
        "201701": "29.80",
        "201702": "30.31",
        "201703": "29.98",
        "201704": "27.66",
        "201705": "27.17",
        "201706": "28.01",
        "201707": "28.85",
        "201708": "28.18",
        "201709": "28.64",
        "201710": "28.23",
        "201711": "27.88",
        "201712": "26.57",
        "201801": "27.20",
        "201802": "25.93",
        "201803": "26.75",
        "201804": "26.87",
        "201805": "26.13",
        "201806": "26.89",
        "201807": "26.66",
        "201808": "26.57",
        "201809": "30.87",
        "201810": "25.72",
        "201811": "24.53",
        "201812": "26.23",
        "201901": "32.29",
        "201902": "37.14",
        "201903": "36.24",
        "201904": "37.41",
        "201905": "37.17",
        "201906": "38.58",
        "201907": "48.43",
        "201908": "43.91",
        "201909": "45.53",
        "201910": "45.53",
        "201911": "44.57",
        "201912": "42.36",
        "202001": "39.04",
        "202002": "36.86",
        "202003": "30.83",
        "202004": "31.87",
        "202005": "39.00",
        "202006": "38.32",
        "202007": "46.48",
        "202008": "41.73",
        "202009": "40.73",
        "202010": "38.56",
        "202011": "37.65",
        "202012": "40.37",
        "202101": "37.80",
        "202102": "37.44",
        "202103": "39.03",
        "202104": "42.08",
        "202105": "39.83",
        "202106": "43.12",
        "202107": "42.89",
        "202108": "45.95",
        "202109": "44.62",
        "202110": "43.34",
        "202111": "42.28",
        "202112": "40.39",
        "202201": "38.02",
        "202202": "38.37",
        "202203": "36.85",
        "202204": "39.31",
        "202205": "38.76",
        "202206": "39.67",
        "202207": "40.18",
        "202208": "41.38",
        "202209": "41.80",
        "202210": "37.60",
        "202211": "38.55",
        "202212": "43.68",
        "202301": "43.06",
        "202302": "45.63",
        "202303": "44.96",
        "202304": "54.69",
        "202305": "66.19",
        "202306": "62.70",
        "202307": "66.48",
        "202308": "67.22",
        "202309": "64.23",
        "202310": "60.52",
        "202311": "58.56",
        "202312": "57.79"
    },
    "quarters": {
        "20011": {
            "year_quarter": 20011,
            "year": 2001,
            "quarter": 1,
            "eps": null,
            "eps_growth_year": null,
            "eps_4q": null,
            "eps_4q_growth_year": null,
            "roe": null,
            "roe_4q": 0,
            "gross_profit": null,
            "gross_margin": null,
            "gross_margin_4q_avg": 0,
            "net_income": null,
            "net_income_4q": null,
            "revenue": null,
            "revenue_4q": null,
            "common_shares": null,
            "book_valuer_per_share": null,
            "book_valuer_per_share_4q_avg": 0,
            "equity": null,
            "current_ratio": null,
            "debt_ratio": null,
            "inventory_turnover_ratio": null,
            "account_receivable_turnover_ratio": null,
            "reinvestment_rate": null,
            "research_to_sale_ratio": null,
            "price_fair": 0,
            "eps_avg_yearly": 0,
            "eps_latest_yearly": 0,
            "eps_growth_yearly": 0
        },
        "20012": {
            "year_quarter": 20012,
            "year": 2001,
            "quarter": 2,
            "eps": null,
            "eps_growth_year": null,
            "eps_4q": null,
            "eps_4q_growth_year": null,
            "roe": null,
            "roe_4q": 0,
            "gross_profit": null,
            "gross_margin": null,
            "gross_margin_4q_avg": 0,
            "net_income": null,
            "net_income_4q": null,
            "revenue": null,
            "revenue_4q": null,
            "common_shares": null,
            "book_valuer_per_share": null,
            "book_valuer_per_share_4q_avg": 0,
            "equity": null,
            "current_ratio": null,
            "debt_ratio": null,
            "inventory_turnover_ratio": null,
            "account_receivable_turnover_ratio": null,
            "reinvestment_rate": null,
            "research_to_sale_ratio": null,
            "price_fair": 0,
            "eps_avg_yearly": 0,
            "eps_latest_yearly": 0,
            "eps_growth_yearly": 0
        },
        "20013": {
            "year_quarter": 20013,
            "year": 2001,
            "quarter": 3,
            "eps": null,
            "eps_growth_year": null,
            "eps_4q": null,
            "eps_4q_growth_year": null,
            "roe": null,
            "roe_4q": 0,
            "gross_profit": null,
            "gross_margin": null,
            "gross_margin_4q_avg": 0,
            "net_income": null,
            "net_income_4q": null,
            "revenue": null,
            "revenue_4q": null,
            "common_shares": null,
            "book_valuer_per_share": null,
            "book_valuer_per_share_4q_avg": 0,
            "equity": null,
            "current_ratio": null,
            "debt_ratio": null,
            "inventory_turnover_ratio": null,
            "account_receivable_turnover_ratio": null,
            "reinvestment_rate": null,
            "research_to_sale_ratio": null,
            "price_fair": 0,
            "eps_avg_yearly": 0,
            "eps_latest_yearly": 0,
            "eps_growth_yearly": 0
        },
        "20014": {
            "year_quarter": 20014,
            "year": 2001,
            "quarter": 4,
            "eps": null,
            "eps_growth_year": null,
            "eps_4q": null,
            "eps_4q_growth_year": null,
            "roe": null,
            "roe_4q": 0,
            "gross_profit": null,
            "gross_margin": null,
            "gross_margin_4q_avg": 0,
            "net_income": null,
            "net_income_4q": null,
            "revenue": null,
            "revenue_4q": null,
            "common_shares": 81800,
            "book_valuer_per_share": 8.86,
            "book_valuer_per_share_4q_avg": 2.22,
            "equity": 72435,
            "current_ratio": 597.03,
            "debt_ratio": 17.32,
            "inventory_turnover_ratio": null,
            "account_receivable_turnover_ratio": null,
            "reinvestment_rate": null,
            "research_to_sale_ratio": null,
            "price_fair": 0,
            "eps_avg_yearly": 0,
            "eps_latest_yearly": 0,
            "eps_growth_yearly": 0
        },
        "20021": {
            "year_quarter": 20021,
            "year": 2002,
            "quarter": 1,
            "eps": null,
            "eps_growth_year": null,
            "eps_4q": null,
            "eps_4q_growth_year": null,
            "roe": null,
            "roe_4q": 0,
            "gross_profit": null,
            "gross_margin": null,
            "gross_margin_4q_avg": 0,
            "net_income": null,
            "net_income_4q": null,
            "revenue": null,
            "revenue_4q": null,
            "common_shares": null,
            "book_valuer_per_share": null,
            "book_valuer_per_share_4q_avg": 2.22,
            "equity": null,
            "current_ratio": null,
            "debt_ratio": null,
            "inventory_turnover_ratio": null,
            "account_receivable_turnover_ratio": null,
            "reinvestment_rate": null,
            "research_to_sale_ratio": null,
            "price_fair": 0,
            "eps_avg_yearly": 0,
            "eps_latest_yearly": 0,
            "eps_growth_yearly": 0
        },
        "20022": {
            "year_quarter": 20022,
            "year": 2002,
            "quarter": 2,
            "eps": null,
            "eps_growth_year": null,
            "eps_4q": null,
            "eps_4q_growth_year": null,
            "roe": null,
            "roe_4q": 0,
            "gross_profit": null,
            "gross_margin": null,
            "gross_margin_4q_avg": 0,
            "net_income": null,
            "net_income_4q": null,
            "revenue": null,
            "revenue_4q": null,
            "common_shares": null,
            "book_valuer_per_share": null,
            "book_valuer_per_share_4q_avg": 2.22,
            "equity": null,
            "current_ratio": null,
            "debt_ratio": null,
            "inventory_turnover_ratio": null,
            "account_receivable_turnover_ratio": null,
            "reinvestment_rate": null,
            "research_to_sale_ratio": null,
            "price_fair": 0,
            "eps_avg_yearly": 0,
            "eps_latest_yearly": 0,
            "eps_growth_yearly": 0
        },
        "20023": {
            "year_quarter": 20023,
            "year": 2002,
            "quarter": 3,
            "eps": null,
            "eps_growth_year": null,
            "eps_4q": null,
            "eps_4q_growth_year": null,
            "roe": null,
            "roe_4q": 0,
            "gross_profit": null,
            "gross_margin": null,
            "gross_margin_4q_avg": 0,
            "net_income": null,
            "net_income_4q": null,
            "revenue": null,
            "revenue_4q": null,
            "common_shares": null,
            "book_valuer_per_share": null,
            "book_valuer_per_share_4q_avg": 2.22,
            "equity": null,
            "current_ratio": null,
            "debt_ratio": null,
            "inventory_turnover_ratio": null,
            "account_receivable_turnover_ratio": null,
            "reinvestment_rate": null,
            "research_to_sale_ratio": null,
            "price_fair": 0,
            "eps_avg_yearly": 0,
            "eps_latest_yearly": 0,
            "eps_growth_yearly": 0
        },
        "20024": {
            "year_quarter": 20024,
            "year": 2002,
            "quarter": 4,
            "eps": null,
            "eps_growth_year": null,
            "eps_4q": null,
            "eps_4q_growth_year": null,
            "roe": null,
            "roe_4q": 0,
            "gross_profit": null,
            "gross_margin": null,
            "gross_margin_4q_avg": 0,
            "net_income": null,
            "net_income_4q": null,
            "revenue": null,
            "revenue_4q": null,
            "common_shares": 150000,
            "book_valuer_per_share": 10.02,
            "book_valuer_per_share_4q_avg": 2.51,
            "equity": 150248,
            "current_ratio": 766.48,
            "debt_ratio": 25.75,
            "inventory_turnover_ratio": null,
            "account_receivable_turnover_ratio": null,
            "reinvestment_rate": null,
            "research_to_sale_ratio": null,
            "price_fair": 0,
            "eps_avg_yearly": 0,
            "eps_latest_yearly": 0,
            "eps_growth_yearly": 0
        },
        "20031": {
            "year_quarter": 20031,
            "year": 2003,
            "quarter": 1,
            "eps": null,
            "eps_growth_year": null,
            "eps_4q": null,
            "eps_4q_growth_year": null,
            "roe": null,
            "roe_4q": 0,
            "gross_profit": null,
            "gross_margin": null,
            "gross_margin_4q_avg": 0,
            "net_income": null,
            "net_income_4q": null,
            "revenue": null,
            "revenue_4q": null,
            "common_shares": null,
            "book_valuer_per_share": null,
            "book_valuer_per_share_4q_avg": 2.51,
            "equity": null,
            "current_ratio": null,
            "debt_ratio": null,
            "inventory_turnover_ratio": null,
            "account_receivable_turnover_ratio": null,
            "reinvestment_rate": null,
            "research_to_sale_ratio": null,
            "price_fair": 0,
            "eps_avg_yearly": 0,
            "eps_latest_yearly": 0,
            "eps_growth_yearly": 0
        },
        "20032": {
            "year_quarter": 20032,
            "year": 2003,
            "quarter": 2,
            "eps": null,
            "eps_growth_year": null,
            "eps_4q": null,
            "eps_4q_growth_year": null,
            "roe": null,
            "roe_4q": 0,
            "gross_profit": null,
            "gross_margin": null,
            "gross_margin_4q_avg": 0,
            "net_income": null,
            "net_income_4q": null,
            "revenue": null,
            "revenue_4q": null,
            "common_shares": null,
            "book_valuer_per_share": null,
            "book_valuer_per_share_4q_avg": 2.51,
            "equity": null,
            "current_ratio": null,
            "debt_ratio": null,
            "inventory_turnover_ratio": null,
            "account_receivable_turnover_ratio": null,
            "reinvestment_rate": null,
            "research_to_sale_ratio": null,
            "price_fair": 0,
            "eps_avg_yearly": 0,
            "eps_latest_yearly": 0,
            "eps_growth_yearly": 0
        },
        "20033": {
            "year_quarter": 20033,
            "year": 2003,
            "quarter": 3,
            "eps": null,
            "eps_growth_year": null,
            "eps_4q": null,
            "eps_4q_growth_year": null,
            "roe": null,
            "roe_4q": 0,
            "gross_profit": null,
            "gross_margin": null,
            "gross_margin_4q_avg": 0,
            "net_income": null,
            "net_income_4q": null,
            "revenue": null,
            "revenue_4q": null,
            "common_shares": null,
            "book_valuer_per_share": null,
            "book_valuer_per_share_4q_avg": 2.51,
            "equity": null,
            "current_ratio": null,
            "debt_ratio": null,
            "inventory_turnover_ratio": null,
            "account_receivable_turnover_ratio": null,
            "reinvestment_rate": null,
            "research_to_sale_ratio": null,
            "price_fair": 0,
            "eps_avg_yearly": 0,
            "eps_latest_yearly": 0,
            "eps_growth_yearly": 0
        },
        "20034": {
            "year_quarter": 20034,
            "year": 2003,
            "quarter": 4,
            "eps": null,
            "eps_growth_year": null,
            "eps_4q": null,
            "eps_4q_growth_year": null,
            "roe": null,
            "roe_4q": 0,
            "gross_profit": null,
            "gross_margin": null,
            "gross_margin_4q_avg": 0,
            "net_income": null,
            "net_income_4q": null,
            "revenue": null,
            "revenue_4q": null,
            "common_shares": 150000,
            "book_valuer_per_share": 8.46,
            "book_valuer_per_share_4q_avg": 2.12,
            "equity": 126967,
            "current_ratio": 325.28,
            "debt_ratio": 50.87,
            "inventory_turnover_ratio": null,
            "account_receivable_turnover_ratio": null,
            "reinvestment_rate": null,
            "research_to_sale_ratio": null,
            "price_fair": 0,
            "eps_avg_yearly": 0,
            "eps_latest_yearly": 0,
            "eps_growth_yearly": 0
        },
        "20041": {
            "year_quarter": 20041,
            "year": 2004,
            "quarter": 1,
            "eps": null,
            "eps_growth_year": null,
            "eps_4q": null,
            "eps_4q_growth_year": null,
            "roe": null,
            "roe_4q": 0,
            "gross_profit": null,
            "gross_margin": null,
            "gross_margin_4q_avg": 0,
            "net_income": null,
            "net_income_4q": null,
            "revenue": null,
            "revenue_4q": null,
            "common_shares": null,
            "book_valuer_per_share": null,
            "book_valuer_per_share_4q_avg": 2.12,
            "equity": null,
            "current_ratio": null,
            "debt_ratio": null,
            "inventory_turnover_ratio": null,
            "account_receivable_turnover_ratio": null,
            "reinvestment_rate": null,
            "research_to_sale_ratio": null,
            "price_fair": 0,
            "eps_avg_yearly": 0,
            "eps_latest_yearly": 0,
            "eps_growth_yearly": 0
        },
        "20042": {
            "year_quarter": 20042,
            "year": 2004,
            "quarter": 2,
            "eps": null,
            "eps_growth_year": null,
            "eps_4q": null,
            "eps_4q_growth_year": null,
            "roe": null,
            "roe_4q": 0,
            "gross_profit": null,
            "gross_margin": null,
            "gross_margin_4q_avg": 0,
            "net_income": null,
            "net_income_4q": null,
            "revenue": null,
            "revenue_4q": null,
            "common_shares": null,
            "book_valuer_per_share": null,
            "book_valuer_per_share_4q_avg": 2.12,
            "equity": null,
            "current_ratio": null,
            "debt_ratio": null,
            "inventory_turnover_ratio": null,
            "account_receivable_turnover_ratio": null,
            "reinvestment_rate": null,
            "research_to_sale_ratio": null,
            "price_fair": 0,
            "eps_avg_yearly": 0,
            "eps_latest_yearly": 0,
            "eps_growth_yearly": 0
        },
        "20043": {
            "year_quarter": 20043,
            "year": 2004,
            "quarter": 3,
            "eps": null,
            "eps_growth_year": null,
            "eps_4q": null,
            "eps_4q_growth_year": null,
            "roe": null,
            "roe_4q": 0,
            "gross_profit": null,
            "gross_margin": null,
            "gross_margin_4q_avg": 0,
            "net_income": null,
            "net_income_4q": null,
            "revenue": null,
            "revenue_4q": null,
            "common_shares": null,
            "book_valuer_per_share": null,
            "book_valuer_per_share_4q_avg": 2.12,
            "equity": null,
            "current_ratio": null,
            "debt_ratio": null,
            "inventory_turnover_ratio": null,
            "account_receivable_turnover_ratio": null,
            "reinvestment_rate": null,
            "research_to_sale_ratio": null,
            "price_fair": 0,
            "eps_avg_yearly": 0,
            "eps_latest_yearly": 0,
            "eps_growth_yearly": 0
        },
        "20044": {
            "year_quarter": 20044,
            "year": 2004,
            "quarter": 4,
            "eps": null,
            "eps_growth_year": null,
            "eps_4q": null,
            "eps_4q_growth_year": null,
            "roe": null,
            "roe_4q": 0,
            "gross_profit": null,
            "gross_margin": null,
            "gross_margin_4q_avg": 0,
            "net_income": null,
            "net_income_4q": null,
            "revenue": null,
            "revenue_4q": null,
            "common_shares": 150000,
            "book_valuer_per_share": 8.88,
            "book_valuer_per_share_4q_avg": 2.22,
            "equity": 133177,
            "current_ratio": 344.5,
            "debt_ratio": 53.29,
            "inventory_turnover_ratio": null,
            "account_receivable_turnover_ratio": null,
            "reinvestment_rate": null,
            "research_to_sale_ratio": null,
            "price_fair": 0,
            "eps_avg_yearly": 0,
            "eps_latest_yearly": 0,
            "eps_growth_yearly": 0
        },
        "20051": {
            "year_quarter": 20051,
            "year": 2005,
            "quarter": 1,
            "eps": null,
            "eps_growth_year": null,
            "eps_4q": null,
            "eps_4q_growth_year": null,
            "roe": null,
            "roe_4q": 0,
            "gross_profit": null,
            "gross_margin": null,
            "gross_margin_4q_avg": 0,
            "net_income": null,
            "net_income_4q": null,
            "revenue": null,
            "revenue_4q": null,
            "common_shares": null,
            "book_valuer_per_share": null,
            "book_valuer_per_share_4q_avg": 2.22,
            "equity": null,
            "current_ratio": null,
            "debt_ratio": null,
            "inventory_turnover_ratio": null,
            "account_receivable_turnover_ratio": null,
            "reinvestment_rate": null,
            "research_to_sale_ratio": null,
            "price_fair": 0,
            "eps_avg_yearly": 0,
            "eps_latest_yearly": 0,
            "eps_growth_yearly": 0
        },
        "20052": {
            "year_quarter": 20052,
            "year": 2005,
            "quarter": 2,
            "eps": null,
            "eps_growth_year": null,
            "eps_4q": null,
            "eps_4q_growth_year": null,
            "roe": null,
            "roe_4q": 0,
            "gross_profit": null,
            "gross_margin": null,
            "gross_margin_4q_avg": 0,
            "net_income": null,
            "net_income_4q": null,
            "revenue": null,
            "revenue_4q": null,
            "common_shares": null,
            "book_valuer_per_share": null,
            "book_valuer_per_share_4q_avg": 2.22,
            "equity": null,
            "current_ratio": null,
            "debt_ratio": null,
            "inventory_turnover_ratio": null,
            "account_receivable_turnover_ratio": null,
            "reinvestment_rate": null,
            "research_to_sale_ratio": null,
            "price_fair": 0,
            "eps_avg_yearly": 0,
            "eps_latest_yearly": 0,
            "eps_growth_yearly": 0
        },
        "20053": {
            "year_quarter": 20053,
            "year": 2005,
            "quarter": 3,
            "eps": 1.13,
            "eps_growth_year": null,
            "eps_4q": null,
            "eps_4q_growth_year": null,
            "roe": 11.45,
            "roe_4q": 11.45,
            "gross_profit": 60199,
            "gross_margin": 82.09,
            "gross_margin_4q_avg": 20.52,
            "net_income": 18682,
            "net_income_4q": null,
            "revenue": 73337,
            "revenue_4q": null,
            "common_shares": 167500,
            "book_valuer_per_share": 9.74,
            "book_valuer_per_share_4q_avg": 4.66,
            "equity": 163167,
            "current_ratio": 409.89,
            "debt_ratio": 53.81,
            "inventory_turnover_ratio": null,
            "account_receivable_turnover_ratio": null,
            "reinvestment_rate": null,
            "research_to_sale_ratio": null,
            "price_fair": 0,
            "eps_avg_yearly": 0,
            "eps_latest_yearly": 0,
            "eps_growth_yearly": 0
        },
        "20054": {
            "year_quarter": 20054,
            "year": 2005,
            "quarter": 4,
            "eps": 0.28,
            "eps_growth_year": null,
            "eps_4q": null,
            "eps_4q_growth_year": null,
            "roe": 2.85,
            "roe_4q": 14.299999999999999,
            "gross_profit": 59918,
            "gross_margin": 74.5,
            "gross_margin_4q_avg": 39.15,
            "net_income": 4715,
            "net_income_4q": null,
            "revenue": 80431,
            "revenue_4q": null,
            "common_shares": 167500,
            "book_valuer_per_share": 10.04,
            "book_valuer_per_share_4q_avg": 4.95,
            "equity": 168120,
            "current_ratio": 384.67,
            "debt_ratio": 55.53,
            "inventory_turnover_ratio": null,
            "account_receivable_turnover_ratio": null,
            "reinvestment_rate": null,
            "research_to_sale_ratio": null,
            "price_fair": 3.36,
            "eps_avg_yearly": 1.12,
            "eps_latest_yearly": 1.12,
            "eps_growth_yearly": -300.88
        },
        "20061": {
            "year_quarter": 20061,
            "year": 2006,
            "quarter": 1,
            "eps": 0.31,
            "eps_growth_year": null,
            "eps_4q": null,
            "eps_4q_growth_year": null,
            "roe": 3,
            "roe_4q": 17.299999999999997,
            "gross_profit": 60776,
            "gross_margin": 81.23,
            "gross_margin_4q_avg": 59.46,
            "net_income": 5113,
            "net_income_4q": null,
            "revenue": 74821,
            "revenue_4q": null,
            "common_shares": 167500,
            "book_valuer_per_share": 10.34,
            "book_valuer_per_share_4q_avg": 7.53,
            "equity": 173233,
            "current_ratio": 500.69,
            "debt_ratio": 56.82,
            "inventory_turnover_ratio": null,
            "account_receivable_turnover_ratio": null,
            "reinvestment_rate": null,
            "research_to_sale_ratio": null,
            "price_fair": 3.54,
            "eps_avg_yearly": 1.18,
            "eps_latest_yearly": 1.24,
            "eps_growth_yearly": -129.01
        },
        "20062": {
            "year_quarter": 20062,
            "year": 2006,
            "quarter": 2,
            "eps": 0.14,
            "eps_growth_year": null,
            "eps_4q": 1.71,
            "eps_4q_growth_year": null,
            "roe": 1.07,
            "roe_4q": 18.369999999999997,
            "gross_profit": 56194,
            "gross_margin": 77.36,
            "gross_margin_4q_avg": 78.8,
            "net_income": 2545,
            "net_income_4q": null,
            "revenue": 72643,
            "revenue_4q": null,
            "common_shares": 247500,
            "book_valuer_per_share": 12.27,
            "book_valuer_per_share_4q_avg": 10.6,
            "equity": 303724,
            "current_ratio": 606.48,
            "debt_ratio": 41.31,
            "inventory_turnover_ratio": null,
            "account_receivable_turnover_ratio": null,
            "reinvestment_rate": null,
            "research_to_sale_ratio": null,
            "price_fair": 2.92,
            "eps_avg_yearly": 0.97,
            "eps_latest_yearly": 0.56,
            "eps_growth_yearly": -159.13
        },
        "20063": {
            "year_quarter": 20063,
            "year": 2006,
            "quarter": 3,
            "eps": 0.31,
            "eps_growth_year": -72.57,
            "eps_4q": 0.91,
            "eps_4q_growth_year": null,
            "roe": 2.09,
            "roe_4q": 9.01,
            "gross_profit": 63993,
            "gross_margin": 75.99,
            "gross_margin_4q_avg": 77.27,
            "net_income": 6411,
            "net_income_4q": null,
            "revenue": 84207,
            "revenue_4q": null,
            "common_shares": 247500,
            "book_valuer_per_share": 12.53,
            "book_valuer_per_share_4q_avg": 11.3,
            "equity": 310211,
            "current_ratio": 608.19,
            "debt_ratio": 43.4,
            "inventory_turnover_ratio": null,
            "account_receivable_turnover_ratio": null,
            "reinvestment_rate": null,
            "research_to_sale_ratio": null,
            "price_fair": 12.57,
            "eps_avg_yearly": 1.04,
            "eps_latest_yearly": 1.24,
            "eps_growth_yearly": 2.08
        },
        "20064": {
            "year_quarter": 20064,
            "year": 2006,
            "quarter": 4,
            "eps": 0.14,
            "eps_growth_year": -50,
            "eps_4q": 0.77,
            "eps_4q_growth_year": null,
            "roe": 0.99,
            "roe_4q": 7.15,
            "gross_profit": 64247,
            "gross_margin": 74.88,
            "gross_margin_4q_avg": 77.37,
            "net_income": 3102,
            "net_income_4q": null,
            "revenue": 85803,
            "revenue_4q": null,
            "common_shares": 247500,
            "book_valuer_per_share": 12.66,
            "book_valuer_per_share_4q_avg": 11.95,
            "equity": 313364,
            "current_ratio": 566.44,
            "debt_ratio": 46.91,
            "inventory_turnover_ratio": null,
            "account_receivable_turnover_ratio": null,
            "reinvestment_rate": null,
            "research_to_sale_ratio": null,
            "price_fair": 2.83,
            "eps_avg_yearly": 0.94,
            "eps_latest_yearly": 0.56,
            "eps_growth_yearly": -42.2
        },
        "20071": {
            "year_quarter": 20071,
            "year": 2007,
            "quarter": 1,
            "eps": 0.36,
            "eps_growth_year": 16.13,
            "eps_4q": 0.84,
            "eps_4q_growth_year": null,
            "roe": 2.83,
            "roe_4q": 6.98,
            "gross_profit": 64140,
            "gross_margin": 75.31,
            "gross_margin_4q_avg": 75.89,
            "net_income": 8999,
            "net_income_4q": null,
            "revenue": 85166,
            "revenue_4q": null,
            "common_shares": 247500,
            "book_valuer_per_share": 13.02,
            "book_valuer_per_share_4q_avg": 12.62,
            "equity": 322363,
            "current_ratio": 609.58,
            "debt_ratio": 47.62,
            "inventory_turnover_ratio": null,
            "account_receivable_turnover_ratio": null,
            "reinvestment_rate": null,
            "research_to_sale_ratio": null,
            "price_fair": 35.93,
            "eps_avg_yearly": 1.03,
            "eps_latest_yearly": 1.44,
            "eps_growth_yearly": 69.59
        },
        "20072": {
            "year_quarter": 20072,
            "year": 2007,
            "quarter": 2,
            "eps": 0.37,
            "eps_growth_year": 164.29,
            "eps_4q": 1.12,
            "eps_4q_growth_year": -34.54,
            "roe": 2.84,
            "roe_4q": 8.75,
            "gross_profit": 69981,
            "gross_margin": 76.66,
            "gross_margin_4q_avg": 75.71,
            "net_income": 9153,
            "net_income_4q": null,
            "revenue": 91282,
            "revenue_4q": null,
            "common_shares": 247950,
            "book_valuer_per_share": 13.02,
            "book_valuer_per_share_4q_avg": 12.81,
            "equity": 322716,
            "current_ratio": 459.16,
            "debt_ratio": 49.18,
            "inventory_turnover_ratio": null,
            "account_receivable_turnover_ratio": null,
            "reinvestment_rate": null,
            "research_to_sale_ratio": null,
            "price_fair": 38.2,
            "eps_avg_yearly": 1.09,
            "eps_latest_yearly": 1.48,
            "eps_growth_yearly": 61.24
        },
        "20073": {
            "year_quarter": 20073,
            "year": 2007,
            "quarter": 3,
            "eps": 1.04,
            "eps_growth_year": 235.48,
            "eps_4q": 1.85,
            "eps_4q_growth_year": 103.29,
            "roe": 6.93,
            "roe_4q": 13.59,
            "gross_profit": 90217,
            "gross_margin": 78.61,
            "gross_margin_4q_avg": 76.37,
            "net_income": 27410,
            "net_income_4q": null,
            "revenue": 114765,
            "revenue_4q": null,
            "common_shares": 307595,
            "book_valuer_per_share": 15.24,
            "book_valuer_per_share_4q_avg": 13.49,
            "equity": 468671,
            "current_ratio": 728.42,
            "debt_ratio": 39.61,
            "inventory_turnover_ratio": null,
            "account_receivable_turnover_ratio": null,
            "reinvestment_rate": null,
            "research_to_sale_ratio": null,
            "price_fair": 51.63,
            "eps_avg_yearly": 1.48,
            "eps_latest_yearly": 4.16,
            "eps_growth_yearly": 144.12
        },
        "20074": {
            "year_quarter": 20074,
            "year": 2007,
            "quarter": 4,
            "eps": 0.57,
            "eps_growth_year": 307.14,
            "eps_4q": 2.23,
            "eps_4q_growth_year": 187.75,
            "roe": 3.28,
            "roe_4q": 15.879999999999999,
            "gross_profit": 112184,
            "gross_margin": 81.66,
            "gross_margin_4q_avg": 78.06,
            "net_income": 15645,
            "net_income_4q": null,
            "revenue": 137371,
            "revenue_4q": null,
            "common_shares": 307820,
            "book_valuer_per_share": 15.75,
            "book_valuer_per_share_4q_avg": 14.26,
            "equity": 484606,
            "current_ratio": 328.57,
            "debt_ratio": 41.38,
            "inventory_turnover_ratio": null,
            "account_receivable_turnover_ratio": null,
            "reinvestment_rate": null,
            "research_to_sale_ratio": null,
            "price_fair": 54.76,
            "eps_avg_yearly": 1.56,
            "eps_latest_yearly": 2.28,
            "eps_growth_yearly": 108.02
        },
        "20081": {
            "year_quarter": 20081,
            "year": 2008,
            "quarter": 1,
            "eps": 0.78,
            "eps_growth_year": 116.67,
            "eps_4q": 2.47,
            "eps_4q_growth_year": 192.97,
            "roe": 4.63,
            "roe_4q": 17.68,
            "gross_profit": 96923,
            "gross_margin": 78.97,
            "gross_margin_4q_avg": 78.98,
            "net_income": 24043,
            "net_income_4q": null,
            "revenue": 122741,
            "revenue_4q": null,
            "common_shares": 308865,
            "book_valuer_per_share": 17.91,
            "book_valuer_per_share_4q_avg": 15.48,
            "equity": 553460,
            "current_ratio": 552.32,
            "debt_ratio": 51.8,
            "inventory_turnover_ratio": null,
            "account_receivable_turnover_ratio": null,
            "reinvestment_rate": null,
            "research_to_sale_ratio": null,
            "price_fair": 60.2,
            "eps_avg_yearly": 1.72,
            "eps_latest_yearly": 3.12,
            "eps_growth_yearly": 111.96
        },
        "20082": {
            "year_quarter": 20082,
            "year": 2008,
            "quarter": 2,
            "eps": 0.48,
            "eps_growth_year": 29.73,
            "eps_4q": 3.48,
            "eps_4q_growth_year": 211.56,
            "roe": 2.11,
            "roe_4q": 16.95,
            "gross_profit": 91929,
            "gross_margin": 72.89,
            "gross_margin_4q_avg": 78.03,
            "net_income": 11275,
            "net_income_4q": null,
            "revenue": 126128,
            "revenue_4q": null,
            "common_shares": 309240,
            "book_valuer_per_share": 16.71,
            "book_valuer_per_share_4q_avg": 16.4,
            "equity": 513475,
            "current_ratio": 370.8,
            "debt_ratio": 57.73,
            "inventory_turnover_ratio": null,
            "account_receivable_turnover_ratio": null,
            "reinvestment_rate": null,
            "research_to_sale_ratio": null,
            "price_fair": 60.84,
            "eps_avg_yearly": 1.74,
            "eps_latest_yearly": 1.92,
            "eps_growth_yearly": 87.79
        },
        "20083": {
            "year_quarter": 20083,
            "year": 2008,
            "quarter": 3,
            "eps": -0.38,
            "eps_growth_year": -136.54,
            "eps_4q": 1.36,
            "eps_4q_growth_year": -26.47,
            "roe": -1.99,
            "roe_4q": 8.03,
            "gross_profit": 100069,
            "gross_margin": 74.55,
            "gross_margin_4q_avg": 77.02,
            "net_income": -10199,
            "net_income_4q": null,
            "revenue": 134230,
            "revenue_4q": null,
            "common_shares": 314598,
            "book_valuer_per_share": 16.11,
            "book_valuer_per_share_4q_avg": 16.62,
            "equity": 511403,
            "current_ratio": 509.57,
            "debt_ratio": 56.57,
            "inventory_turnover_ratio": null,
            "account_receivable_turnover_ratio": null,
            "reinvestment_rate": null,
            "research_to_sale_ratio": null,
            "price_fair": 60.84,
            "eps_avg_yearly": 1.74,
            "eps_latest_yearly": 1.92,
            "eps_growth_yearly": 87.79
        },
        "20084": {
            "year_quarter": 20084,
            "year": 2008,
            "quarter": 4,
            "eps": 0.96,
            "eps_growth_year": 68.42,
            "eps_4q": 1.94,
            "eps_4q_growth_year": -12.8,
            "roe": 5.39,
            "roe_4q": 10.14,
            "gross_profit": 107575,
            "gross_margin": 74.5,
            "gross_margin_4q_avg": 75.23,
            "net_income": 28409,
            "net_income_4q": null,
            "revenue": 144404,
            "revenue_4q": null,
            "common_shares": 316573,
            "book_valuer_per_share": 16.97,
            "book_valuer_per_share_4q_avg": 16.93,
            "equity": 542365,
            "current_ratio": 450.55,
            "debt_ratio": 55.09,
            "inventory_turnover_ratio": null,
            "account_receivable_turnover_ratio": 1.48,
            "reinvestment_rate": null,
            "research_to_sale_ratio": null,
            "price_fair": 60.84,
            "eps_avg_yearly": 1.74,
            "eps_latest_yearly": 1.92,
            "eps_growth_yearly": 87.79
        },
        "20091": {
            "year_quarter": 20091,
            "year": 2009,
            "quarter": 1,
            "eps": 0.95,
            "eps_growth_year": 21.79,
            "eps_4q": 1.98,
            "eps_4q_growth_year": -19.91,
            "roe": 4.77,
            "roe_4q": 10.28,
            "gross_profit": 97210,
            "gross_margin": 72.96,
            "gross_margin_4q_avg": 73.73,
            "net_income": 31389,
            "net_income_4q": null,
            "revenue": 133244,
            "revenue_4q": null,
            "common_shares": 382418,
            "book_valuer_per_share": 20.09,
            "book_valuer_per_share_4q_avg": 17.47,
            "equity": 773043,
            "current_ratio": 639.97,
            "debt_ratio": 45.7,
            "inventory_turnover_ratio": null,
            "account_receivable_turnover_ratio": 0.68,
            "reinvestment_rate": null,
            "research_to_sale_ratio": null,
            "price_fair": 66.85,
            "eps_avg_yearly": 1.91,
            "eps_latest_yearly": 3.8,
            "eps_growth_yearly": 80.13
        },
        "20092": {
            "year_quarter": 20092,
            "year": 2009,
            "quarter": 2,
            "eps": 1.29,
            "eps_growth_year": 168.75,
            "eps_4q": 2.71,
            "eps_4q_growth_year": -22.24,
            "roe": 5.62,
            "roe_4q": 13.790000000000001,
            "gross_profit": 109548,
            "gross_margin": 71.53,
            "gross_margin_4q_avg": 73.39,
            "net_income": 46122,
            "net_income_4q": null,
            "revenue": 153152,
            "revenue_4q": null,
            "common_shares": 400177,
            "book_valuer_per_share": 21.57,
            "book_valuer_per_share_4q_avg": 18.69,
            "equity": 866915,
            "current_ratio": 411.86,
            "debt_ratio": 40.51,
            "inventory_turnover_ratio": null,
            "account_receivable_turnover_ratio": 0.74,
            "reinvestment_rate": 232.07,
            "research_to_sale_ratio": null,
            "price_fair": 75.6,
            "eps_avg_yearly": 2.16,
            "eps_latest_yearly": 5.16,
            "eps_growth_yearly": 84.98
        },
        "20093": {
            "year_quarter": 20093,
            "year": 2009,
            "quarter": 3,
            "eps": 0.92,
            "eps_growth_year": null,
            "eps_4q": 3.71,
            "eps_4q_growth_year": 173.46,
            "roe": 3.89,
            "roe_4q": 19.669999999999998,
            "gross_profit": 117157,
            "gross_margin": 74.6,
            "gross_margin_4q_avg": 73.4,
            "net_income": 35447,
            "net_income_4q": null,
            "revenue": 157057,
            "revenue_4q": null,
            "common_shares": 424302,
            "book_valuer_per_share": 22.41,
            "book_valuer_per_share_4q_avg": 20.26,
            "equity": 955457,
            "current_ratio": 467.68,
            "debt_ratio": 35.63,
            "inventory_turnover_ratio": null,
            "account_receivable_turnover_ratio": 0.71,
            "reinvestment_rate": 203.07,
            "research_to_sale_ratio": null,
            "price_fair": 79.4,
            "eps_avg_yearly": 2.27,
            "eps_latest_yearly": 3.68,
            "eps_growth_yearly": 70.71
        },
        "20094": {
            "year_quarter": 20094,
            "year": 2009,
            "quarter": 4,
            "eps": -0.28,
            "eps_growth_year": -129.17,
            "eps_4q": 2.35,
            "eps_4q_growth_year": 20.85,
            "roe": -1.27,
            "roe_4q": 13.01,
            "gross_profit": 88755,
            "gross_margin": 68.92,
            "gross_margin_4q_avg": 72,
            "net_income": -12329,
            "net_income_4q": null,
            "revenue": 128782,
            "revenue_4q": null,
            "common_shares": 431696,
            "book_valuer_per_share": 22.19,
            "book_valuer_per_share_4q_avg": 21.57,
            "equity": 991494,
            "current_ratio": 399.36,
            "debt_ratio": 35.72,
            "inventory_turnover_ratio": null,
            "account_receivable_turnover_ratio": 1.12,
            "reinvestment_rate": 313.51,
            "research_to_sale_ratio": null,
            "price_fair": 82.49,
            "eps_avg_yearly": 2.36,
            "eps_latest_yearly": 3.68,
            "eps_growth_yearly": 99.3
        },
        "20101": {
            "year_quarter": 20101,
            "year": 2010,
            "quarter": 1,
            "eps": -0.33,
            "eps_growth_year": -134.74,
            "eps_4q": 1.28,
            "eps_4q_growth_year": -35.19,
            "roe": -1.39,
            "roe_4q": 6.85,
            "gross_profit": 70104,
            "gross_margin": 64.92,
            "gross_margin_4q_avg": 69.99,
            "net_income": -13716,
            "net_income_4q": null,
            "revenue": 107984,
            "revenue_4q": null,
            "common_shares": 433345,
            "book_valuer_per_share": 21.89,
            "book_valuer_per_share_4q_avg": 22.02,
            "equity": 982511,
            "current_ratio": 286.12,
            "debt_ratio": 34.45,
            "inventory_turnover_ratio": null,
            "account_receivable_turnover_ratio": 0.52,
            "reinvestment_rate": 339.63,
            "research_to_sale_ratio": 7.8,
            "price_fair": 85.75,
            "eps_avg_yearly": 2.45,
            "eps_latest_yearly": 3.68,
            "eps_growth_yearly": 104
        },
        "20102": {
            "year_quarter": 20102,
            "year": 2010,
            "quarter": 2,
            "eps": -0.57,
            "eps_growth_year": -144.38,
            "eps_4q": -0.37,
            "eps_4q_growth_year": -113.75,
            "roe": -3.03,
            "roe_4q": -1.7999999999999994,
            "gross_profit": 70708,
            "gross_margin": 65.51,
            "gross_margin_4q_avg": 68.49,
            "net_income": -28946,
            "net_income_4q": null,
            "revenue": 107939,
            "revenue_4q": null,
            "common_shares": 435045,
            "book_valuer_per_share": 19.49,
            "book_valuer_per_share_4q_avg": 21.5,
            "equity": 925303,
            "current_ratio": 206.1,
            "debt_ratio": 39.46,
            "inventory_turnover_ratio": null,
            "account_receivable_turnover_ratio": 0.62,
            "reinvestment_rate": 397.72,
            "research_to_sale_ratio": 8.99,
            "price_fair": 91.76,
            "eps_avg_yearly": 2.62,
            "eps_latest_yearly": 3.68,
            "eps_growth_yearly": 133.4
        },
        "20103": {
            "year_quarter": 20103,
            "year": 2010,
            "quarter": 3,
            "eps": 0.16,
            "eps_growth_year": -82.82,
            "eps_4q": -0.99,
            "eps_4q_growth_year": -126.62,
            "roe": 1.09,
            "roe_4q": -4.6,
            "gross_profit": 81771,
            "gross_margin": 68.07,
            "gross_margin_4q_avg": 66.86,
            "net_income": 10147,
            "net_income_4q": null,
            "revenue": 120125,
            "revenue_4q": null,
            "common_shares": 447211,
            "book_valuer_per_share": 19.22,
            "book_valuer_per_share_4q_avg": 20.7,
            "equity": 943924,
            "current_ratio": 209.85,
            "debt_ratio": 38.63,
            "inventory_turnover_ratio": null,
            "account_receivable_turnover_ratio": 0.76,
            "reinvestment_rate": 395.88,
            "research_to_sale_ratio": 7.27,
            "price_fair": 96.6,
            "eps_avg_yearly": 2.76,
            "eps_latest_yearly": 3.68,
            "eps_growth_yearly": 98.17
        },
        "20104": {
            "year_quarter": 20104,
            "year": 2010,
            "quarter": 4,
            "eps": -0.14,
            "eps_growth_year": null,
            "eps_4q": -0.86,
            "eps_4q_growth_year": -136.46,
            "roe": -0.81,
            "roe_4q": -4.14,
            "gross_profit": 82032,
            "gross_margin": 63.24,
            "gross_margin_4q_avg": 65.44,
            "net_income": -7808,
            "net_income_4q": null,
            "revenue": 129714,
            "revenue_4q": null,
            "common_shares": 457783,
            "book_valuer_per_share": 19.65,
            "book_valuer_per_share_4q_avg": 20.06,
            "equity": 983445,
            "current_ratio": 363.61,
            "debt_ratio": 34.76,
            "inventory_turnover_ratio": null,
            "account_receivable_turnover_ratio": 0.76,
            "reinvestment_rate": 400.24,
            "research_to_sale_ratio": 7.39,
            "price_fair": 105.16,
            "eps_avg_yearly": 3,
            "eps_latest_yearly": 3.68,
            "eps_growth_yearly": 133.45
        },
        "20111": {
            "year_quarter": 20111,
            "year": 2011,
            "quarter": 1,
            "eps": 0.07,
            "eps_growth_year": null,
            "eps_4q": -0.44,
            "eps_4q_growth_year": -134.14,
            "roe": 0.24,
            "roe_4q": -2.51,
            "gross_profit": 82952,
            "gross_margin": 65.14,
            "gross_margin_4q_avg": 65.49,
            "net_income": 2677,
            "net_income_4q": null,
            "revenue": 127347,
            "revenue_4q": null,
            "common_shares": 498417,
            "book_valuer_per_share": 22.43,
            "book_valuer_per_share_4q_avg": 20.2,
            "equity": 1236213,
            "current_ratio": 719.6,
            "debt_ratio": 28.96,
            "inventory_turnover_ratio": 16.09,
            "account_receivable_turnover_ratio": 0.69,
            "reinvestment_rate": 407.26,
            "research_to_sale_ratio": 6.7,
            "price_fair": 112,
            "eps_avg_yearly": 3.2,
            "eps_latest_yearly": 3.68,
            "eps_growth_yearly": 71.56
        },
        "20112": {
            "year_quarter": 20112,
            "year": 2011,
            "quarter": 2,
            "eps": 0.03,
            "eps_growth_year": null,
            "eps_4q": 0.11,
            "eps_4q_growth_year": null,
            "roe": -0.11,
            "roe_4q": 0.41000000000000003,
            "gross_profit": 89498,
            "gross_margin": 60.79,
            "gross_margin_4q_avg": 64.31,
            "net_income": -1460,
            "net_income_4q": null,
            "revenue": 147224,
            "revenue_4q": null,
            "common_shares": 498872,
            "book_valuer_per_share": 22.18,
            "book_valuer_per_share_4q_avg": 20.87,
            "equity": 1411880,
            "current_ratio": 762.81,
            "debt_ratio": 26.86,
            "inventory_turnover_ratio": 14.16,
            "account_receivable_turnover_ratio": 0.77,
            "reinvestment_rate": 419.67,
            "research_to_sale_ratio": 6.01,
            "price_fair": 106.05,
            "eps_avg_yearly": 3.03,
            "eps_latest_yearly": 0.12,
            "eps_growth_yearly": 41.6
        },
        "20113": {
            "year_quarter": 20113,
            "year": 2011,
            "quarter": 3,
            "eps": 0.43,
            "eps_growth_year": 174.45,
            "eps_4q": 0.4,
            "eps_4q_growth_year": null,
            "roe": 1.49,
            "roe_4q": 0.8099999999999998,
            "gross_profit": 91941,
            "gross_margin": 63.19,
            "gross_margin_4q_avg": 63.09,
            "net_income": 21495,
            "net_income_4q": null,
            "revenue": 145506,
            "revenue_4q": null,
            "common_shares": 500404,
            "book_valuer_per_share": 22.85,
            "book_valuer_per_share_4q_avg": 21.78,
            "equity": 1469631,
            "current_ratio": 783.53,
            "debt_ratio": 26.19,
            "inventory_turnover_ratio": 27.22,
            "account_receivable_turnover_ratio": 0.73,
            "reinvestment_rate": 431.21,
            "research_to_sale_ratio": 6.26,
            "price_fair": 95.38,
            "eps_avg_yearly": 2.73,
            "eps_latest_yearly": 1.72,
            "eps_growth_yearly": 617.72
        },
        "20114": {
            "year_quarter": 20114,
            "year": 2011,
            "quarter": 4,
            "eps": -0.08,
            "eps_growth_year": null,
            "eps_4q": 0.45,
            "eps_4q_growth_year": null,
            "roe": 0.12,
            "roe_4q": 1.7399999999999998,
            "gross_profit": 102086,
            "gross_margin": 57.22,
            "gross_margin_4q_avg": 61.59,
            "net_income": 1664,
            "net_income_4q": null,
            "revenue": 178406,
            "revenue_4q": null,
            "common_shares": 502119,
            "book_valuer_per_share": 21.52,
            "book_valuer_per_share_4q_avg": 22.25,
            "equity": 1407528,
            "current_ratio": 538.28,
            "debt_ratio": 28.2,
            "inventory_turnover_ratio": 3.45,
            "account_receivable_turnover_ratio": 0.89,
            "reinvestment_rate": 316.1,
            "research_to_sale_ratio": 5.17,
            "price_fair": 97.6,
            "eps_avg_yearly": 2.79,
            "eps_latest_yearly": 1.72,
            "eps_growth_yearly": 731.79
        },
        "20121": {
            "year_quarter": 20121,
            "year": 2012,
            "quarter": 1,
            "eps": 0.45,
            "eps_growth_year": 542.86,
            "eps_4q": 0.83,
            "eps_4q_growth_year": null,
            "roe": 1.57,
            "roe_4q": 3.07,
            "gross_profit": 111833,
            "gross_margin": 60.35,
            "gross_margin_4q_avg": 60.39,
            "net_income": 22242,
            "net_income_4q": null,
            "revenue": 185308,
            "revenue_4q": null,
            "common_shares": 502119,
            "book_valuer_per_share": 21.88,
            "book_valuer_per_share_4q_avg": 22.11,
            "equity": 1423243,
            "current_ratio": 587.18,
            "debt_ratio": 27.68,
            "inventory_turnover_ratio": 1.87,
            "account_receivable_turnover_ratio": 0.84,
            "reinvestment_rate": 251.76,
            "research_to_sale_ratio": 5.83,
            "price_fair": 95.67,
            "eps_avg_yearly": 2.73,
            "eps_latest_yearly": 1.72,
            "eps_growth_yearly": 829.2
        },
        "20122": {
            "year_quarter": 20122,
            "year": 2012,
            "quarter": 2,
            "eps": -0.08,
            "eps_growth_year": -346.27,
            "eps_4q": 0.75,
            "eps_4q_growth_year": 564.85,
            "roe": -0.34,
            "roe_4q": 2.84,
            "gross_profit": 115759,
            "gross_margin": 57.29,
            "gross_margin_4q_avg": 59.51,
            "net_income": -4822,
            "net_income_4q": null,
            "revenue": 202043,
            "revenue_4q": null,
            "common_shares": 502119,
            "book_valuer_per_share": 22.61,
            "book_valuer_per_share_4q_avg": 22.22,
            "equity": 1428311,
            "current_ratio": 556,
            "debt_ratio": 27.85,
            "inventory_turnover_ratio": 2.8,
            "account_receivable_turnover_ratio": 0.77,
            "reinvestment_rate": 231.47,
            "research_to_sale_ratio": 5.52,
            "price_fair": 101.36,
            "eps_avg_yearly": 2.9,
            "eps_latest_yearly": 1.72,
            "eps_growth_yearly": 1025.8
        },
        "20123": {
            "year_quarter": 20123,
            "year": 2012,
            "quarter": 3,
            "eps": 0.63,
            "eps_growth_year": 45.98,
            "eps_4q": 0.93,
            "eps_4q_growth_year": 130.15,
            "roe": 1.74,
            "roe_4q": 3.09,
            "gross_profit": 122124,
            "gross_margin": 59.12,
            "gross_margin_4q_avg": 58.5,
            "net_income": 25807,
            "net_income_4q": null,
            "revenue": 206559,
            "revenue_4q": null,
            "common_shares": 502119,
            "book_valuer_per_share": 23.25,
            "book_valuer_per_share_4q_avg": 22.32,
            "equity": 1540594,
            "current_ratio": 649.8,
            "debt_ratio": 26.06,
            "inventory_turnover_ratio": 3.97,
            "account_receivable_turnover_ratio": 0.73,
            "reinvestment_rate": 157.27,
            "research_to_sale_ratio": 4.43,
            "price_fair": 101.36,
            "eps_avg_yearly": 2.9,
            "eps_latest_yearly": 1.72,
            "eps_growth_yearly": 1025.8
        },
        "20124": {
            "year_quarter": 20124,
            "year": 2012,
            "quarter": 4,
            "eps": 0.28,
            "eps_growth_year": null,
            "eps_4q": 1.29,
            "eps_4q_growth_year": 188.43,
            "roe": 0.09,
            "roe_4q": 3.06,
            "gross_profit": 103925,
            "gross_margin": 58.99,
            "gross_margin_4q_avg": 58.94,
            "net_income": 1425,
            "net_income_4q": null,
            "revenue": 176187,
            "revenue_4q": null,
            "common_shares": 502119,
            "book_valuer_per_share": 23.65,
            "book_valuer_per_share_4q_avg": 22.85,
            "equity": 1473995,
            "current_ratio": 554.8,
            "debt_ratio": 27.24,
            "inventory_turnover_ratio": 3.38,
            "account_receivable_turnover_ratio": 0.67,
            "reinvestment_rate": 166.61,
            "research_to_sale_ratio": 5.41,
            "price_fair": 91,
            "eps_avg_yearly": 2.6,
            "eps_latest_yearly": 1.12,
            "eps_growth_yearly": 817.8
        },
        "20131": {
            "year_quarter": 20131,
            "year": 2013,
            "quarter": 1,
            "eps": 0.62,
            "eps_growth_year": 37.78,
            "eps_4q": 1.46,
            "eps_4q_growth_year": 75.76,
            "roe": 1.37,
            "roe_4q": 2.8600000000000003,
            "gross_profit": 102718,
            "gross_margin": 59.9,
            "gross_margin_4q_avg": 58.83,
            "net_income": 20373,
            "net_income_4q": null,
            "revenue": 171481,
            "revenue_4q": null,
            "common_shares": 502119,
            "book_valuer_per_share": 24.22,
            "book_valuer_per_share_4q_avg": 23.43,
            "equity": 1492820,
            "current_ratio": 500.78,
            "debt_ratio": 27.77,
            "inventory_turnover_ratio": 2.48,
            "account_receivable_turnover_ratio": 0.69,
            "reinvestment_rate": 173.59,
            "research_to_sale_ratio": 5.81,
            "price_fair": 83.3,
            "eps_avg_yearly": 2.38,
            "eps_latest_yearly": 2.48,
            "eps_growth_yearly": 899.45
        },
        "20132": {
            "year_quarter": 20132,
            "year": 2013,
            "quarter": 2,
            "eps": 0.08,
            "eps_growth_year": null,
            "eps_4q": 1.62,
            "eps_4q_growth_year": 116.39,
            "roe": -0.61,
            "roe_4q": 2.59,
            "gross_profit": 100197,
            "gross_margin": 56.58,
            "gross_margin_4q_avg": 58.65,
            "net_income": -9061,
            "net_income_4q": null,
            "revenue": 177096,
            "revenue_4q": null,
            "common_shares": 502119,
            "book_valuer_per_share": 23.17,
            "book_valuer_per_share_4q_avg": 23.57,
            "equity": 1474845,
            "current_ratio": 397.52,
            "debt_ratio": 30,
            "inventory_turnover_ratio": 3.06,
            "account_receivable_turnover_ratio": 0.76,
            "reinvestment_rate": 209.26,
            "research_to_sale_ratio": 5.82,
            "price_fair": 55.07,
            "eps_avg_yearly": 1.57,
            "eps_latest_yearly": 0.32,
            "eps_growth_yearly": 817.52
        },
        "20133": {
            "year_quarter": 20133,
            "year": 2013,
            "quarter": 3,
            "eps": 0.43,
            "eps_growth_year": -32.09,
            "eps_4q": 1.41,
            "eps_4q_growth_year": 51.27,
            "roe": 0.55,
            "roe_4q": 1.4000000000000001,
            "gross_profit": 101155,
            "gross_margin": 56.74,
            "gross_margin_4q_avg": 58.05,
            "net_income": 8145,
            "net_income_4q": null,
            "revenue": 178269,
            "revenue_4q": null,
            "common_shares": 502119,
            "book_valuer_per_share": 23.69,
            "book_valuer_per_share_4q_avg": 23.68,
            "equity": 1493573,
            "current_ratio": 587.86,
            "debt_ratio": 26.26,
            "inventory_turnover_ratio": 4.37,
            "account_receivable_turnover_ratio": 0.82,
            "reinvestment_rate": 197.73,
            "research_to_sale_ratio": 6.86,
            "price_fair": 43.63,
            "eps_avg_yearly": 1.25,
            "eps_latest_yearly": 1.72,
            "eps_growth_yearly": 1128.31
        },
        "20134": {
            "year_quarter": 20134,
            "year": 2013,
            "quarter": 4,
            "eps": -0.07,
            "eps_growth_year": -123.26,
            "eps_4q": 1.06,
            "eps_4q_growth_year": -18.07,
            "roe": -0.72,
            "roe_4q": 0.5900000000000002,
            "gross_profit": 84152,
            "gross_margin": 50.31,
            "gross_margin_4q_avg": 55.88,
            "net_income": -10658,
            "net_income_4q": null,
            "revenue": 167255,
            "revenue_4q": null,
            "common_shares": 502119,
            "book_valuer_per_share": 23.66,
            "book_valuer_per_share_4q_avg": 23.69,
            "equity": 1453010,
            "current_ratio": 606.95,
            "debt_ratio": 26.93,
            "inventory_turnover_ratio": 7.55,
            "account_receivable_turnover_ratio": 0.71,
            "reinvestment_rate": -150.04,
            "research_to_sale_ratio": 7.45,
            "price_fair": 43.63,
            "eps_avg_yearly": 1.25,
            "eps_latest_yearly": 1.72,
            "eps_growth_yearly": 1128.31
        },
        "20141": {
            "year_quarter": 20141,
            "year": 2014,
            "quarter": 1,
            "eps": 0.45,
            "eps_growth_year": -27.42,
            "eps_4q": 0.9,
            "eps_4q_growth_year": -38.27,
            "roe": 1.56,
            "roe_4q": 0.7800000000000001,
            "gross_profit": 84846,
            "gross_margin": 58.83,
            "gross_margin_4q_avg": 55.62,
            "net_income": 22761,
            "net_income_4q": null,
            "revenue": 144228,
            "revenue_4q": null,
            "common_shares": 502119,
            "book_valuer_per_share": 24.1,
            "book_valuer_per_share_4q_avg": 23.66,
            "equity": 1474471,
            "current_ratio": 561.05,
            "debt_ratio": 26.39,
            "inventory_turnover_ratio": 8.61,
            "account_receivable_turnover_ratio": 0.64,
            "reinvestment_rate": -42.9,
            "research_to_sale_ratio": 7.38,
            "price_fair": 43.63,
            "eps_avg_yearly": 1.25,
            "eps_latest_yearly": 1.72,
            "eps_growth_yearly": 1128.31
        },
        "20142": {
            "year_quarter": 20142,
            "year": 2014,
            "quarter": 2,
            "eps": 0.26,
            "eps_growth_year": 225,
            "eps_4q": 1.08,
            "eps_4q_growth_year": -33.25,
            "roe": 0.72,
            "roe_4q": 2.1100000000000003,
            "gross_profit": 98049,
            "gross_margin": 56.93,
            "gross_margin_4q_avg": 55.7,
            "net_income": 10489,
            "net_income_4q": null,
            "revenue": 172219,
            "revenue_4q": null,
            "common_shares": 502119,
            "book_valuer_per_share": 23.28,
            "book_valuer_per_share_4q_avg": 23.68,
            "equity": 1430017,
            "current_ratio": 397.12,
            "debt_ratio": 28.87,
            "inventory_turnover_ratio": 6.98,
            "account_receivable_turnover_ratio": 0.85,
            "reinvestment_rate": -22.71,
            "research_to_sale_ratio": 7.82,
            "price_fair": 42.6,
            "eps_avg_yearly": 1.22,
            "eps_latest_yearly": 1.04,
            "eps_growth_yearly": 943
        },
        "20143": {
            "year_quarter": 20143,
            "year": 2014,
            "quarter": 3,
            "eps": 0.19,
            "eps_growth_year": -55.81,
            "eps_4q": 0.84,
            "eps_4q_growth_year": -40.32,
            "roe": 0.25,
            "roe_4q": 1.8100000000000003,
            "gross_profit": 88401,
            "gross_margin": 58.11,
            "gross_margin_4q_avg": 56.05,
            "net_income": 3514,
            "net_income_4q": null,
            "revenue": 152134,
            "revenue_4q": null,
            "common_shares": 502119,
            "book_valuer_per_share": 23.48,
            "book_valuer_per_share_4q_avg": 23.63,
            "equity": 1433601,
            "current_ratio": 398.02,
            "debt_ratio": 28.4,
            "inventory_turnover_ratio": 4.3,
            "account_receivable_turnover_ratio": 0.75,
            "reinvestment_rate": -27.37,
            "research_to_sale_ratio": 8.3,
            "price_fair": 40.6,
            "eps_avg_yearly": 1.16,
            "eps_latest_yearly": 0.76,
            "eps_growth_yearly": 811.66
        },
        "20144": {
            "year_quarter": 20144,
            "year": 2014,
            "quarter": 4,
            "eps": -0.02,
            "eps_growth_year": null,
            "eps_4q": 0.88,
            "eps_4q_growth_year": -16.58,
            "roe": -0.69,
            "roe_4q": 1.84,
            "gross_profit": 86307,
            "gross_margin": 55.43,
            "gross_margin_4q_avg": 57.33,
            "net_income": -9823,
            "net_income_4q": null,
            "revenue": 155693,
            "revenue_4q": null,
            "common_shares": 499099,
            "book_valuer_per_share": 23.54,
            "book_valuer_per_share_4q_avg": 23.6,
            "equity": 1432764,
            "current_ratio": 360.25,
            "debt_ratio": 26.15,
            "inventory_turnover_ratio": 6.2,
            "account_receivable_turnover_ratio": 0.79,
            "reinvestment_rate": 95.76,
            "research_to_sale_ratio": 9.42,
            "price_fair": 40.6,
            "eps_avg_yearly": 1.16,
            "eps_latest_yearly": 0.76,
            "eps_growth_yearly": 811.66
        },
        "20151": {
            "year_quarter": 20151,
            "year": 2015,
            "quarter": 1,
            "eps": 0.19,
            "eps_growth_year": -57.78,
            "eps_4q": 0.62,
            "eps_4q_growth_year": -31,
            "roe": 0.43,
            "roe_4q": 0.71,
            "gross_profit": 87227,
            "gross_margin": 63.37,
            "gross_margin_4q_avg": 58.46,
            "net_income": 6208,
            "net_income_4q": null,
            "revenue": 137648,
            "revenue_4q": null,
            "common_shares": 496889,
            "book_valuer_per_share": 23.72,
            "book_valuer_per_share_4q_avg": 23.51,
            "equity": 1439047,
            "current_ratio": 422.64,
            "debt_ratio": 26.26,
            "inventory_turnover_ratio": 5.45,
            "account_receivable_turnover_ratio": 0.7,
            "reinvestment_rate": 39,
            "research_to_sale_ratio": 9.64,
            "price_fair": 40.6,
            "eps_avg_yearly": 1.16,
            "eps_latest_yearly": 0.76,
            "eps_growth_yearly": 811.66
        },
        "20152": {
            "year_quarter": 20152,
            "year": 2015,
            "quarter": 2,
            "eps": 0.12,
            "eps_growth_year": -53.85,
            "eps_4q": 0.48,
            "eps_4q_growth_year": -55.64,
            "roe": 0.61,
            "roe_4q": 0.6000000000000001,
            "gross_profit": 88042,
            "gross_margin": 52.25,
            "gross_margin_4q_avg": 57.29,
            "net_income": 8655,
            "net_income_4q": null,
            "revenue": 168508,
            "revenue_4q": null,
            "common_shares": 496889,
            "book_valuer_per_share": 23.14,
            "book_valuer_per_share_4q_avg": 23.47,
            "equity": 1413310,
            "current_ratio": 399.87,
            "debt_ratio": 28.35,
            "inventory_turnover_ratio": 5.22,
            "account_receivable_turnover_ratio": 0.86,
            "reinvestment_rate": -47.24,
            "research_to_sale_ratio": 7.74,
            "price_fair": 42.18,
            "eps_avg_yearly": 1.21,
            "eps_latest_yearly": 0.48,
            "eps_growth_yearly": 821.81
        },
        "20153": {
            "year_quarter": 20153,
            "year": 2015,
            "quarter": 3,
            "eps": 0.1,
            "eps_growth_year": -47.37,
            "eps_4q": 0.39,
            "eps_4q_growth_year": -53.45,
            "roe": 0.18,
            "roe_4q": 0.53,
            "gross_profit": 84360,
            "gross_margin": 54.04,
            "gross_margin_4q_avg": 56.27,
            "net_income": 2520,
            "net_income_4q": null,
            "revenue": 156105,
            "revenue_4q": null,
            "common_shares": 496889,
            "book_valuer_per_share": 23.21,
            "book_valuer_per_share_4q_avg": 23.4,
            "equity": 1406831,
            "current_ratio": 487.57,
            "debt_ratio": 26.48,
            "inventory_turnover_ratio": 3.4,
            "account_receivable_turnover_ratio": 0.78,
            "reinvestment_rate": -67.98,
            "research_to_sale_ratio": 7.36,
            "price_fair": 36.4,
            "eps_avg_yearly": 1.04,
            "eps_latest_yearly": 0.4,
            "eps_growth_yearly": 146.81
        },
        "20154": {
            "year_quarter": 20154,
            "year": 2015,
            "quarter": 4,
            "eps": 0.06,
            "eps_growth_year": null,
            "eps_4q": 0.47,
            "eps_4q_growth_year": -46.72,
            "roe": -0.34,
            "roe_4q": 0.8799999999999999,
            "gross_profit": 87574,
            "gross_margin": 54.67,
            "gross_margin_4q_avg": 56.08,
            "net_income": -4818,
            "net_income_4q": null,
            "revenue": 160176,
            "revenue_4q": null,
            "common_shares": 496889,
            "book_valuer_per_share": 23.25,
            "book_valuer_per_share_4q_avg": 23.33,
            "equity": 1397361,
            "current_ratio": 454.64,
            "debt_ratio": 27.05,
            "inventory_turnover_ratio": 2.39,
            "account_receivable_turnover_ratio": 0.81,
            "reinvestment_rate": -100.19,
            "research_to_sale_ratio": 7.32,
            "price_fair": 33.29,
            "eps_avg_yearly": 0.95,
            "eps_latest_yearly": 0.24,
            "eps_growth_yearly": 112.72
        },
        "20161": {
            "year_quarter": 20161,
            "year": 2016,
            "quarter": 1,
            "eps": 0.04,
            "eps_growth_year": -78.95,
            "eps_4q": 0.32,
            "eps_4q_growth_year": -48.32,
            "roe": 0.14,
            "roe_4q": 0.59,
            "gross_profit": 85188,
            "gross_margin": 54.01,
            "gross_margin_4q_avg": 53.74,
            "net_income": 2022,
            "net_income_4q": null,
            "revenue": 157736,
            "revenue_4q": null,
            "common_shares": 496889,
            "book_valuer_per_share": 23.29,
            "book_valuer_per_share_4q_avg": 23.22,
            "equity": 1399392,
            "current_ratio": 510.75,
            "debt_ratio": 26.29,
            "inventory_turnover_ratio": 1.89,
            "account_receivable_turnover_ratio": 0.8,
            "reinvestment_rate": -118.63,
            "research_to_sale_ratio": 5.51,
            "price_fair": 30.52,
            "eps_avg_yearly": 0.87,
            "eps_latest_yearly": 0.16,
            "eps_growth_yearly": 88.12
        },
        "20162": {
            "year_quarter": 20162,
            "year": 2016,
            "quarter": 2,
            "eps": -0.09,
            "eps_growth_year": -175,
            "eps_4q": 0.11,
            "eps_4q_growth_year": -77.2,
            "roe": -0.54,
            "roe_4q": -0.56,
            "gross_profit": 82558,
            "gross_margin": 50.11,
            "gross_margin_4q_avg": 53.21,
            "net_income": -7472,
            "net_income_4q": null,
            "revenue": 164753,
            "revenue_4q": null,
            "common_shares": 496889,
            "book_valuer_per_share": 22.88,
            "book_valuer_per_share_4q_avg": 23.16,
            "equity": 1388917,
            "current_ratio": 467.99,
            "debt_ratio": 26.71,
            "inventory_turnover_ratio": 2.39,
            "account_receivable_turnover_ratio": 0.82,
            "reinvestment_rate": -103.3,
            "research_to_sale_ratio": 5.83,
            "price_fair": 30.52,
            "eps_avg_yearly": 0.87,
            "eps_latest_yearly": 0.16,
            "eps_growth_yearly": 88.12
        },
        "20163": {
            "year_quarter": 20163,
            "year": 2016,
            "quarter": 3,
            "eps": -0.06,
            "eps_growth_year": -160,
            "eps_4q": -0.05,
            "eps_4q_growth_year": -112.11,
            "roe": -0.08,
            "roe_4q": -0.8200000000000001,
            "gross_profit": 87159,
            "gross_margin": 46.05,
            "gross_margin_4q_avg": 51.21,
            "net_income": -1163,
            "net_income_4q": null,
            "revenue": 189254,
            "revenue_4q": null,
            "common_shares": 496889,
            "book_valuer_per_share": 22.81,
            "book_valuer_per_share_4q_avg": 23.06,
            "equity": 1387091,
            "current_ratio": 527.95,
            "debt_ratio": 25.46,
            "inventory_turnover_ratio": 3.91,
            "account_receivable_turnover_ratio": 0.97,
            "reinvestment_rate": -137.61,
            "research_to_sale_ratio": 4.71,
            "price_fair": 30.52,
            "eps_avg_yearly": 0.87,
            "eps_latest_yearly": 0.16,
            "eps_growth_yearly": 88.12
        },
        "20164": {
            "year_quarter": 20164,
            "year": 2016,
            "quarter": 4,
            "eps": -0.08,
            "eps_growth_year": -233.04,
            "eps_4q": -0.19,
            "eps_4q_growth_year": -140.36,
            "roe": -0.69,
            "roe_4q": -1.17,
            "gross_profit": 80831,
            "gross_margin": 48.43,
            "gross_margin_4q_avg": 49.65,
            "net_income": -9495,
            "net_income_4q": null,
            "revenue": 166914,
            "revenue_4q": null,
            "common_shares": 496889,
            "book_valuer_per_share": 22.73,
            "book_valuer_per_share_4q_avg": 22.93,
            "equity": 1377630,
            "current_ratio": 446.37,
            "debt_ratio": 26.43,
            "inventory_turnover_ratio": 3.43,
            "account_receivable_turnover_ratio": 0.87,
            "reinvestment_rate": -166.33,
            "research_to_sale_ratio": 6.26,
            "price_fair": 29.56,
            "eps_avg_yearly": 0.84,
            "eps_latest_yearly": 0.16,
            "eps_growth_yearly": 122.6
        },
        "20171": {
            "year_quarter": 20171,
            "year": 2017,
            "quarter": 1,
            "eps": -0.03,
            "eps_growth_year": -175,
            "eps_4q": -0.26,
            "eps_4q_growth_year": -181.75,
            "roe": 0.28,
            "roe_4q": -1.03,
            "gross_profit": 86906,
            "gross_margin": 51.58,
            "gross_margin_4q_avg": 49.04,
            "net_income": 3857,
            "net_income_4q": null,
            "revenue": 168504,
            "revenue_4q": null,
            "common_shares": 496889,
            "book_valuer_per_share": 22.7,
            "book_valuer_per_share_4q_avg": 22.78,
            "equity": 1381338,
            "current_ratio": 570.25,
            "debt_ratio": 24.68,
            "inventory_turnover_ratio": 3.14,
            "account_receivable_turnover_ratio": 0.87,
            "reinvestment_rate": -278.39,
            "research_to_sale_ratio": 5.05,
            "price_fair": 22.4,
            "eps_avg_yearly": 0.64,
            "eps_latest_yearly": 0.16,
            "eps_growth_yearly": 77.21
        },
        "20172": {
            "year_quarter": 20172,
            "year": 2017,
            "quarter": 2,
            "eps": -0.06,
            "eps_growth_year": null,
            "eps_4q": -0.23,
            "eps_4q_growth_year": -310.76,
            "roe": -0.19,
            "roe_4q": -0.6799999999999998,
            "gross_profit": 78943,
            "gross_margin": 48.05,
            "gross_margin_4q_avg": 48.53,
            "net_income": -2586,
            "net_income_4q": null,
            "revenue": 164303,
            "revenue_4q": null,
            "common_shares": 496889,
            "book_valuer_per_share": 22.57,
            "book_valuer_per_share_4q_avg": 22.7,
            "equity": 1372879,
            "current_ratio": 553.3,
            "debt_ratio": 24.52,
            "inventory_turnover_ratio": 3.08,
            "account_receivable_turnover_ratio": 0.83,
            "reinvestment_rate": -300.3,
            "research_to_sale_ratio": 5.05,
            "price_fair": 24,
            "eps_avg_yearly": 0.69,
            "eps_latest_yearly": 0.16,
            "eps_growth_yearly": 138.01
        },
        "20173": {
            "year_quarter": 20173,
            "year": 2017,
            "quarter": 3,
            "eps": -0.05,
            "eps_growth_year": null,
            "eps_4q": -0.23,
            "eps_4q_growth_year": null,
            "roe": -0.06,
            "roe_4q": -0.6599999999999999,
            "gross_profit": 96294,
            "gross_margin": 55.42,
            "gross_margin_4q_avg": 50.87,
            "net_income": -777,
            "net_income_4q": null,
            "revenue": 173748,
            "revenue_4q": null,
            "common_shares": 496889,
            "book_valuer_per_share": 22.51,
            "book_valuer_per_share_4q_avg": 22.63,
            "equity": 1371214,
            "current_ratio": 513.99,
            "debt_ratio": 24.77,
            "inventory_turnover_ratio": 2.75,
            "account_receivable_turnover_ratio": 0.87,
            "reinvestment_rate": -445.38,
            "research_to_sale_ratio": 5.35,
            "price_fair": 1.54,
            "eps_avg_yearly": 0.51,
            "eps_latest_yearly": 0.16,
            "eps_growth_yearly": -130.66
        },
        "20174": {
            "year_quarter": 20174,
            "year": 2017,
            "quarter": 4,
            "eps": 0.02,
            "eps_growth_year": null,
            "eps_4q": -0.13,
            "eps_4q_growth_year": null,
            "roe": 0.08,
            "roe_4q": 0.11000000000000004,
            "gross_profit": 104060,
            "gross_margin": 54.53,
            "gross_margin_4q_avg": 52.4,
            "net_income": 1164,
            "net_income_4q": null,
            "revenue": 190846,
            "revenue_4q": null,
            "common_shares": 496889,
            "book_valuer_per_share": 22.52,
            "book_valuer_per_share_4q_avg": 22.58,
            "equity": 1371616,
            "current_ratio": 488.72,
            "debt_ratio": 24.84,
            "inventory_turnover_ratio": 3.41,
            "account_receivable_turnover_ratio": 0.91,
            "reinvestment_rate": -214.8,
            "research_to_sale_ratio": 6.61,
            "price_fair": 1.54,
            "eps_avg_yearly": 0.51,
            "eps_latest_yearly": 0.16,
            "eps_growth_yearly": -130.66
        },
        "20181": {
            "year_quarter": 20181,
            "year": 2018,
            "quarter": 1,
            "eps": 0.19,
            "eps_growth_year": null,
            "eps_4q": 0.1,
            "eps_4q_growth_year": null,
            "roe": 1.26,
            "roe_4q": 1.09,
            "gross_profit": 109602,
            "gross_margin": 58.62,
            "gross_margin_4q_avg": 54.16,
            "net_income": 17478,
            "net_income_4q": null,
            "revenue": 186970,
            "revenue_4q": null,
            "common_shares": 496889,
            "book_valuer_per_share": 22.84,
            "book_valuer_per_share_4q_avg": 22.61,
            "equity": 1393467,
            "current_ratio": 618.48,
            "debt_ratio": 22.87,
            "inventory_turnover_ratio": 3.37,
            "account_receivable_turnover_ratio": 0.9,
            "reinvestment_rate": -534.65,
            "research_to_sale_ratio": 5.17,
            "price_fair": 19.2,
            "eps_avg_yearly": 0.55,
            "eps_latest_yearly": 0.76,
            "eps_growth_yearly": 373.72
        },
        "20182": {
            "year_quarter": 20182,
            "year": 2018,
            "quarter": 2,
            "eps": 0.08,
            "eps_growth_year": null,
            "eps_4q": 0.24,
            "eps_4q_growth_year": null,
            "roe": 0.46,
            "roe_4q": 1.74,
            "gross_profit": 105661,
            "gross_margin": 55.81,
            "gross_margin_4q_avg": 56.1,
            "net_income": 6337,
            "net_income_4q": null,
            "revenue": 189328,
            "revenue_4q": null,
            "common_shares": 496889,
            "book_valuer_per_share": 22.87,
            "book_valuer_per_share_4q_avg": 22.69,
            "equity": 1385838,
            "current_ratio": 477.95,
            "debt_ratio": 24.7,
            "inventory_turnover_ratio": 4.16,
            "account_receivable_turnover_ratio": 0.9,
            "reinvestment_rate": -795.56,
            "research_to_sale_ratio": 5.91,
            "price_fair": 15.6,
            "eps_avg_yearly": 0.45,
            "eps_latest_yearly": 0.32,
            "eps_growth_yearly": 364.77
        },
        "20183": {
            "year_quarter": 20183,
            "year": 2018,
            "quarter": 3,
            "eps": 0.08,
            "eps_growth_year": null,
            "eps_4q": 0.37,
            "eps_4q_growth_year": null,
            "roe": 0.31,
            "roe_4q": 2.1100000000000003,
            "gross_profit": 107570,
            "gross_margin": 59.34,
            "gross_margin_4q_avg": 57.08,
            "net_income": 4279,
            "net_income_4q": null,
            "revenue": 181284,
            "revenue_4q": null,
            "common_shares": 496889,
            "book_valuer_per_share": 22.86,
            "book_valuer_per_share_4q_avg": 22.77,
            "equity": 1374823,
            "current_ratio": 492.13,
            "debt_ratio": 24.44,
            "inventory_turnover_ratio": 3.1,
            "account_receivable_turnover_ratio": 0.78,
            "reinvestment_rate": -987.76,
            "research_to_sale_ratio": 6.06,
            "price_fair": 13.4,
            "eps_avg_yearly": 0.38,
            "eps_latest_yearly": 0.32,
            "eps_growth_yearly": 380.15
        },
        "20184": {
            "year_quarter": 20184,
            "year": 2018,
            "quarter": 4,
            "eps": 0.15,
            "eps_growth_year": 662.35,
            "eps_4q": 0.5,
            "eps_4q_growth_year": null,
            "roe": 0.68,
            "roe_4q": 2.71,
            "gross_profit": 120197,
            "gross_margin": 56.42,
            "gross_margin_4q_avg": 57.55,
            "net_income": 9197,
            "net_income_4q": null,
            "revenue": 213025,
            "revenue_4q": null,
            "common_shares": 496269,
            "book_valuer_per_share": 22.94,
            "book_valuer_per_share_4q_avg": 22.88,
            "equity": 1340179,
            "current_ratio": 419.6,
            "debt_ratio": 24.85,
            "inventory_turnover_ratio": 3.02,
            "account_receivable_turnover_ratio": 0.89,
            "reinvestment_rate": -1371.45,
            "research_to_sale_ratio": 5.24,
            "price_fair": 14.35,
            "eps_avg_yearly": 0.41,
            "eps_latest_yearly": 0.6,
            "eps_growth_yearly": 376.38
        },
        "20191": {
            "year_quarter": 20191,
            "year": 2019,
            "quarter": 1,
            "eps": 0.18,
            "eps_growth_year": -5.26,
            "eps_4q": 0.49,
            "eps_4q_growth_year": 414.44,
            "roe": 1.16,
            "roe_4q": 2.61,
            "gross_profit": 106995,
            "gross_margin": 57.45,
            "gross_margin_4q_avg": 57.26,
            "net_income": 15504,
            "net_income_4q": null,
            "revenue": 186240,
            "revenue_4q": null,
            "common_shares": 496269,
            "book_valuer_per_share": 22.97,
            "book_valuer_per_share_4q_avg": 22.91,
            "equity": 1336280,
            "current_ratio": 443.16,
            "debt_ratio": 25.04,
            "inventory_turnover_ratio": 2.27,
            "account_receivable_turnover_ratio": 0.79,
            "reinvestment_rate": -1040.69,
            "research_to_sale_ratio": 4.42,
            "price_fair": 15.56,
            "eps_avg_yearly": 0.44,
            "eps_latest_yearly": 0.72,
            "eps_growth_yearly": 343.45
        },
        "20192": {
            "year_quarter": 20192,
            "year": 2019,
            "quarter": 2,
            "eps": -0.02,
            "eps_growth_year": -125,
            "eps_4q": 0.39,
            "eps_4q_growth_year": 62.97,
            "roe": 0.38,
            "roe_4q": 2.5300000000000002,
            "gross_profit": 112843,
            "gross_margin": 55.21,
            "gross_margin_4q_avg": 57.11,
            "net_income": 5039,
            "net_income_4q": null,
            "revenue": 204381,
            "revenue_4q": null,
            "common_shares": 496269,
            "book_valuer_per_share": 22.52,
            "book_valuer_per_share_4q_avg": 22.82,
            "equity": 1308298,
            "current_ratio": 347.29,
            "debt_ratio": 27.56,
            "inventory_turnover_ratio": 2.67,
            "account_receivable_turnover_ratio": 0.87,
            "reinvestment_rate": -622.95,
            "research_to_sale_ratio": 5.61,
            "price_fair": 15.4,
            "eps_avg_yearly": 0.44,
            "eps_latest_yearly": 0.72,
            "eps_growth_yearly": 404.8
        },
        "20193": {
            "year_quarter": 20193,
            "year": 2019,
            "quarter": 3,
            "eps": 0,
            "eps_growth_year": -100,
            "eps_4q": 0.3,
            "eps_4q_growth_year": -17.67,
            "roe": -0.02,
            "roe_4q": 2.2,
            "gross_profit": 96393,
            "gross_margin": 51.59,
            "gross_margin_4q_avg": 55.17,
            "net_income": -319,
            "net_income_4q": null,
            "revenue": 186862,
            "revenue_4q": null,
            "common_shares": 496269,
            "book_valuer_per_share": 22.52,
            "book_valuer_per_share_4q_avg": 22.74,
            "equity": 1307551,
            "current_ratio": 439.64,
            "debt_ratio": 24.61,
            "inventory_turnover_ratio": 2.7,
            "account_receivable_turnover_ratio": 0.79,
            "reinvestment_rate": -655.38,
            "research_to_sale_ratio": 6.59,
            "price_fair": 15.6,
            "eps_avg_yearly": 0.45,
            "eps_latest_yearly": 0.72,
            "eps_growth_yearly": 472.16
        },
        "20194": {
            "year_quarter": 20194,
            "year": 2019,
            "quarter": 4,
            "eps": -0.01,
            "eps_growth_year": -107.68,
            "eps_4q": 0.14,
            "eps_4q_growth_year": -71.63,
            "roe": 0.05,
            "roe_4q": 1.5699999999999998,
            "gross_profit": 105315,
            "gross_margin": 53.17,
            "gross_margin_4q_avg": 54.36,
            "net_income": 602,
            "net_income_4q": null,
            "revenue": 198075,
            "revenue_4q": null,
            "common_shares": 496269,
            "book_valuer_per_share": 22.49,
            "book_valuer_per_share_4q_avg": 22.63,
            "equity": 1307254,
            "current_ratio": 394.59,
            "debt_ratio": 25.77,
            "inventory_turnover_ratio": 2.6,
            "account_receivable_turnover_ratio": 0.87,
            "reinvestment_rate": -511.73,
            "research_to_sale_ratio": 7.46,
            "price_fair": 16.8,
            "eps_avg_yearly": 0.48,
            "eps_latest_yearly": 0.72,
            "eps_growth_yearly": 577.51
        },
        "20201": {
            "year_quarter": 20201,
            "year": 2020,
            "quarter": 1,
            "eps": 0.11,
            "eps_growth_year": -38.89,
            "eps_4q": 0.07,
            "eps_4q_growth_year": -85.82,
            "roe": 0.41,
            "roe_4q": 0.82,
            "gross_profit": 105820,
            "gross_margin": 54.29,
            "gross_margin_4q_avg": 53.57,
            "net_income": 5409,
            "net_income_4q": null,
            "revenue": 194910,
            "revenue_4q": null,
            "common_shares": 496269,
            "book_valuer_per_share": 22.59,
            "book_valuer_per_share_4q_avg": 22.53,
            "equity": 1311246,
            "current_ratio": 452.58,
            "debt_ratio": 24.55,
            "inventory_turnover_ratio": 2.33,
            "account_receivable_turnover_ratio": 0.91,
            "reinvestment_rate": -393.11,
            "research_to_sale_ratio": 6.02,
            "price_fair": 19.04,
            "eps_avg_yearly": 0.54,
            "eps_latest_yearly": 0.72,
            "eps_growth_yearly": 719.68
        },
        "20202": {
            "year_quarter": 20202,
            "year": 2020,
            "quarter": 2,
            "eps": 0,
            "eps_growth_year": null,
            "eps_4q": 0.09,
            "eps_4q_growth_year": -76.58,
            "roe": -0.14,
            "roe_4q": 0.29999999999999993,
            "gross_profit": 91838,
            "gross_margin": 50.17,
            "gross_margin_4q_avg": 52.31,
            "net_income": -1804,
            "net_income_4q": null,
            "revenue": 183040,
            "revenue_4q": null,
            "common_shares": 496269,
            "book_valuer_per_share": 22.45,
            "book_valuer_per_share_4q_avg": 22.51,
            "equity": 1290712,
            "current_ratio": 402.58,
            "debt_ratio": 25.57,
            "inventory_turnover_ratio": 2.42,
            "account_receivable_turnover_ratio": 0.86,
            "reinvestment_rate": -288.13,
            "research_to_sale_ratio": 8.05,
            "price_fair": 19.04,
            "eps_avg_yearly": 0.54,
            "eps_latest_yearly": 0.72,
            "eps_growth_yearly": 719.68
        },
        "20203": {
            "year_quarter": 20203,
            "year": 2020,
            "quarter": 3,
            "eps": 0.03,
            "eps_growth_year": null,
            "eps_4q": 0.13,
            "eps_4q_growth_year": -57.74,
            "roe": -0.14,
            "roe_4q": 0.17999999999999994,
            "gross_profit": 103864,
            "gross_margin": 49.39,
            "gross_margin_4q_avg": 51.76,
            "net_income": -1784,
            "net_income_4q": null,
            "revenue": 210281,
            "revenue_4q": null,
            "common_shares": 496269,
            "book_valuer_per_share": 22.45,
            "book_valuer_per_share_4q_avg": 22.5,
            "equity": 1286039,
            "current_ratio": 386.65,
            "debt_ratio": 25.7,
            "inventory_turnover_ratio": 3.02,
            "account_receivable_turnover_ratio": 0.96,
            "reinvestment_rate": -164.48,
            "research_to_sale_ratio": 6.34,
            "price_fair": 19.04,
            "eps_avg_yearly": 0.54,
            "eps_latest_yearly": 0.72,
            "eps_growth_yearly": 719.68
        },
        "20204": {
            "year_quarter": 20204,
            "year": 2020,
            "quarter": 4,
            "eps": 0.13,
            "eps_growth_year": null,
            "eps_4q": 0.27,
            "eps_4q_growth_year": 86.62,
            "roe": -0.04,
            "roe_4q": 0.08999999999999991,
            "gross_profit": 110437,
            "gross_margin": 50.58,
            "gross_margin_4q_avg": 51.11,
            "net_income": -576,
            "net_income_4q": null,
            "revenue": 218344,
            "revenue_4q": null,
            "common_shares": 496269,
            "book_valuer_per_share": 22.6,
            "book_valuer_per_share_4q_avg": 22.52,
            "equity": 1289164,
            "current_ratio": 339.8,
            "debt_ratio": 25.68,
            "inventory_turnover_ratio": 3.12,
            "account_receivable_turnover_ratio": 0.97,
            "reinvestment_rate": -129.88,
            "research_to_sale_ratio": 5.79,
            "price_fair": 18.9,
            "eps_avg_yearly": 0.54,
            "eps_latest_yearly": 0.52,
            "eps_growth_yearly": 821.96
        },
        "20211": {
            "year_quarter": 20211,
            "year": 2021,
            "quarter": 1,
            "eps": 0.25,
            "eps_growth_year": 127.27,
            "eps_4q": 0.41,
            "eps_4q_growth_year": 480.19,
            "roe": 0.89,
            "roe_4q": 0.57,
            "gross_profit": 125874,
            "gross_margin": 54.7,
            "gross_margin_4q_avg": 51.21,
            "net_income": 11553,
            "net_income_4q": null,
            "revenue": 230125,
            "revenue_4q": null,
            "common_shares": 496269,
            "book_valuer_per_share": 22.8,
            "book_valuer_per_share_4q_avg": 22.58,
            "equity": 1294994,
            "current_ratio": 368.74,
            "debt_ratio": 25.25,
            "inventory_turnover_ratio": 3.04,
            "account_receivable_turnover_ratio": 0.95,
            "reinvestment_rate": -87.7,
            "research_to_sale_ratio": 6.21,
            "price_fair": 21.2,
            "eps_avg_yearly": 0.61,
            "eps_latest_yearly": 1,
            "eps_growth_yearly": 757.28
        },
        "20212": {
            "year_quarter": 20212,
            "year": 2021,
            "quarter": 2,
            "eps": 0.25,
            "eps_growth_year": null,
            "eps_4q": 0.66,
            "eps_4q_growth_year": 629.11,
            "roe": 1.28,
            "roe_4q": 1.9899999999999998,
            "gross_profit": 135725,
            "gross_margin": 55.32,
            "gross_margin_4q_avg": 52.5,
            "net_income": 16710,
            "net_income_4q": null,
            "revenue": 245363,
            "revenue_4q": null,
            "common_shares": 496269,
            "book_valuer_per_share": 23.04,
            "book_valuer_per_share_4q_avg": 22.72,
            "equity": 1310572,
            "current_ratio": 346.34,
            "debt_ratio": 25.67,
            "inventory_turnover_ratio": 3.85,
            "account_receivable_turnover_ratio": 0.87,
            "reinvestment_rate": -63.67,
            "research_to_sale_ratio": 8.37,
            "price_fair": 22.93,
            "eps_avg_yearly": 0.66,
            "eps_latest_yearly": 1,
            "eps_growth_yearly": 662.62
        },
        "20213": {
            "year_quarter": 20213,
            "year": 2021,
            "quarter": 3,
            "eps": 0.11,
            "eps_growth_year": 266.67,
            "eps_4q": 0.74,
            "eps_4q_growth_year": 477.19,
            "roe": 0.61,
            "roe_4q": 2.74,
            "gross_profit": 121351,
            "gross_margin": 53.51,
            "gross_margin_4q_avg": 53.53,
            "net_income": 7989,
            "net_income_4q": null,
            "revenue": 226786,
            "revenue_4q": null,
            "common_shares": 496269,
            "book_valuer_per_share": 22.97,
            "book_valuer_per_share_4q_avg": 22.85,
            "equity": 1309757,
            "current_ratio": 324.13,
            "debt_ratio": 26.22,
            "inventory_turnover_ratio": 1.83,
            "account_receivable_turnover_ratio": 0.75,
            "reinvestment_rate": -56.11,
            "research_to_sale_ratio": 10.62,
            "price_fair": 22.09,
            "eps_avg_yearly": 0.63,
            "eps_latest_yearly": 0.44,
            "eps_growth_yearly": 564.11
        },
        "20214": {
            "year_quarter": 20214,
            "year": 2021,
            "quarter": 4,
            "eps": -0.05,
            "eps_growth_year": -139.28,
            "eps_4q": 0.56,
            "eps_4q_growth_year": 108.54,
            "roe": -0.28,
            "roe_4q": 2.5,
            "gross_profit": 120121,
            "gross_margin": 54.81,
            "gross_margin_4q_avg": 54.59,
            "net_income": -3610,
            "net_income_4q": null,
            "revenue": 219146,
            "revenue_4q": null,
            "common_shares": 496269,
            "book_valuer_per_share": 22.98,
            "book_valuer_per_share_4q_avg": 22.95,
            "equity": 1315654,
            "current_ratio": 335.67,
            "debt_ratio": 26.25,
            "inventory_turnover_ratio": 1.16,
            "account_receivable_turnover_ratio": 0.69,
            "reinvestment_rate": -46.02,
            "research_to_sale_ratio": 12.15,
            "price_fair": 22.09,
            "eps_avg_yearly": 0.63,
            "eps_latest_yearly": 0.44,
            "eps_growth_yearly": 564.11
        },
        "20221": {
            "year_quarter": 20221,
            "year": 2022,
            "quarter": 1,
            "eps": 0.1,
            "eps_growth_year": -60,
            "eps_4q": 0.41,
            "eps_4q_growth_year": 0.36,
            "roe": 0.96,
            "roe_4q": 2.5700000000000003,
            "gross_profit": 123985,
            "gross_margin": 53.97,
            "gross_margin_4q_avg": 54.4,
            "net_income": 12710,
            "net_income_4q": null,
            "revenue": 229737,
            "revenue_4q": null,
            "common_shares": 496269,
            "book_valuer_per_share": 23.07,
            "book_valuer_per_share_4q_avg": 23.02,
            "equity": 1327175,
            "current_ratio": 302.37,
            "debt_ratio": 26.12,
            "inventory_turnover_ratio": 1.47,
            "account_receivable_turnover_ratio": 0.86,
            "reinvestment_rate": -41.98,
            "research_to_sale_ratio": 9.05,
            "price_fair": 21.53,
            "eps_avg_yearly": 0.62,
            "eps_latest_yearly": 0.44,
            "eps_growth_yearly": 209.62
        },
        "20222": {
            "year_quarter": 20222,
            "year": 2022,
            "quarter": 2,
            "eps": 0.15,
            "eps_growth_year": -40,
            "eps_4q": 0.31,
            "eps_4q_growth_year": -52.63,
            "roe": 0.6,
            "roe_4q": 1.8900000000000001,
            "gross_profit": 125453,
            "gross_margin": 51.78,
            "gross_margin_4q_avg": 53.52,
            "net_income": 7842,
            "net_income_4q": null,
            "revenue": 242282,
            "revenue_4q": null,
            "common_shares": 496269,
            "book_valuer_per_share": 22.49,
            "book_valuer_per_share_4q_avg": 22.88,
            "equity": 1277773,
            "current_ratio": 256.06,
            "debt_ratio": 28.71,
            "inventory_turnover_ratio": 1.68,
            "account_receivable_turnover_ratio": 1.16,
            "reinvestment_rate": -47.91,
            "research_to_sale_ratio": 9.28,
            "price_fair": 22.75,
            "eps_avg_yearly": 0.65,
            "eps_latest_yearly": 0.6,
            "eps_growth_yearly": 263.57
        },
        "20223": {
            "year_quarter": 20223,
            "year": 2022,
            "quarter": 3,
            "eps": 0.34,
            "eps_growth_year": 209.09,
            "eps_4q": 0.53,
            "eps_4q_growth_year": -27.84,
            "roe": 1.62,
            "roe_4q": 2.9000000000000004,
            "gross_profit": 144735,
            "gross_margin": 58.76,
            "gross_margin_4q_avg": 54.83,
            "net_income": 20879,
            "net_income_4q": null,
            "revenue": 246296,
            "revenue_4q": null,
            "common_shares": 496269,
            "book_valuer_per_share": 22.82,
            "book_valuer_per_share_4q_avg": 22.84,
            "equity": 1294213,
            "current_ratio": 278.69,
            "debt_ratio": 27.44,
            "inventory_turnover_ratio": 1.36,
            "account_receivable_turnover_ratio": 1.17,
            "reinvestment_rate": -41.69,
            "research_to_sale_ratio": 8.6,
            "price_fair": 27.3,
            "eps_avg_yearly": 0.78,
            "eps_latest_yearly": 1.36,
            "eps_growth_yearly": 326.9
        },
        "20224": {
            "year_quarter": 20224,
            "year": 2022,
            "quarter": 4,
            "eps": 0.22,
            "eps_growth_year": null,
            "eps_4q": 0.81,
            "eps_4q_growth_year": 45.04,
            "roe": 0.93,
            "roe_4q": 4.11,
            "gross_profit": 148046,
            "gross_margin": 56.49,
            "gross_margin_4q_avg": 55.25,
            "net_income": 12160,
            "net_income_4q": null,
            "revenue": 262062,
            "revenue_4q": null,
            "common_shares": 496269,
            "book_valuer_per_share": 23.03,
            "book_valuer_per_share_4q_avg": 22.85,
            "equity": 1324725,
            "current_ratio": 272.99,
            "debt_ratio": 27.95,
            "inventory_turnover_ratio": 1.88,
            "account_receivable_turnover_ratio": 1.19,
            "reinvestment_rate": -29.29,
            "research_to_sale_ratio": 9.86,
            "price_fair": 28.53,
            "eps_avg_yearly": 0.82,
            "eps_latest_yearly": 0.88,
            "eps_growth_yearly": 265.51
        },
        "20231": {
            "year_quarter": 20231,
            "year": 2023,
            "quarter": 1,
            "eps": 0.49,
            "eps_growth_year": 390,
            "eps_4q": 1.2,
            "eps_4q_growth_year": 194.85,
            "roe": 1.98,
            "roe_4q": 5.13,
            "gross_profit": 145791,
            "gross_margin": 56.58,
            "gross_margin_4q_avg": 55.9,
            "net_income": 26087,
            "net_income_4q": null,
            "revenue": 257661,
            "revenue_4q": null,
            "common_shares": 496269,
            "book_valuer_per_share": 22.79,
            "book_valuer_per_share_4q_avg": 22.78,
            "equity": 1316638,
            "current_ratio": 276.92,
            "debt_ratio": 28.59,
            "inventory_turnover_ratio": 2.31,
            "account_receivable_turnover_ratio": 1.12,
            "reinvestment_rate": -29.82,
            "research_to_sale_ratio": 9.24,
            "price_fair": 33.95,
            "eps_avg_yearly": 0.97,
            "eps_latest_yearly": 1.96,
            "eps_growth_yearly": 316.87
        },
        "20232": {
            "year_quarter": 20232,
            "year": 2023,
            "quarter": 2,
            "eps": 0.67,
            "eps_growth_year": 346.67,
            "eps_4q": 1.72,
            "eps_4q_growth_year": 449.08,
            "roe": 2.65,
            "roe_4q": 7.18,
            "gross_profit": 176366,
            "gross_margin": 59.62,
            "gross_margin_4q_avg": 57.86,
            "net_income": 35364,
            "net_income_4q": null,
            "revenue": 295827,
            "revenue_4q": null,
            "common_shares": 496269,
            "book_valuer_per_share": 23.52,
            "book_valuer_per_share_4q_avg": 23.04,
            "equity": 1349605,
            "current_ratio": 253.02,
            "debt_ratio": 30.29,
            "inventory_turnover_ratio": 2.41,
            "account_receivable_turnover_ratio": 1.22,
            "reinvestment_rate": -22.45,
            "research_to_sale_ratio": 8.56,
            "price_fair": 40.6,
            "eps_avg_yearly": 1.16,
            "eps_latest_yearly": 2.68,
            "eps_growth_yearly": 297.99
        },
        "20233": {
            "year_quarter": 20233,
            "year": 2023,
            "quarter": 3,
            "eps": 0.4,
            "eps_growth_year": 17.65,
            "eps_4q": 1.78,
            "eps_4q_growth_year": 232.76,
            "roe": 1,
            "roe_4q": 6.56,
            "gross_profit": 162874,
            "gross_margin": 56.31,
            "gross_margin_4q_avg": 57.25,
            "net_income": 14127,
            "net_income_4q": null,
            "revenue": 289252,
            "revenue_4q": null,
            "common_shares": 496269,
            "book_valuer_per_share": 23.98,
            "book_valuer_per_share_4q_avg": 23.33,
            "equity": 1469819,
            "current_ratio": 309.58,
            "debt_ratio": 27.78,
            "inventory_turnover_ratio": 2.51,
            "account_receivable_turnover_ratio": 1.03,
            "reinvestment_rate": -15.16,
            "research_to_sale_ratio": 12.55,
            "price_fair": 42.14,
            "eps_avg_yearly": 1.2,
            "eps_latest_yearly": 1.6,
            "eps_growth_yearly": 252.07
        }
    },
    "months": {
        "2004-09": {
            "month": "2004-09",
            "price": "15.24",
            "revenue": 17231
        },
        "2004-10": {
            "month": "2004-10",
            "price": "15.85",
            "revenue": 20369
        },
        "2004-11": {
            "month": "2004-11",
            "price": "16.70",
            "revenue": 17732
        },
        "2004-12": {
            "month": "2004-12",
            "price": "17.00",
            "revenue": 15625
        },
        "2005-01": {
            "month": "2005-01",
            "price": "18.00",
            "revenue": 19095
        },
        "2005-02": {
            "month": "2005-02",
            "price": "19.64",
            "revenue": 14182
        },
        "2005-03": {
            "month": "2005-03",
            "price": "20.94",
            "revenue": 19129
        },
        "2005-04": {
            "month": "2005-04",
            "price": "20.50",
            "revenue": 19240
        },
        "2005-05": {
            "month": "2005-05",
            "price": "21.00",
            "revenue": 20929
        },
        "2005-07": {
            "month": "2005-07",
            "price": "19.85",
            "revenue": 20293
        },
        "2005-08": {
            "month": "2005-08",
            "price": "20.55",
            "revenue": 22835
        },
        "2005-09": {
            "month": "2005-09",
            "price": "19.67",
            "revenue": 22929
        },
        "2005-10": {
            "month": "2005-10",
            "price": "19.49",
            "revenue": 24698
        },
        "2005-11": {
            "month": "2005-11",
            "price": "20.05",
            "revenue": 26364
        },
        "2005-12": {
            "month": "2005-12",
            "price": "19.49",
            "revenue": 28094
        },
        "2006-01": {
            "month": "2006-01",
            "price": "19.36",
            "revenue": 24335
        },
        "2006-02": {
            "month": "2006-02",
            "price": "18.62",
            "revenue": 21314
        },
        "2006-03": {
            "month": "2006-03",
            "price": "19.35",
            "revenue": 26439
        },
        "2006-04": {
            "month": "2006-04",
            "price": "19.77",
            "revenue": 22912
        },
        "2006-05": {
            "month": "2006-05",
            "price": "19.59",
            "revenue": 20214
        },
        "2006-06": {
            "month": "2006-06",
            "price": "19.15",
            "revenue": 24602
        },
        "2006-07": {
            "month": "2006-07",
            "price": "19.91",
            "revenue": 29128
        },
        "2006-08": {
            "month": "2006-08",
            "price": "19.52",
            "revenue": 30774
        },
        "2006-09": {
            "month": "2006-09",
            "price": "19.66",
            "revenue": 29117
        },
        "2006-10": {
            "month": "2006-10",
            "price": "19.96",
            "revenue": 30940
        },
        "2006-11": {
            "month": "2006-11",
            "price": "20.50",
            "revenue": 29195
        },
        "2006-12": {
            "month": "2006-12",
            "price": "25.82",
            "revenue": 27414
        },
        "2007-01": {
            "month": "2007-01",
            "price": "28.14",
            "revenue": 32082
        },
        "2007-02": {
            "month": "2007-02",
            "price": "27.77",
            "revenue": 24346
        },
        "2007-03": {
            "month": "2007-03",
            "price": "27.09",
            "revenue": 29706
        },
        "2007-04": {
            "month": "2007-04",
            "price": "31.04",
            "revenue": 29689
        },
        "2007-05": {
            "month": "2007-05",
            "price": "37.41",
            "revenue": 33296
        },
        "2007-06": {
            "month": "2007-06",
            "price": "65.05",
            "revenue": 28211
        },
        "2007-07": {
            "month": "2007-07",
            "price": "176.75",
            "revenue": 38215
        },
        "2007-08": {
            "month": "2007-08",
            "price": "105.35",
            "revenue": 38157
        },
        "2007-09": {
            "month": "2007-09",
            "price": "105.16",
            "revenue": 38403
        },
        "2007-10": {
            "month": "2007-10",
            "price": "102.52",
            "revenue": 42828
        },
        "2007-11": {
            "month": "2007-11",
            "price": "76.75",
            "revenue": 47125
        },
        "2007-12": {
            "month": "2007-12",
            "price": "65.17",
            "revenue": 47717
        },
        "2008-01": {
            "month": "2008-01",
            "price": "59.46",
            "revenue": 44230
        },
        "2008-02": {
            "month": "2008-02",
            "price": "55.78",
            "revenue": 41005
        },
        "2008-03": {
            "month": "2008-03",
            "price": "70.58",
            "revenue": 38734
        },
        "2008-04": {
            "month": "2008-04",
            "price": "78.95",
            "revenue": 43731
        },
        "2008-05": {
            "month": "2008-05",
            "price": "82.48",
            "revenue": 43350
        },
        "2008-06": {
            "month": "2008-06",
            "price": "67.95",
            "revenue": 41839
        },
        "2008-07": {
            "month": "2008-07",
            "price": "66.18",
            "revenue": 47281
        },
        "2008-08": {
            "month": "2008-08",
            "price": "64.98",
            "revenue": 42038
        },
        "2008-09": {
            "month": "2008-09",
            "price": "46.42",
            "revenue": 42089
        },
        "2008-10": {
            "month": "2008-10",
            "price": "38.15",
            "revenue": 43392
        },
        "2008-11": {
            "month": "2008-11",
            "price": "34.76",
            "revenue": 47891
        },
        "2008-12": {
            "month": "2008-12",
            "price": "33.20",
            "revenue": 43303
        },
        "2009-01": {
            "month": "2009-01",
            "price": "34.96",
            "revenue": 36160
        },
        "2009-02": {
            "month": "2009-02",
            "price": "34.23",
            "revenue": 42646
        },
        "2009-03": {
            "month": "2009-03",
            "price": "53.77",
            "revenue": 53469
        },
        "2009-04": {
            "month": "2009-04",
            "price": "78.25",
            "revenue": 51399
        },
        "2009-05": {
            "month": "2009-05",
            "price": "76.29",
            "revenue": 54223
        },
        "2009-06": {
            "month": "2009-06",
            "price": "72.70",
            "revenue": 47314
        },
        "2009-07": {
            "month": "2009-07",
            "price": "79.87",
            "revenue": 52584
        },
        "2009-08": {
            "month": "2009-08",
            "price": "72.04",
            "revenue": 52014
        },
        "2009-09": {
            "month": "2009-09",
            "price": "71.40",
            "revenue": 51336
        },
        "2009-10": {
            "month": "2009-10",
            "price": "72.40",
            "revenue": 49530
        },
        "2009-11": {
            "month": "2009-11",
            "price": "71.01",
            "revenue": 44625
        },
        "2009-12": {
            "month": "2009-12",
            "price": "75.93",
            "revenue": 40832
        },
        "2010-01": {
            "month": "2010-01",
            "price": "70.24",
            "revenue": 37781
        },
        "2010-02": {
            "month": "2010-02",
            "price": "59.19",
            "revenue": 32374
        },
        "2010-03": {
            "month": "2010-03",
            "price": "63.83",
            "revenue": 32791
        },
        "2010-04": {
            "month": "2010-04",
            "price": "65.44",
            "revenue": 35440
        },
        "2010-05": {
            "month": "2010-05",
            "price": "58.00",
            "revenue": 38828
        },
        "2010-06": {
            "month": "2010-06",
            "price": "50.46",
            "revenue": 39982
        },
        "2010-07": {
            "month": "2010-07",
            "price": "52.75",
            "revenue": 37132
        },
        "2010-08": {
            "month": "2010-08",
            "price": "56.56",
            "revenue": 40503
        },
        "2010-09": {
            "month": "2010-09",
            "price": "52.23",
            "revenue": 43501
        },
        "2010-10": {
            "month": "2010-10",
            "price": "51.63",
            "revenue": 42034
        },
        "2010-11": {
            "month": "2010-11",
            "price": "53.26",
            "revenue": 44452
        },
        "2010-12": {
            "month": "2010-12",
            "price": "69.90",
            "revenue": 43558
        },
        "2011-01": {
            "month": "2011-01",
            "price": "60.93",
            "revenue": 41576
        },
        "2011-02": {
            "month": "2011-02",
            "price": "57.90",
            "revenue": 39759
        },
        "2011-03": {
            "month": "2011-03",
            "price": "55.24",
            "revenue": 44622
        },
        "2011-04": {
            "month": "2011-04",
            "price": "57.00",
            "revenue": 47063
        },
        "2011-05": {
            "month": "2011-05",
            "price": "57.40",
            "revenue": 46609
        },
        "2011-06": {
            "month": "2011-06",
            "price": "51.58",
            "revenue": 44979
        },
        "2011-07": {
            "month": "2011-07",
            "price": "51.66",
            "revenue": 45213
        },
        "2011-08": {
            "month": "2011-08",
            "price": "43.82",
            "revenue": 46858
        },
        "2011-09": {
            "month": "2011-09",
            "price": "36.36",
            "revenue": 41715
        },
        "2011-10": {
            "month": "2011-10",
            "price": "34.00",
            "revenue": 45488
        },
        "2011-11": {
            "month": "2011-11",
            "price": "37.39",
            "revenue": 39245
        },
        "2011-12": {
            "month": "2011-12",
            "price": "35.06",
            "revenue": 45487
        },
        "2012-01": {
            "month": "2012-01",
            "price": "39.13",
            "revenue": 44893
        },
        "2012-02": {
            "month": "2012-02",
            "price": "44.28",
            "revenue": 48539
        },
        "2012-03": {
            "month": "2012-03",
            "price": "41.84",
            "revenue": 51677
        },
        "2012-04": {
            "month": "2012-04",
            "price": "37.63",
            "revenue": 54116
        },
        "2012-05": {
            "month": "2012-05",
            "price": "38.75",
            "revenue": 50507
        },
        "2012-06": {
            "month": "2012-06",
            "price": "39.06",
            "revenue": 49855
        },
        "2012-07": {
            "month": "2012-07",
            "price": "46.55",
            "revenue": 52128
        },
        "2012-08": {
            "month": "2012-08",
            "price": "47.09",
            "revenue": 50610
        },
        "2012-09": {
            "month": "2012-09",
            "price": "45.49",
            "revenue": 50273
        },
        "2012-10": {
            "month": "2012-10",
            "price": "42.43",
            "revenue": 47577
        },
        "2012-11": {
            "month": "2012-11",
            "price": "35.50",
            "revenue": 51590
        },
        "2012-12": {
            "month": "2012-12",
            "price": "39.60",
            "revenue": 48633
        },
        "2013-01": {
            "month": "2013-01",
            "price": "39.75",
            "revenue": 65427
        },
        "2013-02": {
            "month": "2013-02",
            "price": "40.67",
            "revenue": 53256
        },
        "2013-03": {
            "month": "2013-03",
            "price": "40.90",
            "revenue": 53046
        },
        "2013-04": {
            "month": "2013-04",
            "price": "39.94",
            "revenue": 56257
        },
        "2013-05": {
            "month": "2013-05",
            "price": "38.85",
            "revenue": 58461
        },
        "2013-06": {
            "month": "2013-06",
            "price": "47.83",
            "revenue": 64174
        },
        "2013-07": {
            "month": "2013-07",
            "price": "51.83",
            "revenue": 61195
        },
        "2013-08": {
            "month": "2013-08",
            "price": "47.43",
            "revenue": 61796
        },
        "2013-09": {
            "month": "2013-09",
            "price": "46.55",
            "revenue": 55101
        },
        "2013-10": {
            "month": "2013-10",
            "price": "47.06",
            "revenue": 58410
        },
        "2013-11": {
            "month": "2013-11",
            "price": "44.44",
            "revenue": 60825
        },
        "2013-12": {
            "month": "2013-12",
            "price": "44.93",
            "revenue": 51948
        },
        "2014-01": {
            "month": "2014-01",
            "price": "45.29",
            "revenue": 48672
        },
        "2014-02": {
            "month": "2014-02",
            "price": "45.89",
            "revenue": 39333
        },
        "2014-03": {
            "month": "2014-03",
            "price": "50.56",
            "revenue": 56750
        },
        "2014-04": {
            "month": "2014-04",
            "price": "49.09",
            "revenue": 55945
        },
        "2014-05": {
            "month": "2014-05",
            "price": "45.98",
            "revenue": 58987
        },
        "2014-06": {
            "month": "2014-06",
            "price": "48.22",
            "revenue": 54293
        },
        "2014-07": {
            "month": "2014-07",
            "price": "51.07",
            "revenue": 53574
        },
        "2014-08": {
            "month": "2014-08",
            "price": "45.47",
            "revenue": 53741
        },
        "2014-09": {
            "month": "2014-09",
            "price": "43.41",
            "revenue": 48624
        },
        "2014-10": {
            "month": "2014-10",
            "price": "40.39",
            "revenue": 56491
        },
        "2014-11": {
            "month": "2014-11",
            "price": "38.94",
            "revenue": 48279
        },
        "2014-12": {
            "month": "2014-12",
            "price": "40.13",
            "revenue": 57408
        },
        "2015-01": {
            "month": "2015-01",
            "price": "38.98",
            "revenue": 47476
        },
        "2015-02": {
            "month": "2015-02",
            "price": "38.32",
            "revenue": 42522
        },
        "2015-03": {
            "month": "2015-03",
            "price": "42.85",
            "revenue": 54406
        },
        "2015-04": {
            "month": "2015-04",
            "price": "43.42",
            "revenue": 51947
        },
        "2015-05": {
            "month": "2015-05",
            "price": "38.07",
            "revenue": 62455
        },
        "2015-06": {
            "month": "2015-06",
            "price": "34.55",
            "revenue": 54881
        },
        "2015-07": {
            "month": "2015-07",
            "price": "34.07",
            "revenue": 50458
        },
        "2015-08": {
            "month": "2015-08",
            "price": "25.65",
            "revenue": 50827
        },
        "2015-09": {
            "month": "2015-09",
            "price": "27.06",
            "revenue": 54328
        },
        "2015-10": {
            "month": "2015-10",
            "price": "30.94",
            "revenue": 58641
        },
        "2015-11": {
            "month": "2015-11",
            "price": "36.40",
            "revenue": 53424
        },
        "2015-12": {
            "month": "2015-12",
            "price": "35.72",
            "revenue": 50793
        },
        "2016-01": {
            "month": "2016-01",
            "price": "32.33",
            "revenue": 51272
        },
        "2016-02": {
            "month": "2016-02",
            "price": "32.49",
            "revenue": 46043
        },
        "2016-03": {
            "month": "2016-03",
            "price": "32.88",
            "revenue": 67823
        },
        "2016-04": {
            "month": "2016-04",
            "price": "30.25",
            "revenue": 54031
        },
        "2016-05": {
            "month": "2016-05",
            "price": "28.29",
            "revenue": 58030
        },
        "2016-06": {
            "month": "2016-06",
            "price": "28.50",
            "revenue": 45290
        },
        "2016-07": {
            "month": "2016-07",
            "price": "32.29",
            "revenue": 59072
        },
        "2016-08": {
            "month": "2016-08",
            "price": "30.56",
            "revenue": 81012
        },
        "2016-09": {
            "month": "2016-09",
            "price": "31.16",
            "revenue": 49491
        },
        "2016-10": {
            "month": "2016-10",
            "price": "31.26",
            "revenue": 53034
        },
        "2016-11": {
            "month": "2016-11",
            "price": "29.79",
            "revenue": 53663
        },
        "2016-12": {
            "month": "2016-12",
            "price": "29.79",
            "revenue": 60224
        },
        "2017-01": {
            "month": "2017-01",
            "price": "29.80",
            "revenue": 59457
        },
        "2017-02": {
            "month": "2017-02",
            "price": "30.31",
            "revenue": 45886
        },
        "2017-03": {
            "month": "2017-03",
            "price": "29.98",
            "revenue": 63165
        },
        "2017-04": {
            "month": "2017-04",
            "price": "27.66",
            "revenue": 51294
        },
        "2017-05": {
            "month": "2017-05",
            "price": "27.17",
            "revenue": 53535
        },
        "2017-06": {
            "month": "2017-06",
            "price": "28.01",
            "revenue": 59491
        },
        "2017-07": {
            "month": "2017-07",
            "price": "28.85",
            "revenue": 53363
        },
        "2017-08": {
            "month": "2017-08",
            "price": "28.18",
            "revenue": 67157
        },
        "2017-09": {
            "month": "2017-09",
            "price": "28.64",
            "revenue": 53256
        },
        "2017-10": {
            "month": "2017-10",
            "price": "28.23",
            "revenue": 70906
        },
        "2017-11": {
            "month": "2017-11",
            "price": "27.88",
            "revenue": 57659
        },
        "2017-12": {
            "month": "2017-12",
            "price": "26.57",
            "revenue": 62242
        },
        "2018-01": {
            "month": "2018-01",
            "price": "27.20",
            "revenue": 66840
        },
        "2018-02": {
            "month": "2018-02",
            "price": "25.93",
            "revenue": 55702
        },
        "2018-03": {
            "month": "2018-03",
            "price": "26.75",
            "revenue": 64430
        },
        "2018-04": {
            "month": "2018-04",
            "price": "26.87",
            "revenue": 57489
        },
        "2018-05": {
            "month": "2018-05",
            "price": "26.13",
            "revenue": 68365
        },
        "2018-06": {
            "month": "2018-06",
            "price": "26.89",
            "revenue": 63463
        },
        "2018-07": {
            "month": "2018-07",
            "price": "26.66",
            "revenue": 59641
        },
        "2018-08": {
            "month": "2018-08",
            "price": "26.57",
            "revenue": 65169
        },
        "2018-09": {
            "month": "2018-09",
            "price": "30.87",
            "revenue": 56292
        },
        "2018-10": {
            "month": "2018-10",
            "price": "25.72",
            "revenue": 75825
        },
        "2018-11": {
            "month": "2018-11",
            "price": "24.53",
            "revenue": 67412
        },
        "2018-12": {
            "month": "2018-12",
            "price": "26.23",
            "revenue": 75565
        },
        "2019-01": {
            "month": "2019-01",
            "price": "32.29",
            "revenue": 71929
        },
        "2019-02": {
            "month": "2019-02",
            "price": "37.14",
            "revenue": 50864
        },
        "2019-03": {
            "month": "2019-03",
            "price": "36.24",
            "revenue": 63079
        },
        "2019-04": {
            "month": "2019-04",
            "price": "37.41",
            "revenue": 67033
        },
        "2019-05": {
            "month": "2019-05",
            "price": "37.17",
            "revenue": 74597
        },
        "2019-06": {
            "month": "2019-06",
            "price": "38.58",
            "revenue": 60640
        },
        "2019-07": {
            "month": "2019-07",
            "price": "48.43",
            "revenue": 68963
        },
        "2019-08": {
            "month": "2019-08",
            "price": "43.91",
            "revenue": 62175
        },
        "2019-09": {
            "month": "2019-09",
            "price": "45.53",
            "revenue": 58524
        },
        "2019-10": {
            "month": "2019-10",
            "price": "45.53",
            "revenue": 63737
        },
        "2019-11": {
            "month": "2019-11",
            "price": "44.57",
            "revenue": 54976
        },
        "2019-12": {
            "month": "2019-12",
            "price": "42.36",
            "revenue": 77938
        },
        "2020-01": {
            "month": "2020-01",
            "price": "39.04",
            "revenue": 62430
        },
        "2020-02": {
            "month": "2020-02",
            "price": "36.86",
            "revenue": 61994
        },
        "2020-03": {
            "month": "2020-03",
            "price": "30.83",
            "revenue": 70608
        },
        "2020-04": {
            "month": "2020-04",
            "price": "31.87",
            "revenue": 63268
        },
        "2020-05": {
            "month": "2020-05",
            "price": "39.00",
            "revenue": 56641
        },
        "2020-06": {
            "month": "2020-06",
            "price": "38.32",
            "revenue": 63274
        },
        "2020-07": {
            "month": "2020-07",
            "price": "46.48",
            "revenue": 76084
        },
        "2020-08": {
            "month": "2020-08",
            "price": "41.73",
            "revenue": 63589
        },
        "2020-09": {
            "month": "2020-09",
            "price": "40.73",
            "revenue": 70609
        },
        "2020-10": {
            "month": "2020-10",
            "price": "38.56",
            "revenue": 65726
        },
        "2020-11": {
            "month": "2020-11",
            "price": "37.65",
            "revenue": 70952
        },
        "2020-12": {
            "month": "2020-12",
            "price": "40.37",
            "revenue": 82433
        },
        "2021-01": {
            "month": "2021-01",
            "price": "37.80",
            "revenue": 78411
        },
        "2021-02": {
            "month": "2021-02",
            "price": "37.44",
            "revenue": 68390
        },
        "2021-03": {
            "month": "2021-03",
            "price": "39.03",
            "revenue": 82729
        },
        "2021-04": {
            "month": "2021-04",
            "price": "42.08",
            "revenue": 84125
        },
        "2021-05": {
            "month": "2021-05",
            "price": "39.83",
            "revenue": 69524
        },
        "2021-06": {
            "month": "2021-06",
            "price": "43.12",
            "revenue": 92189
        },
        "2021-07": {
            "month": "2021-07",
            "price": "42.89",
            "revenue": 84434
        },
        "2021-08": {
            "month": "2021-08",
            "price": "45.95",
            "revenue": 74333
        },
        "2021-09": {
            "month": "2021-09",
            "price": "44.62",
            "revenue": 68159
        },
        "2021-10": {
            "month": "2021-10",
            "price": "43.34",
            "revenue": 67499
        },
        "2021-11": {
            "month": "2021-11",
            "price": "42.28",
            "revenue": 72632
        },
        "2021-12": {
            "month": "2021-12",
            "price": "40.39",
            "revenue": 77943
        },
        "2022-01": {
            "month": "2022-01",
            "price": "38.02",
            "revenue": 76731
        },
        "2022-02": {
            "month": "2022-02",
            "price": "38.37",
            "revenue": 64194
        },
        "2022-03": {
            "month": "2022-03",
            "price": "36.85",
            "revenue": 88811
        },
        "2022-04": {
            "month": "2022-04",
            "price": "39.31",
            "revenue": 82096
        },
        "2022-05": {
            "month": "2022-05",
            "price": "38.76",
            "revenue": 82030
        },
        "2022-06": {
            "month": "2022-06",
            "price": "39.67",
            "revenue": 78168
        },
        "2022-07": {
            "month": "2022-07",
            "price": "40.18",
            "revenue": 85337
        },
        "2022-08": {
            "month": "2022-08",
            "price": "41.38",
            "revenue": 88889
        },
        "2022-09": {
            "month": "2022-09",
            "price": "41.80",
            "revenue": 72177
        },
        "2022-10": {
            "month": "2022-10",
            "price": "37.60",
            "revenue": 80385
        },
        "2022-11": {
            "month": "2022-11",
            "price": "38.55",
            "revenue": 88261
        },
        "2022-12": {
            "month": "2022-12",
            "price": "43.68",
            "revenue": 93416
        },
        "2023-01": {
            "month": "2023-01",
            "price": "43.06",
            "revenue": 68725
        },
        "2023-02": {
            "month": "2023-02",
            "price": "45.63",
            "revenue": 76059
        },
        "2023-03": {
            "month": "2023-03",
            "price": "44.96",
            "revenue": 112877
        },
        "2023-04": {
            "month": "2023-04",
            "price": "54.69",
            "revenue": 90090
        },
        "2023-05": {
            "month": "2023-05",
            "price": "66.19",
            "revenue": 101590
        },
        "2023-06": {
            "month": "2023-06",
            "price": "62.70",
            "revenue": 104146
        },
        "2023-07": {
            "month": "2023-07",
            "price": "66.48",
            "revenue": 91333
        },
        "2023-08": {
            "month": "2023-08",
            "price": "67.22",
            "revenue": 109307
        },
        "2023-09": {
            "month": "2023-09",
            "price": "64.23",
            "revenue": 88613
        },
        "2023-10": {
            "month": "2023-10",
            "price": "60.52",
            "revenue": 93338
        },
        "2023-11": {
            "month": "2023-11",
            "price": "58.56",
            "revenue": 88264
        }
    }
}
