{
    "summary": {
        "stock_name": "光洋科",
        "stock_id": "1785",
        "category": "其他電子",
        "main_business": "貴金屬材料<br>鑄錠<br>其他",
        "website_url": "http://www.solartech.com.tw/tw/index.html",
        "ceo": "黃啟峰",
        "pe_ratio": 0,
        "report_year_from": 2003,
        "report_year_to": 2023,
        "age": 20,
        "eps_negative_percentage": 14,
        "eps_growth_avg": {
            "last_all": 11.21,
            "last_2y": 0.59,
            "last_4y": 40.36,
            "last_8y": 16.92,
            "last_12y": 0.31,
            "last_16y": 10.16,
            "last_20y": null,
            "at_2006_last_3y": null,
            "at_2007_last_3y": 59.55,
            "at_2008_last_3y": 19.89,
            "at_2009_last_3y": 37.26,
            "at_2010_last_3y": 13.72,
            "at_2011_last_3y": -25.49,
            "at_2012_last_3y": -10.88,
            "at_2013_last_3y": -28.77,
            "at_2014_last_3y": -26.06,
            "at_2015_last_3y": -36.85,
            "at_2016_last_3y": -47.08,
            "at_2017_last_3y": -41.67,
            "at_2018_last_3y": 0,
            "at_2019_last_3y": 100,
            "at_2020_last_3y": 58.63,
            "at_2021_last_3y": 50.44,
            "at_2022_last_3y": 25.44,
            "at_2023_last_3y": 25.44,
            "at_2006_last_all": 46.07,
            "at_2007_last_all": 59.55,
            "at_2008_last_all": 34.72,
            "at_2009_last_all": 31.21,
            "at_2010_last_all": 27.58,
            "at_2011_last_all": 17.03,
            "at_2012_last_all": 14.45,
            "at_2013_last_all": 7.22,
            "at_2014_last_all": 8.08,
            "at_2015_last_all": -0.93,
            "at_2016_last_all": -0.93,
            "at_2017_last_all": -0.93,
            "at_2018_last_all": 6.83,
            "at_2019_last_all": 13.49,
            "at_2020_last_all": 10.98,
            "at_2021_last_all": 11.91,
            "at_2022_last_all": 11.21,
            "at_2023_last_all": 11.21
        },
        "latest_eps": 0,
        "latest_price": 36,
        "latest_roe": 0,
        "latest_gross_margin": 11.55,
        "latest_equity": 13378551,
        "latest_revenue": 4840591,
        "latest_gross_profit": 559098,
        "latest_net_income": 147187,
        "latest_debt_ratio": 49.14,
        "latest_current_ratio": 292.37,
        "latest_account_receivable_turnover_ratio": 2.65,
        "latest_inventory_turnover_ratio": 0.39,
        "latest_reinvestment_rate": null,
        "latest_research_to_sale_ratio": 1.94
    },
    "eps_dividends": {
        "2001": {
            "cash": 0,
            "stock": 0,
            "eps": 0
        },
        "2002": {
            "cash": 0,
            "stock": 0,
            "eps": 0
        },
        "2003": {
            "cash": 0,
            "stock": 0,
            "eps": 3.51
        },
        "2004": {
            "cash": 0,
            "stock": 5,
            "eps": 6.81
        },
        "2005": {
            "cash": 1,
            "stock": 2,
            "eps": 3.01
        },
        "2006": {
            "cash": 1,
            "stock": 1,
            "eps": 6.12
        },
        "2007": {
            "cash": 1,
            "stock": 3,
            "eps": 13.23
        },
        "2008": {
            "cash": 2,
            "stock": 6,
            "eps": 4.68
        },
        "2009": {
            "cash": 2,
            "stock": 0,
            "eps": 5.32
        },
        "2010": {
            "cash": 2,
            "stock": 2,
            "eps": 5.63
        },
        "2011": {
            "cash": 2,
            "stock": 3,
            "eps": 2.43
        },
        "2012": {
            "cash": 1,
            "stock": 1,
            "eps": 2.28
        },
        "2013": {
            "cash": 2,
            "stock": 0,
            "eps": 0.96
        },
        "2014": {
            "cash": 1,
            "stock": 0,
            "eps": 1.12
        },
        "2015": {
            "cash": 1,
            "stock": 0,
            "eps": -2.68
        },
        "2016": {
            "cash": 0,
            "stock": 0,
            "eps": -1.23
        },
        "2017": {
            "cash": 0,
            "stock": 0,
            "eps": 0.3
        },
        "2018": {
            "cash": 0,
            "stock": 0,
            "eps": 0.99
        },
        "2019": {
            "cash": 0,
            "stock": 0,
            "eps": 2.24
        },
        "2020": {
            "cash": 1,
            "stock": 0,
            "eps": 1.7
        },
        "2021": {
            "cash": 1,
            "stock": 0,
            "eps": 2.14
        },
        "2022": {
            "cash": 2,
            "stock": 0,
            "eps": 2.14
        },
        "2023": {
            "cash": 2,
            "stock": 0,
            "eps": 0.27
        }
    },
    "dividends": {
        "2004-03-18": {
            "cash": 0,
            "stock": 5
        },
        "2005-03-29": {
            "cash": 0.5,
            "stock": 1.5
        },
        "2006-03-31": {
            "cash": 0.5,
            "stock": 1
        },
        "2007-03-16": {
            "cash": 1.11,
            "stock": 2.78
        },
        "2008-06-13": {
            "cash": 1.99,
            "stock": 5.96
        },
        "2009-03-25": {
            "cash": 2,
            "stock": 0.2
        },
        "2010-04-27": {
            "cash": 2,
            "stock": 2
        },
        "2011-03-18": {
            "cash": 2,
            "stock": 2.5
        },
        "2012-03-16": {
            "cash": 1,
            "stock": 1
        },
        "2013-06-28": {
            "cash": 1.51,
            "stock": 0
        },
        "2014-08-28": {
            "cash": 0.97,
            "stock": 0
        },
        "2015-07-31": {
            "cash": 0.8,
            "stock": 0
        },
        "2019-05-10": {
            "cash": 0.4,
            "stock": 0
        },
        "2020-09-10": {
            "cash": 1,
            "stock": 0
        },
        "2021-09-17": {
            "cash": 1.2,
            "stock": 0
        },
        "2022-08-26": {
            "cash": 1.5,
            "stock": 0
        },
        "2023-04-14": {
            "cash": 1.5,
            "stock": 0
        }
    },
    "prices": {
        "200101": "無",
        "200102": "無",
        "200103": "無",
        "200104": "無",
        "200105": "無",
        "200106": "無",
        "200107": "無",
        "200108": "無",
        "200109": "無",
        "200110": "無",
        "200111": "無",
        "200112": "無",
        "200201": "無",
        "200202": "無",
        "200203": "無",
        "200204": "無",
        "200205": "無",
        "200206": "無",
        "200207": "無",
        "200208": "無",
        "200209": "無",
        "200210": "無",
        "200211": "無",
        "200212": "無",
        "200301": "無",
        "200302": "無",
        "200303": "無",
        "200304": "無",
        "200305": "無",
        "200306": "無",
        "200307": "無",
        "200308": "無",
        "200309": "無",
        "200310": "無",
        "200311": "無",
        "200312": "無",
        "200401": "無",
        "200402": "無",
        "200403": "無",
        "200404": "118.79",
        "200405": "123.57",
        "200406": "83.34",
        "200407": "75.03",
        "200408": "66.45",
        "200409": "47.38",
        "200410": "44.74",
        "200411": "42.66",
        "200412": "43.41",
        "200501": "43.50",
        "200502": "49.72",
        "200503": "45.89",
        "200504": "41.13",
        "200505": "37.65",
        "200506": "38.57",
        "200507": "39.86",
        "200508": "38.35",
        "200509": "38.21",
        "200510": "38.44",
        "200511": "34.01",
        "200512": "42.07",
        "200601": "55.54",
        "200602": "55.34",
        "200603": "65.13",
        "200604": "81.46",
        "200605": "106.70",
        "200606": "90.50",
        "200607": "86.93",
        "200608": "78.30",
        "200609": "77.80",
        "200610": "84.35",
        "200611": "81.72",
        "200612": "97.93",
        "200701": "115.80",
        "200702": "129.33",
        "200703": "184.59",
        "200704": "234.82",
        "200705": "252.43",
        "200706": "301.02",
        "200707": "302.34",
        "200708": "232.15",
        "200709": "178.28",
        "200710": "175.86",
        "200711": "175.09",
        "200712": "126.24",
        "200801": "98.99",
        "200802": "111.10",
        "200803": "140.90",
        "200804": "170.74",
        "200805": "161.55",
        "200806": "138.05",
        "200807": "137.32",
        "200808": "101.30",
        "200809": "82.67",
        "200810": "62.65",
        "200811": "45.26",
        "200812": "40.45",
        "200901": "40.73",
        "200902": "42.05",
        "200903": "47.19",
        "200904": "58.14",
        "200905": "71.57",
        "200906": "76.00",
        "200907": "82.49",
        "200908": "71.45",
        "200909": "72.22",
        "200910": "74.25",
        "200911": "72.37",
        "200912": "78.95",
        "201001": "82.95",
        "201002": "71.26",
        "201003": "73.40",
        "201004": "77.29",
        "201005": "71.63",
        "201006": "71.31",
        "201007": "76.20",
        "201008": "66.52",
        "201009": "66.60",
        "201010": "67.33",
        "201011": "64.36",
        "201012": "66.02",
        "201101": "70.22",
        "201102": "67.99",
        "201103": "67.04",
        "201104": "71.22",
        "201105": "68.98",
        "201106": "69.66",
        "201107": "71.25",
        "201108": "52.91",
        "201109": "41.10",
        "201110": "39.88",
        "201111": "34.95",
        "201112": "30.32",
        "201201": "33.39",
        "201202": "39.64",
        "201203": "39.82",
        "201204": "41.78",
        "201205": "39.55",
        "201206": "36.70",
        "201207": "40.04",
        "201208": "40.33",
        "201209": "38.46",
        "201210": "36.67",
        "201211": "33.26",
        "201212": "35.62",
        "201301": "36.37",
        "201302": "36.57",
        "201303": "35.98",
        "201304": "33.22",
        "201305": "32.41",
        "201306": "30.01",
        "201307": "27.66",
        "201308": "25.50",
        "201309": "26.36",
        "201310": "25.25",
        "201311": "24.24",
        "201312": "25.03",
        "201401": "27.56",
        "201402": "27.04",
        "201403": "27.11",
        "201404": "27.86",
        "201405": "27.63",
        "201406": "28.83",
        "201407": "29.02",
        "201408": "27.23",
        "201409": "27.05",
        "201410": "24.52",
        "201411": "23.42",
        "201412": "24.50",
        "201501": "26.20",
        "201502": "26.18",
        "201503": "26.69",
        "201504": "26.69",
        "201505": "24.46",
        "201506": "23.12",
        "201507": "21.04",
        "201508": "18.89",
        "201509": "18.98",
        "201510": "20.66",
        "201511": "19.59",
        "201512": "18.62",
        "201601": "18.24",
        "201602": "18.67",
        "201603": "20.60",
        "201604": "17.15",
        "201605": "13.49",
        "201606": "無",
        "201607": "無",
        "201608": "無",
        "201609": "無",
        "201610": "無",
        "201611": "無",
        "201612": "無",
        "201701": "13.85",
        "201702": "15.68",
        "201703": "14.31",
        "201704": "11.81",
        "201705": "11.66",
        "201706": "12.27",
        "201707": "12.66",
        "201708": "14.14",
        "201709": "15.40",
        "201710": "15.32",
        "201711": "15.63",
        "201712": "17.28",
        "201801": "23.86",
        "201802": "21.69",
        "201803": "23.49",
        "201804": "21.65",
        "201805": "22.59",
        "201806": "22.77",
        "201807": "21.31",
        "201808": "20.87",
        "201809": "21.19",
        "201810": "19.63",
        "201811": "18.72",
        "201812": "19.18",
        "201901": "18.86",
        "201902": "19.16",
        "201903": "18.71",
        "201904": "18.68",
        "201905": "19.53",
        "201906": "21.29",
        "201907": "21.75",
        "201908": "22.16",
        "201909": "22.75",
        "201910": "22.99",
        "201911": "21.75",
        "201912": "21.98",
        "202001": "22.24",
        "202002": "21.69",
        "202003": "18.11",
        "202004": "18.26",
        "202005": "19.69",
        "202006": "34.54",
        "202007": "46.41",
        "202008": "41.71",
        "202009": "42.99",
        "202010": "44.23",
        "202011": "45.20",
        "202012": "45.23",
        "202101": "47.55",
        "202102": "45.45",
        "202103": "45.95",
        "202104": "55.78",
        "202105": "46.27",
        "202106": "46.09",
        "202107": "48.79",
        "202108": "46.94",
        "202109": "50.01",
        "202110": "50.86",
        "202111": "52.65",
        "202112": "49.69",
        "202201": "49.27",
        "202202": "51.45",
        "202203": "50.09",
        "202204": "50.01",
        "202205": "47.56",
        "202206": "43.59",
        "202207": "38.35",
        "202208": "37.75",
        "202209": "35.19",
        "202210": "29.02",
        "202211": "31.90",
        "202212": "33.05",
        "202301": "33.32",
        "202302": "37.38",
        "202303": "36.59",
        "202304": "36.69",
        "202305": "36.21"
    },
    "quarters": {
        "20011": {
            "year_quarter": 20011,
            "year": 2001,
            "quarter": 1,
            "eps": null,
            "eps_growth_year": null,
            "eps_4q": null,
            "eps_4q_growth_year": null,
            "roe": null,
            "gross_profit": null,
            "gross_margin": null,
            "net_income": null,
            "revenue": null,
            "common_shares": null,
            "equity": null,
            "current_ratio": null,
            "debt_ratio": null,
            "inventory_turnover_ratio": null,
            "account_receivable_turnover_ratio": null,
            "reinvestment_rate": null,
            "research_to_sale_ratio": null,
            "price_fair": 0,
            "eps_avg_yearly": 0,
            "eps_latest_yearly": 0,
            "eps_growth_yearly": 0
        },
        "20012": {
            "year_quarter": 20012,
            "year": 2001,
            "quarter": 2,
            "eps": null,
            "eps_growth_year": null,
            "eps_4q": null,
            "eps_4q_growth_year": null,
            "roe": null,
            "gross_profit": null,
            "gross_margin": null,
            "net_income": null,
            "revenue": null,
            "common_shares": null,
            "equity": null,
            "current_ratio": null,
            "debt_ratio": null,
            "inventory_turnover_ratio": null,
            "account_receivable_turnover_ratio": null,
            "reinvestment_rate": null,
            "research_to_sale_ratio": null,
            "price_fair": 0,
            "eps_avg_yearly": 0,
            "eps_latest_yearly": 0,
            "eps_growth_yearly": 0
        },
        "20013": {
            "year_quarter": 20013,
            "year": 2001,
            "quarter": 3,
            "eps": null,
            "eps_growth_year": null,
            "eps_4q": null,
            "eps_4q_growth_year": null,
            "roe": null,
            "gross_profit": null,
            "gross_margin": null,
            "net_income": null,
            "revenue": null,
            "common_shares": null,
            "equity": null,
            "current_ratio": null,
            "debt_ratio": null,
            "inventory_turnover_ratio": null,
            "account_receivable_turnover_ratio": null,
            "reinvestment_rate": null,
            "research_to_sale_ratio": null,
            "price_fair": 0,
            "eps_avg_yearly": 0,
            "eps_latest_yearly": 0,
            "eps_growth_yearly": 0
        },
        "20014": {
            "year_quarter": 20014,
            "year": 2001,
            "quarter": 4,
            "eps": null,
            "eps_growth_year": null,
            "eps_4q": null,
            "eps_4q_growth_year": null,
            "roe": null,
            "gross_profit": null,
            "gross_margin": null,
            "net_income": null,
            "revenue": null,
            "common_shares": 227998,
            "equity": 264203,
            "current_ratio": 85.51,
            "debt_ratio": 67.38,
            "inventory_turnover_ratio": null,
            "account_receivable_turnover_ratio": null,
            "reinvestment_rate": null,
            "research_to_sale_ratio": null,
            "price_fair": 0,
            "eps_avg_yearly": 0,
            "eps_latest_yearly": 0,
            "eps_growth_yearly": 0
        },
        "20021": {
            "year_quarter": 20021,
            "year": 2002,
            "quarter": 1,
            "eps": null,
            "eps_growth_year": null,
            "eps_4q": null,
            "eps_4q_growth_year": null,
            "roe": null,
            "gross_profit": null,
            "gross_margin": null,
            "net_income": null,
            "revenue": null,
            "common_shares": null,
            "equity": null,
            "current_ratio": null,
            "debt_ratio": null,
            "inventory_turnover_ratio": null,
            "account_receivable_turnover_ratio": null,
            "reinvestment_rate": null,
            "research_to_sale_ratio": null,
            "price_fair": 0,
            "eps_avg_yearly": 0,
            "eps_latest_yearly": 0,
            "eps_growth_yearly": 0
        },
        "20022": {
            "year_quarter": 20022,
            "year": 2002,
            "quarter": 2,
            "eps": null,
            "eps_growth_year": null,
            "eps_4q": null,
            "eps_4q_growth_year": null,
            "roe": null,
            "gross_profit": null,
            "gross_margin": null,
            "net_income": null,
            "revenue": null,
            "common_shares": null,
            "equity": null,
            "current_ratio": null,
            "debt_ratio": null,
            "inventory_turnover_ratio": null,
            "account_receivable_turnover_ratio": null,
            "reinvestment_rate": null,
            "research_to_sale_ratio": null,
            "price_fair": 0,
            "eps_avg_yearly": 0,
            "eps_latest_yearly": 0,
            "eps_growth_yearly": 0
        },
        "20023": {
            "year_quarter": 20023,
            "year": 2002,
            "quarter": 3,
            "eps": null,
            "eps_growth_year": null,
            "eps_4q": null,
            "eps_4q_growth_year": null,
            "roe": null,
            "gross_profit": null,
            "gross_margin": null,
            "net_income": null,
            "revenue": null,
            "common_shares": null,
            "equity": null,
            "current_ratio": null,
            "debt_ratio": null,
            "inventory_turnover_ratio": null,
            "account_receivable_turnover_ratio": null,
            "reinvestment_rate": null,
            "research_to_sale_ratio": null,
            "price_fair": 0,
            "eps_avg_yearly": 0,
            "eps_latest_yearly": 0,
            "eps_growth_yearly": 0
        },
        "20024": {
            "year_quarter": 20024,
            "year": 2002,
            "quarter": 4,
            "eps": null,
            "eps_growth_year": null,
            "eps_4q": null,
            "eps_4q_growth_year": null,
            "roe": null,
            "gross_profit": null,
            "gross_margin": null,
            "net_income": null,
            "revenue": null,
            "common_shares": 270000,
            "equity": 429123,
            "current_ratio": 91.41,
            "debt_ratio": 64.02,
            "inventory_turnover_ratio": null,
            "account_receivable_turnover_ratio": null,
            "reinvestment_rate": null,
            "research_to_sale_ratio": null,
            "price_fair": 0,
            "eps_avg_yearly": 0,
            "eps_latest_yearly": 0,
            "eps_growth_yearly": 0
        },
        "20031": {
            "year_quarter": 20031,
            "year": 2003,
            "quarter": 1,
            "eps": null,
            "eps_growth_year": null,
            "eps_4q": null,
            "eps_4q_growth_year": null,
            "roe": null,
            "gross_profit": null,
            "gross_margin": null,
            "net_income": null,
            "revenue": null,
            "common_shares": null,
            "equity": null,
            "current_ratio": null,
            "debt_ratio": null,
            "inventory_turnover_ratio": null,
            "account_receivable_turnover_ratio": null,
            "reinvestment_rate": null,
            "research_to_sale_ratio": null,
            "price_fair": 0,
            "eps_avg_yearly": 0,
            "eps_latest_yearly": 0,
            "eps_growth_yearly": 0
        },
        "20032": {
            "year_quarter": 20032,
            "year": 2003,
            "quarter": 2,
            "eps": null,
            "eps_growth_year": null,
            "eps_4q": null,
            "eps_4q_growth_year": null,
            "roe": null,
            "gross_profit": null,
            "gross_margin": null,
            "net_income": null,
            "revenue": null,
            "common_shares": null,
            "equity": null,
            "current_ratio": null,
            "debt_ratio": null,
            "inventory_turnover_ratio": null,
            "account_receivable_turnover_ratio": null,
            "reinvestment_rate": null,
            "research_to_sale_ratio": null,
            "price_fair": 0,
            "eps_avg_yearly": 0,
            "eps_latest_yearly": 0,
            "eps_growth_yearly": 0
        },
        "20033": {
            "year_quarter": 20033,
            "year": 2003,
            "quarter": 3,
            "eps": 1.65,
            "eps_growth_year": null,
            "eps_4q": null,
            "eps_4q_growth_year": null,
            "roe": 10.51,
            "gross_profit": 137121,
            "gross_margin": 17.61,
            "net_income": 56311,
            "revenue": 778595,
            "common_shares": 340655,
            "equity": 535876,
            "current_ratio": 114.77,
            "debt_ratio": 66.44,
            "inventory_turnover_ratio": 1.76,
            "account_receivable_turnover_ratio": null,
            "reinvestment_rate": null,
            "research_to_sale_ratio": null,
            "price_fair": 0,
            "eps_avg_yearly": 0,
            "eps_latest_yearly": 0,
            "eps_growth_yearly": 0
        },
        "20034": {
            "year_quarter": 20034,
            "year": 2003,
            "quarter": 4,
            "eps": 1.86,
            "eps_growth_year": null,
            "eps_4q": null,
            "eps_4q_growth_year": null,
            "roe": 10.96,
            "gross_profit": 151998,
            "gross_margin": 15.7,
            "net_income": 63598,
            "revenue": 968165,
            "common_shares": 350655,
            "equity": 624717,
            "current_ratio": 101.9,
            "debt_ratio": 67.55,
            "inventory_turnover_ratio": 2.02,
            "account_receivable_turnover_ratio": null,
            "reinvestment_rate": null,
            "research_to_sale_ratio": null,
            "price_fair": 260.4,
            "eps_avg_yearly": 7.44,
            "eps_latest_yearly": 7.44,
            "eps_growth_yearly": 50.91
        },
        "20041": {
            "year_quarter": 20041,
            "year": 2004,
            "quarter": 1,
            "eps": 2.51,
            "eps_growth_year": null,
            "eps_4q": null,
            "eps_4q_growth_year": null,
            "roe": 13.2,
            "gross_profit": 157921,
            "gross_margin": 15.94,
            "net_income": 88084,
            "revenue": 990908,
            "common_shares": 350655,
            "equity": 709739,
            "current_ratio": 115.51,
            "debt_ratio": 64.72,
            "inventory_turnover_ratio": 1.64,
            "account_receivable_turnover_ratio": null,
            "reinvestment_rate": null,
            "research_to_sale_ratio": null,
            "price_fair": 305.9,
            "eps_avg_yearly": 8.74,
            "eps_latest_yearly": 10.04,
            "eps_growth_yearly": 95.35
        },
        "20042": {
            "year_quarter": 20042,
            "year": 2004,
            "quarter": 2,
            "eps": 2.03,
            "eps_growth_year": null,
            "eps_4q": 7.8,
            "eps_4q_growth_year": null,
            "roe": 8.65,
            "gross_profit": 135834,
            "gross_margin": 12.82,
            "net_income": 73176,
            "revenue": 1059239,
            "common_shares": 380655,
            "equity": 982100,
            "current_ratio": 203.8,
            "debt_ratio": 49.63,
            "inventory_turnover_ratio": 1.69,
            "account_receivable_turnover_ratio": null,
            "reinvestment_rate": null,
            "research_to_sale_ratio": null,
            "price_fair": 298.67,
            "eps_avg_yearly": 8.53,
            "eps_latest_yearly": 8.12,
            "eps_growth_yearly": 38.07
        },
        "20043": {
            "year_quarter": 20043,
            "year": 2004,
            "quarter": 3,
            "eps": 0.87,
            "eps_growth_year": -47.27,
            "eps_4q": 4.85,
            "eps_4q_growth_year": null,
            "roe": 4.88,
            "gross_profit": 123996,
            "gross_margin": 14.61,
            "net_income": 49189,
            "revenue": 848741,
            "common_shares": 583383,
            "equity": 1034479,
            "current_ratio": 214.97,
            "debt_ratio": 53.72,
            "inventory_turnover_ratio": 1.19,
            "account_receivable_turnover_ratio": null,
            "reinvestment_rate": null,
            "research_to_sale_ratio": null,
            "price_fair": 21.81,
            "eps_avg_yearly": 7.27,
            "eps_latest_yearly": 3.48,
            "eps_growth_yearly": -28.59
        },
        "20044": {
            "year_quarter": 20044,
            "year": 2004,
            "quarter": 4,
            "eps": 1.4,
            "eps_growth_year": -24.73,
            "eps_4q": 5.08,
            "eps_4q_growth_year": null,
            "roe": 7.51,
            "gross_profit": 156967,
            "gross_margin": 13.58,
            "net_income": 80085,
            "revenue": 1155982,
            "common_shares": 583383,
            "equity": 1099291,
            "current_ratio": 233.12,
            "debt_ratio": 56.6,
            "inventory_turnover_ratio": 1.31,
            "account_receivable_turnover_ratio": null,
            "reinvestment_rate": null,
            "research_to_sale_ratio": null,
            "price_fair": 242.76,
            "eps_avg_yearly": 6.94,
            "eps_latest_yearly": 5.6,
            "eps_growth_yearly": 25.86
        },
        "20051": {
            "year_quarter": 20051,
            "year": 2005,
            "quarter": 1,
            "eps": 0.49,
            "eps_growth_year": -80.48,
            "eps_4q": 3.66,
            "eps_4q_growth_year": null,
            "roe": 2.46,
            "gross_profit": 98051,
            "gross_margin": 10.84,
            "net_income": 31253,
            "revenue": 904201,
            "common_shares": 651933,
            "equity": 1444933,
            "current_ratio": 244.96,
            "debt_ratio": 52.04,
            "inventory_turnover_ratio": 0.92,
            "account_receivable_turnover_ratio": null,
            "reinvestment_rate": null,
            "research_to_sale_ratio": null,
            "price_fair": 18.32,
            "eps_avg_yearly": 6.11,
            "eps_latest_yearly": 1.96,
            "eps_growth_yearly": -21.78
        },
        "20052": {
            "year_quarter": 20052,
            "year": 2005,
            "quarter": 2,
            "eps": 0.73,
            "eps_growth_year": -64.04,
            "eps_4q": 2.87,
            "eps_4q_growth_year": -63.27,
            "roe": 3.79,
            "gross_profit": 101165,
            "gross_margin": 9.88,
            "net_income": 54883,
            "revenue": 1023637,
            "common_shares": 651933,
            "equity": 1449776,
            "current_ratio": 199.28,
            "debt_ratio": 52.67,
            "inventory_turnover_ratio": 0.89,
            "account_receivable_turnover_ratio": null,
            "reinvestment_rate": null,
            "research_to_sale_ratio": null,
            "price_fair": 109.17,
            "eps_avg_yearly": 5.65,
            "eps_latest_yearly": 2.92,
            "eps_growth_yearly": 9.32
        },
        "20053": {
            "year_quarter": 20053,
            "year": 2005,
            "quarter": 3,
            "eps": 0.46,
            "eps_growth_year": -47.13,
            "eps_4q": 2.65,
            "eps_4q_growth_year": -45.39,
            "roe": 2.36,
            "gross_profit": 138197,
            "gross_margin": 12.93,
            "net_income": 34959,
            "revenue": 1069180,
            "common_shares": 763723,
            "equity": 1507861,
            "current_ratio": 155.93,
            "debt_ratio": 60.74,
            "inventory_turnover_ratio": 0.7,
            "account_receivable_turnover_ratio": null,
            "reinvestment_rate": null,
            "research_to_sale_ratio": null,
            "price_fair": 15.53,
            "eps_avg_yearly": 5.18,
            "eps_latest_yearly": 1.84,
            "eps_growth_yearly": -10.34
        },
        "20054": {
            "year_quarter": 20054,
            "year": 2005,
            "quarter": 4,
            "eps": 1.33,
            "eps_growth_year": -5,
            "eps_4q": 2.92,
            "eps_4q_growth_year": -42.45,
            "roe": 6.46,
            "gross_profit": 209688,
            "gross_margin": 10.23,
            "net_income": 101116,
            "revenue": 2049703,
            "common_shares": 763723,
            "equity": 1623993,
            "current_ratio": 148.37,
            "debt_ratio": 59.33,
            "inventory_turnover_ratio": 1.34,
            "account_receivable_turnover_ratio": null,
            "reinvestment_rate": null,
            "research_to_sale_ratio": null,
            "price_fair": 181.69,
            "eps_avg_yearly": 5.19,
            "eps_latest_yearly": 5.32,
            "eps_growth_yearly": 74.87
        },
        "20061": {
            "year_quarter": 20061,
            "year": 2006,
            "quarter": 1,
            "eps": 1.18,
            "eps_growth_year": 140.82,
            "eps_4q": 3.68,
            "eps_4q_growth_year": 0.57,
            "roe": 5.42,
            "gross_profit": 226443,
            "gross_margin": 10.27,
            "net_income": 89957,
            "revenue": 2204510,
            "common_shares": 763723,
            "equity": 1697935,
            "current_ratio": 124.94,
            "debt_ratio": 67.82,
            "inventory_turnover_ratio": 1.19,
            "account_receivable_turnover_ratio": null,
            "reinvestment_rate": null,
            "research_to_sale_ratio": null,
            "price_fair": 180.04,
            "eps_avg_yearly": 5.14,
            "eps_latest_yearly": 4.72,
            "eps_growth_yearly": 62.87
        },
        "20062": {
            "year_quarter": 20062,
            "year": 2006,
            "quarter": 2,
            "eps": 0.95,
            "eps_growth_year": 30.14,
            "eps_4q": 3.61,
            "eps_4q_growth_year": 25.98,
            "roe": 4.7,
            "gross_profit": 207454,
            "gross_margin": 8.41,
            "net_income": 80738,
            "revenue": 2466580,
            "common_shares": 763723,
            "equity": 1734712,
            "current_ratio": 104.73,
            "debt_ratio": 67.19,
            "inventory_turnover_ratio": 1.06,
            "account_receivable_turnover_ratio": null,
            "reinvestment_rate": null,
            "research_to_sale_ratio": null,
            "price_fair": 175.76,
            "eps_avg_yearly": 5.02,
            "eps_latest_yearly": 3.8,
            "eps_growth_yearly": 50.07
        },
        "20063": {
            "year_quarter": 20063,
            "year": 2006,
            "quarter": 3,
            "eps": 1.03,
            "eps_growth_year": 123.91,
            "eps_4q": 4.16,
            "eps_4q_growth_year": 57.3,
            "roe": 4.17,
            "gross_profit": 215401,
            "gross_margin": 7.77,
            "net_income": 89333,
            "revenue": 2772794,
            "common_shares": 961565,
            "equity": 2554799,
            "current_ratio": 133.13,
            "debt_ratio": 63.35,
            "inventory_turnover_ratio": 1.03,
            "account_receivable_turnover_ratio": null,
            "reinvestment_rate": null,
            "research_to_sale_ratio": null,
            "price_fair": 173.13,
            "eps_avg_yearly": 4.95,
            "eps_latest_yearly": 4.12,
            "eps_growth_yearly": 48.7
        },
        "20064": {
            "year_quarter": 20064,
            "year": 2006,
            "quarter": 4,
            "eps": 2.96,
            "eps_growth_year": 122.56,
            "eps_4q": 5.88,
            "eps_4q_growth_year": 101.25,
            "roe": 9.76,
            "gross_profit": 414158,
            "gross_margin": 10.74,
            "net_income": 263404,
            "revenue": 3854413,
            "common_shares": 961565,
            "equity": 2843047,
            "current_ratio": 246.75,
            "debt_ratio": 65.69,
            "inventory_turnover_ratio": 1.14,
            "account_receivable_turnover_ratio": null,
            "reinvestment_rate": null,
            "research_to_sale_ratio": null,
            "price_fair": 191.69,
            "eps_avg_yearly": 5.48,
            "eps_latest_yearly": 11.84,
            "eps_growth_yearly": 102.61
        },
        "20071": {
            "year_quarter": 20071,
            "year": 2007,
            "quarter": 1,
            "eps": 4.54,
            "eps_growth_year": 284.75,
            "eps_4q": 9,
            "eps_4q_growth_year": 144.24,
            "roe": 11.57,
            "gross_profit": 728764,
            "gross_margin": 14.09,
            "net_income": 441273,
            "revenue": 5173369,
            "common_shares": 1063416,
            "equity": 4782835,
            "current_ratio": 227.72,
            "debt_ratio": 57.24,
            "inventory_turnover_ratio": 1.15,
            "account_receivable_turnover_ratio": null,
            "reinvestment_rate": null,
            "research_to_sale_ratio": null,
            "price_fair": 223.4,
            "eps_avg_yearly": 6.38,
            "eps_latest_yearly": 18.16,
            "eps_growth_yearly": 110.53
        },
        "20072": {
            "year_quarter": 20072,
            "year": 2007,
            "quarter": 2,
            "eps": 2.7,
            "eps_growth_year": 184.21,
            "eps_4q": 8.38,
            "eps_4q_growth_year": 132.11,
            "roe": 7.42,
            "gross_profit": 574819,
            "gross_margin": 12.76,
            "net_income": 377545,
            "revenue": 4506028,
            "common_shares": 1118142,
            "equity": 5399582,
            "current_ratio": 229.7,
            "debt_ratio": 50.77,
            "inventory_turnover_ratio": 0.85,
            "account_receivable_turnover_ratio": null,
            "reinvestment_rate": 110.23,
            "research_to_sale_ratio": null,
            "price_fair": 233.71,
            "eps_avg_yearly": 6.68,
            "eps_latest_yearly": 10.8,
            "eps_growth_yearly": 92.35
        },
        "20073": {
            "year_quarter": 20073,
            "year": 2007,
            "quarter": 3,
            "eps": 2.37,
            "eps_growth_year": 130.1,
            "eps_4q": 9.91,
            "eps_4q_growth_year": 138,
            "roe": 6.03,
            "gross_profit": 553298,
            "gross_margin": 15.11,
            "net_income": 340153,
            "revenue": 3662265,
            "common_shares": 1497633,
            "equity": 5874902,
            "current_ratio": 225.08,
            "debt_ratio": 47.96,
            "inventory_turnover_ratio": 0.66,
            "account_receivable_turnover_ratio": null,
            "reinvestment_rate": 85.95,
            "research_to_sale_ratio": null,
            "price_fair": 239.84,
            "eps_avg_yearly": 6.85,
            "eps_latest_yearly": 9.48,
            "eps_growth_yearly": 83.53
        },
        "20074": {
            "year_quarter": 20074,
            "year": 2007,
            "quarter": 4,
            "eps": 3.62,
            "eps_growth_year": 22.3,
            "eps_4q": 11.58,
            "eps_4q_growth_year": 96.93,
            "roe": 8.59,
            "gross_profit": 724051,
            "gross_margin": 17.23,
            "net_income": 526834,
            "revenue": 4203054,
            "common_shares": 1515681,
            "equity": 6396832,
            "current_ratio": 219.15,
            "debt_ratio": 50.5,
            "inventory_turnover_ratio": 0.63,
            "account_receivable_turnover_ratio": null,
            "reinvestment_rate": 85.29,
            "research_to_sale_ratio": null,
            "price_fair": 255.24,
            "eps_avg_yearly": 7.29,
            "eps_latest_yearly": 14.48,
            "eps_growth_yearly": 93.53
        },
        "20081": {
            "year_quarter": 20081,
            "year": 2008,
            "quarter": 1,
            "eps": 4.06,
            "eps_growth_year": -10.57,
            "eps_4q": 12.33,
            "eps_4q_growth_year": 36.95,
            "roe": 9.14,
            "gross_profit": 780713,
            "gross_margin": 12.85,
            "net_income": 612260,
            "revenue": 6076516,
            "common_shares": 1527882,
            "equity": 6997847,
            "current_ratio": 196.95,
            "debt_ratio": 53.4,
            "inventory_turnover_ratio": 0.79,
            "account_receivable_turnover_ratio": null,
            "reinvestment_rate": 77.82,
            "research_to_sale_ratio": null,
            "price_fair": 268.8,
            "eps_avg_yearly": 7.68,
            "eps_latest_yearly": 16.24,
            "eps_growth_yearly": 87.83
        },
        "20082": {
            "year_quarter": 20082,
            "year": 2008,
            "quarter": 2,
            "eps": 1.58,
            "eps_growth_year": -41.48,
            "eps_4q": 7.7,
            "eps_4q_growth_year": -8.09,
            "roe": 5.49,
            "gross_profit": 702589,
            "gross_margin": 13.87,
            "net_income": 382450,
            "revenue": 5065159,
            "common_shares": 1529650,
            "equity": 6942766,
            "current_ratio": 192.08,
            "debt_ratio": 51.73,
            "inventory_turnover_ratio": 0.6,
            "account_receivable_turnover_ratio": null,
            "reinvestment_rate": 75.53,
            "research_to_sale_ratio": null,
            "price_fair": 264.86,
            "eps_avg_yearly": 7.57,
            "eps_latest_yearly": 6.32,
            "eps_growth_yearly": 77.34
        },
        "20083": {
            "year_quarter": 20083,
            "year": 2008,
            "quarter": 3,
            "eps": 1.46,
            "eps_growth_year": -38.4,
            "eps_4q": 7.73,
            "eps_4q_growth_year": -21.99,
            "roe": 4.94,
            "gross_profit": 946511,
            "gross_margin": 16.54,
            "net_income": 354821,
            "revenue": 5723525,
            "common_shares": 2438991,
            "equity": 7414887,
            "current_ratio": 204.71,
            "debt_ratio": 47.67,
            "inventory_turnover_ratio": 0.71,
            "account_receivable_turnover_ratio": null,
            "reinvestment_rate": 67.15,
            "research_to_sale_ratio": null,
            "price_fair": 270.03,
            "eps_avg_yearly": 7.72,
            "eps_latest_yearly": 5.84,
            "eps_growth_yearly": 89.73
        },
        "20084": {
            "year_quarter": 20084,
            "year": 2008,
            "quarter": 4,
            "eps": -2.42,
            "eps_growth_year": -166.85,
            "eps_4q": 3.18,
            "eps_4q_growth_year": -72.53,
            "roe": -8.43,
            "gross_profit": -588154,
            "gross_margin": -15.13,
            "net_income": -596094,
            "revenue": 3887385,
            "common_shares": 2446836,
            "equity": 6735317,
            "current_ratio": 170.78,
            "debt_ratio": 39.32,
            "inventory_turnover_ratio": 0.92,
            "account_receivable_turnover_ratio": 7.77,
            "reinvestment_rate": 81.19,
            "research_to_sale_ratio": null,
            "price_fair": 274.96,
            "eps_avg_yearly": 7.86,
            "eps_latest_yearly": 5.84,
            "eps_growth_yearly": 79.47
        },
        "20091": {
            "year_quarter": 20091,
            "year": 2009,
            "quarter": 1,
            "eps": 0.29,
            "eps_growth_year": -92.86,
            "eps_4q": 0.93,
            "eps_4q_growth_year": -92.43,
            "roe": 1,
            "gross_profit": 341852,
            "gross_margin": 8.17,
            "net_income": 67940,
            "revenue": 4185773,
            "common_shares": 2447078,
            "equity": 6834070,
            "current_ratio": 161.77,
            "debt_ratio": 42.7,
            "inventory_turnover_ratio": 0.88,
            "account_receivable_turnover_ratio": 4.6,
            "reinvestment_rate": 85.79,
            "research_to_sale_ratio": null,
            "price_fair": 289.7,
            "eps_avg_yearly": 8.28,
            "eps_latest_yearly": 5.84,
            "eps_growth_yearly": 103.71
        },
        "20092": {
            "year_quarter": 20092,
            "year": 2009,
            "quarter": 2,
            "eps": 1.74,
            "eps_growth_year": 10.13,
            "eps_4q": 1.13,
            "eps_4q_growth_year": -85.34,
            "roe": 5.97,
            "gross_profit": 776819,
            "gross_margin": 10.02,
            "net_income": 412298,
            "revenue": 7754660,
            "common_shares": 2447393,
            "equity": 6982686,
            "current_ratio": 141.41,
            "debt_ratio": 48.93,
            "inventory_turnover_ratio": 1.35,
            "account_receivable_turnover_ratio": 7.61,
            "reinvestment_rate": 89.65,
            "research_to_sale_ratio": null,
            "price_fair": 299.8,
            "eps_avg_yearly": 8.57,
            "eps_latest_yearly": 6.96,
            "eps_growth_yearly": 232.58
        },
        "20093": {
            "year_quarter": 20093,
            "year": 2009,
            "quarter": 3,
            "eps": 1.09,
            "eps_growth_year": -25.34,
            "eps_4q": 0.79,
            "eps_4q_growth_year": -89.77,
            "roe": 3.54,
            "gross_profit": 539972,
            "gross_margin": 8.16,
            "net_income": 252233,
            "revenue": 6615662,
            "common_shares": 2495933,
            "equity": 7259301,
            "current_ratio": 137.71,
            "debt_ratio": 52.01,
            "inventory_turnover_ratio": 1.05,
            "account_receivable_turnover_ratio": 5.24,
            "reinvestment_rate": 80.53,
            "research_to_sale_ratio": null,
            "price_fair": 306.1,
            "eps_avg_yearly": 8.75,
            "eps_latest_yearly": 4.36,
            "eps_growth_yearly": 232.47
        },
        "20094": {
            "year_quarter": 20094,
            "year": 2009,
            "quarter": 4,
            "eps": 2.2,
            "eps_growth_year": null,
            "eps_4q": 5.27,
            "eps_4q_growth_year": 65.71,
            "roe": 7.18,
            "gross_profit": 1111245,
            "gross_margin": 7.6,
            "net_income": 540750,
            "revenue": 14620041,
            "common_shares": 2495933,
            "equity": 7801644,
            "current_ratio": 232.68,
            "debt_ratio": 43.83,
            "inventory_turnover_ratio": 2.48,
            "account_receivable_turnover_ratio": 18.1,
            "reinvestment_rate": 66.32,
            "research_to_sale_ratio": null,
            "price_fair": 314.8,
            "eps_avg_yearly": 8.99,
            "eps_latest_yearly": 8.8,
            "eps_growth_yearly": 207.53
        },
        "20101": {
            "year_quarter": 20101,
            "year": 2010,
            "quarter": 1,
            "eps": 1.51,
            "eps_growth_year": 420.69,
            "eps_4q": 6.49,
            "eps_4q_growth_year": 595.01,
            "roe": 4.68,
            "gross_profit": 693766,
            "gross_margin": 9.9,
            "net_income": 372873,
            "revenue": 7005243,
            "common_shares": 2497418,
            "equity": 8144876,
            "current_ratio": 180.08,
            "debt_ratio": 50.19,
            "inventory_turnover_ratio": 1.05,
            "account_receivable_turnover_ratio": 3.92,
            "reinvestment_rate": 69.17,
            "research_to_sale_ratio": 0.72,
            "price_fair": 318.1,
            "eps_avg_yearly": 9.09,
            "eps_latest_yearly": 6.04,
            "eps_growth_yearly": 201.79
        },
        "20102": {
            "year_quarter": 20102,
            "year": 2010,
            "quarter": 2,
            "eps": 1.3,
            "eps_growth_year": -25.04,
            "eps_4q": 5.3,
            "eps_4q_growth_year": 369.88,
            "roe": 4.82,
            "gross_profit": 924949,
            "gross_margin": 7.47,
            "net_income": 390933,
            "revenue": 12387921,
            "common_shares": 2501303,
            "equity": 8067213,
            "current_ratio": 200.91,
            "debt_ratio": 48.99,
            "inventory_turnover_ratio": 1.56,
            "account_receivable_turnover_ratio": 6.67,
            "reinvestment_rate": 67.29,
            "research_to_sale_ratio": 0.56,
            "price_fair": 321.6,
            "eps_avg_yearly": 9.19,
            "eps_latest_yearly": 5.2,
            "eps_growth_yearly": 203.39
        },
        "20103": {
            "year_quarter": 20103,
            "year": 2010,
            "quarter": 3,
            "eps": 1.17,
            "eps_growth_year": 7.5,
            "eps_4q": 5.57,
            "eps_4q_growth_year": 603.55,
            "roe": 4.27,
            "gross_profit": 562832,
            "gross_margin": 5.58,
            "net_income": 351789,
            "revenue": 10086195,
            "common_shares": 2997654,
            "equity": 8396341,
            "current_ratio": 166.92,
            "debt_ratio": 56.54,
            "inventory_turnover_ratio": 1.12,
            "account_receivable_turnover_ratio": 5.44,
            "reinvestment_rate": 63.83,
            "research_to_sale_ratio": 0.66,
            "price_fair": 323,
            "eps_avg_yearly": 9.23,
            "eps_latest_yearly": 4.68,
            "eps_growth_yearly": 198.12
        },
        "20104": {
            "year_quarter": 20104,
            "year": 2010,
            "quarter": 4,
            "eps": 1.65,
            "eps_growth_year": -24.87,
            "eps_4q": 5.39,
            "eps_4q_growth_year": 2.13,
            "roe": 5.81,
            "gross_profit": 672291,
            "gross_margin": 3.5,
            "net_income": 499256,
            "revenue": 19209786,
            "common_shares": 2997654,
            "equity": 8795797,
            "current_ratio": 241.78,
            "debt_ratio": 47.36,
            "inventory_turnover_ratio": 2.23,
            "account_receivable_turnover_ratio": 9.76,
            "reinvestment_rate": 53.64,
            "research_to_sale_ratio": 0.44,
            "price_fair": 309.9,
            "eps_avg_yearly": 8.85,
            "eps_latest_yearly": 6.6,
            "eps_growth_yearly": 156.31
        },
        "20111": {
            "year_quarter": 20111,
            "year": 2011,
            "quarter": 1,
            "eps": 1.29,
            "eps_growth_year": -14.57,
            "eps_4q": 5.42,
            "eps_4q_growth_year": -16.45,
            "roe": 4.26,
            "gross_profit": 653343,
            "gross_margin": 4.03,
            "net_income": 383036,
            "revenue": 16192969,
            "common_shares": 2997884,
            "equity": 9185659,
            "current_ratio": 179.21,
            "debt_ratio": 57.8,
            "inventory_turnover_ratio": 1.89,
            "account_receivable_turnover_ratio": 8.22,
            "reinvestment_rate": 64.21,
            "research_to_sale_ratio": 0.47,
            "price_fair": 277.4,
            "eps_avg_yearly": 7.93,
            "eps_latest_yearly": 5.16,
            "eps_growth_yearly": 134.82
        },
        "20112": {
            "year_quarter": 20112,
            "year": 2011,
            "quarter": 2,
            "eps": 0.7,
            "eps_growth_year": -46.46,
            "eps_4q": 3.99,
            "eps_4q_growth_year": -24.74,
            "roe": 2.98,
            "gross_profit": 557819,
            "gross_margin": 2.72,
            "net_income": 268920,
            "revenue": 20508050,
            "common_shares": 2999412,
            "equity": 8842075,
            "current_ratio": 177.2,
            "debt_ratio": 55.18,
            "inventory_turnover_ratio": 2.18,
            "account_receivable_turnover_ratio": 10.19,
            "reinvestment_rate": 112.99,
            "research_to_sale_ratio": 0.42,
            "price_fair": 257.4,
            "eps_avg_yearly": 7.35,
            "eps_latest_yearly": 2.8,
            "eps_growth_yearly": 133.34
        },
        "20113": {
            "year_quarter": 20113,
            "year": 2011,
            "quarter": 3,
            "eps": 0.03,
            "eps_growth_year": -97.65,
            "eps_4q": 3.08,
            "eps_4q_growth_year": -44.63,
            "roe": 0.21,
            "gross_profit": 861363,
            "gross_margin": 4.91,
            "net_income": 19391,
            "revenue": 17533449,
            "common_shares": 3744378,
            "equity": 9234651,
            "current_ratio": 217.91,
            "debt_ratio": 64.04,
            "inventory_turnover_ratio": 1.76,
            "account_receivable_turnover_ratio": 8.1,
            "reinvestment_rate": 146.08,
            "research_to_sale_ratio": 0.51,
            "price_fair": 234,
            "eps_avg_yearly": 6.69,
            "eps_latest_yearly": 0.12,
            "eps_growth_yearly": 109.48
        },
        "20114": {
            "year_quarter": 20114,
            "year": 2011,
            "quarter": 4,
            "eps": 0.41,
            "eps_growth_year": -75.41,
            "eps_4q": 2.17,
            "eps_4q_growth_year": -59.71,
            "roe": 1.5,
            "gross_profit": 477465,
            "gross_margin": 2.75,
            "net_income": 139243,
            "revenue": 17355254,
            "common_shares": 3739481,
            "equity": 9345296,
            "current_ratio": 232.2,
            "debt_ratio": 53.14,
            "inventory_turnover_ratio": 1.95,
            "account_receivable_turnover_ratio": 8.08,
            "reinvestment_rate": 106.31,
            "research_to_sale_ratio": 0.58,
            "price_fair": 201.9,
            "eps_avg_yearly": 5.77,
            "eps_latest_yearly": 1.64,
            "eps_growth_yearly": 456.32
        },
        "20121": {
            "year_quarter": 20121,
            "year": 2012,
            "quarter": 1,
            "eps": 0.86,
            "eps_growth_year": -33.33,
            "eps_4q": 2,
            "eps_4q_growth_year": -63.1,
            "roe": 3.38,
            "gross_profit": 412522,
            "gross_margin": 2.13,
            "net_income": 320091,
            "revenue": 19386102,
            "common_shares": 3739481,
            "equity": 9605970,
            "current_ratio": 372.4,
            "debt_ratio": 56.82,
            "inventory_turnover_ratio": 2.32,
            "account_receivable_turnover_ratio": 9.14,
            "reinvestment_rate": 117.59,
            "research_to_sale_ratio": 0.38,
            "price_fair": 169.9,
            "eps_avg_yearly": 4.85,
            "eps_latest_yearly": 3.44,
            "eps_growth_yearly": 484.2
        },
        "20122": {
            "year_quarter": 20122,
            "year": 2012,
            "quarter": 2,
            "eps": 0.55,
            "eps_growth_year": -21.72,
            "eps_4q": 1.73,
            "eps_4q_growth_year": -56.72,
            "roe": 2.31,
            "gross_profit": 563837,
            "gross_margin": 3.21,
            "net_income": 220329,
            "revenue": 17573207,
            "common_shares": 3719331,
            "equity": 9469111,
            "current_ratio": 265.45,
            "debt_ratio": 55.7,
            "inventory_turnover_ratio": 1.98,
            "account_receivable_turnover_ratio": 7.72,
            "reinvestment_rate": 129.52,
            "research_to_sale_ratio": 0.42,
            "price_fair": 159.6,
            "eps_avg_yearly": 4.56,
            "eps_latest_yearly": 2.2,
            "eps_growth_yearly": 491.36
        },
        "20123": {
            "year_quarter": 20123,
            "year": 2012,
            "quarter": 3,
            "eps": 0.35,
            "eps_growth_year": 1155.91,
            "eps_4q": 2.05,
            "eps_4q_growth_year": -33.55,
            "roe": 1.5,
            "gross_profit": 458637,
            "gross_margin": 3.35,
            "net_income": 142999,
            "revenue": 13679126,
            "common_shares": 4090603,
            "equity": 9595836,
            "current_ratio": 246.96,
            "debt_ratio": 59.77,
            "inventory_turnover_ratio": 1.47,
            "account_receivable_turnover_ratio": 6.07,
            "reinvestment_rate": 143.11,
            "research_to_sale_ratio": 0.61,
            "price_fair": 148.5,
            "eps_avg_yearly": 4.24,
            "eps_latest_yearly": 1.4,
            "eps_growth_yearly": 483.14
        },
        "20124": {
            "year_quarter": 20124,
            "year": 2012,
            "quarter": 4,
            "eps": 0.52,
            "eps_growth_year": 27.86,
            "eps_4q": 2.2,
            "eps_4q_growth_year": 1.29,
            "roe": 2.01,
            "gross_profit": 126601,
            "gross_margin": 0.54,
            "net_income": 194457,
            "revenue": 23338260,
            "common_shares": 4090603,
            "equity": 9788003,
            "current_ratio": 266.93,
            "debt_ratio": 54.67,
            "inventory_turnover_ratio": 2.57,
            "account_receivable_turnover_ratio": 11.78,
            "reinvestment_rate": 121,
            "research_to_sale_ratio": 0.37,
            "price_fair": 143.45,
            "eps_avg_yearly": 4.1,
            "eps_latest_yearly": 2.08,
            "eps_growth_yearly": 463.88
        },
        "20131": {
            "year_quarter": 20131,
            "year": 2013,
            "quarter": 1,
            "eps": 0.36,
            "eps_growth_year": -58.14,
            "eps_4q": 1.77,
            "eps_4q_growth_year": -11.49,
            "roe": 1.5,
            "gross_profit": 317703,
            "gross_margin": 3.33,
            "net_income": 146824,
            "revenue": 9534382,
            "common_shares": 4090603,
            "equity": 9807926,
            "current_ratio": 252.7,
            "debt_ratio": 59.01,
            "inventory_turnover_ratio": 1.01,
            "account_receivable_turnover_ratio": 5.06,
            "reinvestment_rate": 104.82,
            "research_to_sale_ratio": 0.88,
            "price_fair": 137.64,
            "eps_avg_yearly": 3.93,
            "eps_latest_yearly": 1.44,
            "eps_growth_yearly": 427.19
        },
        "20132": {
            "year_quarter": 20132,
            "year": 2013,
            "quarter": 2,
            "eps": 0.06,
            "eps_growth_year": -89.02,
            "eps_4q": 1.29,
            "eps_4q_growth_year": -25.07,
            "roe": 0.39,
            "gross_profit": 1015212,
            "gross_margin": 12.92,
            "net_income": 37507,
            "revenue": 7858933,
            "common_shares": 4085643,
            "equity": 9203428,
            "current_ratio": 236.16,
            "debt_ratio": 59.95,
            "inventory_turnover_ratio": 0.73,
            "account_receivable_turnover_ratio": 3.79,
            "reinvestment_rate": 102.7,
            "research_to_sale_ratio": 1.11,
            "price_fair": 122.94,
            "eps_avg_yearly": 3.51,
            "eps_latest_yearly": 0.24,
            "eps_growth_yearly": 281.36
        },
        "20133": {
            "year_quarter": 20133,
            "year": 2013,
            "quarter": 3,
            "eps": 0.31,
            "eps_growth_year": -10.3,
            "eps_4q": 1.26,
            "eps_4q_growth_year": -38.34,
            "roe": 1.4,
            "gross_profit": 249139,
            "gross_margin": 2.68,
            "net_income": 129649,
            "revenue": 9307037,
            "common_shares": 4085643,
            "equity": 9311272,
            "current_ratio": 178.81,
            "debt_ratio": 59.2,
            "inventory_turnover_ratio": 1.1,
            "account_receivable_turnover_ratio": 4.47,
            "reinvestment_rate": 106.53,
            "research_to_sale_ratio": 1.27,
            "price_fair": 116.11,
            "eps_avg_yearly": 3.32,
            "eps_latest_yearly": 1.24,
            "eps_growth_yearly": 394.87
        },
        "20134": {
            "year_quarter": 20134,
            "year": 2013,
            "quarter": 4,
            "eps": 0.23,
            "eps_growth_year": -56.09,
            "eps_4q": 0.97,
            "eps_4q_growth_year": -55.84,
            "roe": 1.01,
            "gross_profit": 402918,
            "gross_margin": 5.34,
            "net_income": 94837,
            "revenue": 7541198,
            "common_shares": 4085643,
            "equity": 9420716,
            "current_ratio": 184.76,
            "debt_ratio": 52.03,
            "inventory_turnover_ratio": 1.05,
            "account_receivable_turnover_ratio": 3.93,
            "reinvestment_rate": 120.6,
            "research_to_sale_ratio": 2.02,
            "price_fair": 98.88,
            "eps_avg_yearly": 2.83,
            "eps_latest_yearly": 0.92,
            "eps_growth_yearly": 362.96
        },
        "20141": {
            "year_quarter": 20141,
            "year": 2014,
            "quarter": 1,
            "eps": 0.08,
            "eps_growth_year": -77.78,
            "eps_4q": 0.69,
            "eps_4q_growth_year": -60.99,
            "roe": 0.39,
            "gross_profit": 359119,
            "gross_margin": 4.05,
            "net_income": 37218,
            "revenue": 8860211,
            "common_shares": 4085643,
            "equity": 9445152,
            "current_ratio": 161.89,
            "debt_ratio": 61.51,
            "inventory_turnover_ratio": 1.19,
            "account_receivable_turnover_ratio": 4.62,
            "reinvestment_rate": 127.78,
            "research_to_sale_ratio": 1.2,
            "price_fair": 86.36,
            "eps_avg_yearly": 2.47,
            "eps_latest_yearly": 0.32,
            "eps_growth_yearly": 354.49
        },
        "20142": {
            "year_quarter": 20142,
            "year": 2014,
            "quarter": 2,
            "eps": 0.43,
            "eps_growth_year": 616.67,
            "eps_4q": 1.05,
            "eps_4q_growth_year": -18.65,
            "roe": 1.95,
            "gross_profit": 388623,
            "gross_margin": 2.45,
            "net_income": 181687,
            "revenue": 15886602,
            "common_shares": 4085643,
            "equity": 9187414,
            "current_ratio": 160.04,
            "debt_ratio": 54.69,
            "inventory_turnover_ratio": 2.25,
            "account_receivable_turnover_ratio": 7.5,
            "reinvestment_rate": 128.62,
            "research_to_sale_ratio": 0.72,
            "price_fair": 78.75,
            "eps_avg_yearly": 2.25,
            "eps_latest_yearly": 1.72,
            "eps_growth_yearly": 467.35
        },
        "20143": {
            "year_quarter": 20143,
            "year": 2014,
            "quarter": 3,
            "eps": 0.3,
            "eps_growth_year": -3.23,
            "eps_4q": 1.04,
            "eps_4q_growth_year": -17.99,
            "roe": 1.38,
            "gross_profit": 480484,
            "gross_margin": 3.94,
            "net_income": 127871,
            "revenue": 12208201,
            "common_shares": 4085643,
            "equity": 9387572,
            "current_ratio": 168.07,
            "debt_ratio": 61.33,
            "inventory_turnover_ratio": 1.66,
            "account_receivable_turnover_ratio": 5.5,
            "reinvestment_rate": 134.84,
            "research_to_sale_ratio": 0.95,
            "price_fair": 71.14,
            "eps_avg_yearly": 2.03,
            "eps_latest_yearly": 1.2,
            "eps_growth_yearly": 462.29
        },
        "20144": {
            "year_quarter": 20144,
            "year": 2014,
            "quarter": 4,
            "eps": 0.31,
            "eps_growth_year": 34.64,
            "eps_4q": 1.11,
            "eps_4q_growth_year": 14.83,
            "roe": 1.32,
            "gross_profit": 453020,
            "gross_margin": 2.77,
            "net_income": 125387,
            "revenue": 16350877,
            "common_shares": 4085643,
            "equity": 9577005,
            "current_ratio": 235.61,
            "debt_ratio": 53.91,
            "inventory_turnover_ratio": 2.13,
            "account_receivable_turnover_ratio": 7.96,
            "reinvestment_rate": 147.64,
            "research_to_sale_ratio": 0.7,
            "price_fair": 59.41,
            "eps_avg_yearly": 1.7,
            "eps_latest_yearly": 1.24,
            "eps_growth_yearly": 452.86
        },
        "20151": {
            "year_quarter": 20151,
            "year": 2015,
            "quarter": 1,
            "eps": 0.16,
            "eps_growth_year": 100,
            "eps_4q": 1.19,
            "eps_4q_growth_year": 72.31,
            "roe": 0.71,
            "gross_profit": 276517,
            "gross_margin": 1.42,
            "net_income": 67961,
            "revenue": 19497129,
            "common_shares": 4085643,
            "equity": 9624855,
            "current_ratio": 196.28,
            "debt_ratio": 57.54,
            "inventory_turnover_ratio": 2.9,
            "account_receivable_turnover_ratio": 9.95,
            "reinvestment_rate": 154.45,
            "research_to_sale_ratio": 0.55,
            "price_fair": 49.53,
            "eps_avg_yearly": 1.42,
            "eps_latest_yearly": 0.64,
            "eps_growth_yearly": 446.22
        },
        "20152": {
            "year_quarter": 20152,
            "year": 2015,
            "quarter": 2,
            "eps": 0.27,
            "eps_growth_year": -37.21,
            "eps_4q": 1.03,
            "eps_4q_growth_year": -1.7,
            "roe": 1.13,
            "gross_profit": 261128,
            "gross_margin": 1.39,
            "net_income": 107063,
            "revenue": 18759312,
            "common_shares": 4085643,
            "equity": 9373275,
            "current_ratio": 208.4,
            "debt_ratio": 55.72,
            "inventory_turnover_ratio": 2.87,
            "account_receivable_turnover_ratio": 9.32,
            "reinvestment_rate": 40.17,
            "research_to_sale_ratio": 0.58,
            "price_fair": 45.76,
            "eps_avg_yearly": 1.31,
            "eps_latest_yearly": 1.08,
            "eps_growth_yearly": 474.84
        },
        "20153": {
            "year_quarter": 20153,
            "year": 2015,
            "quarter": 3,
            "eps": 0.21,
            "eps_growth_year": -30,
            "eps_4q": 0.96,
            "eps_4q_growth_year": -7.33,
            "roe": 0.93,
            "gross_profit": 512898,
            "gross_margin": 3.97,
            "net_income": 87134,
            "revenue": 12928493,
            "common_shares": 4085643,
            "equity": 9430195,
            "current_ratio": 127.28,
            "debt_ratio": 58.86,
            "inventory_turnover_ratio": 2.19,
            "account_receivable_turnover_ratio": 6.21,
            "reinvestment_rate": -12.15,
            "research_to_sale_ratio": 0.92,
            "price_fair": 47.34,
            "eps_avg_yearly": 1.35,
            "eps_latest_yearly": 0.84,
            "eps_growth_yearly": 493.22
        },
        "20154": {
            "year_quarter": 20154,
            "year": 2015,
            "quarter": 4,
            "eps": -3.32,
            "eps_growth_year": -1180.56,
            "eps_4q": -2.67,
            "eps_4q_growth_year": -339.73,
            "roe": -15.24,
            "gross_profit": -800961,
            "gross_margin": -7.86,
            "net_income": -1322765,
            "revenue": 10187403,
            "common_shares": 4085643,
            "equity": 7925664,
            "current_ratio": 115.75,
            "debt_ratio": 59.55,
            "inventory_turnover_ratio": 2.01,
            "account_receivable_turnover_ratio": 4.8,
            "reinvestment_rate": 187.67,
            "research_to_sale_ratio": 1.41,
            "price_fair": 46.67,
            "eps_avg_yearly": 1.33,
            "eps_latest_yearly": 0.84,
            "eps_growth_yearly": 188.32
        },
        "20161": {
            "year_quarter": 20161,
            "year": 2016,
            "quarter": 1,
            "eps": -2.24,
            "eps_growth_year": -1500,
            "eps_4q": -5.08,
            "eps_4q_growth_year": -527.15,
            "roe": -15.06,
            "gross_profit": -613778,
            "gross_margin": -6.32,
            "net_income": -885652,
            "revenue": 9718565,
            "common_shares": 4085643,
            "equity": 3832540,
            "current_ratio": 149.12,
            "debt_ratio": 81.88,
            "inventory_turnover_ratio": 1.91,
            "account_receivable_turnover_ratio": 4.92,
            "reinvestment_rate": null,
            "research_to_sale_ratio": 1,
            "price_fair": 41.4,
            "eps_avg_yearly": 1.18,
            "eps_latest_yearly": 0.84,
            "eps_growth_yearly": 170.41
        },
        "20162": {
            "year_quarter": 20162,
            "year": 2016,
            "quarter": 2,
            "eps": 1.47,
            "eps_growth_year": 444.44,
            "eps_4q": -3.89,
            "eps_4q_growth_year": -476.05,
            "roe": 14.12,
            "gross_profit": 966903,
            "gross_margin": 15.61,
            "net_income": 575289,
            "revenue": 6193264,
            "common_shares": 4085643,
            "equity": 4318437,
            "current_ratio": 173.19,
            "debt_ratio": 78.51,
            "inventory_turnover_ratio": 0.92,
            "account_receivable_turnover_ratio": 3.56,
            "reinvestment_rate": null,
            "research_to_sale_ratio": 1.74,
            "price_fair": 38.66,
            "eps_avg_yearly": 1.1,
            "eps_latest_yearly": 0.84,
            "eps_growth_yearly": 194.61
        },
        "20163": {
            "year_quarter": 20163,
            "year": 2016,
            "quarter": 3,
            "eps": -0.09,
            "eps_growth_year": -142.86,
            "eps_4q": -4.19,
            "eps_4q_growth_year": -536.98,
            "roe": -0.61,
            "gross_profit": 280333,
            "gross_margin": 5.24,
            "net_income": -26278,
            "revenue": 5347870,
            "common_shares": 4065643,
            "equity": 4233048,
            "current_ratio": 175.83,
            "debt_ratio": 78.34,
            "inventory_turnover_ratio": 0.85,
            "account_receivable_turnover_ratio": 3.28,
            "reinvestment_rate": null,
            "research_to_sale_ratio": 1.76,
            "price_fair": 37.8,
            "eps_avg_yearly": 1.08,
            "eps_latest_yearly": 0.84,
            "eps_growth_yearly": 222.95
        },
        "20164": {
            "year_quarter": 20164,
            "year": 2016,
            "quarter": 4,
            "eps": -0.37,
            "eps_growth_year": null,
            "eps_4q": -1.23,
            "eps_4q_growth_year": null,
            "roe": -3.31,
            "gross_profit": 69132,
            "gross_margin": 1.73,
            "net_income": -136010,
            "revenue": 4005841,
            "common_shares": 4065643,
            "equity": 3995100,
            "current_ratio": 174.68,
            "debt_ratio": 79.21,
            "inventory_turnover_ratio": 0.74,
            "account_receivable_turnover_ratio": 2.4,
            "reinvestment_rate": null,
            "research_to_sale_ratio": 2.63,
            "price_fair": 34.62,
            "eps_avg_yearly": 0.99,
            "eps_latest_yearly": 0.84,
            "eps_growth_yearly": 225.56
        },
        "20171": {
            "year_quarter": 20171,
            "year": 2017,
            "quarter": 1,
            "eps": 0,
            "eps_growth_year": null,
            "eps_4q": 1.02,
            "eps_4q_growth_year": null,
            "roe": 0.12,
            "gross_profit": 288777,
            "gross_margin": 8.4,
            "net_income": 4772,
            "revenue": 3439508,
            "common_shares": 4055323,
            "equity": 3915250,
            "current_ratio": 197.2,
            "debt_ratio": 78.42,
            "inventory_turnover_ratio": 0.64,
            "account_receivable_turnover_ratio": 2.18,
            "reinvestment_rate": null,
            "research_to_sale_ratio": 1.77,
            "price_fair": 33.04,
            "eps_avg_yearly": 0.94,
            "eps_latest_yearly": 0.84,
            "eps_growth_yearly": 260.42
        },
        "20172": {
            "year_quarter": 20172,
            "year": 2017,
            "quarter": 2,
            "eps": 0.11,
            "eps_growth_year": -92.52,
            "eps_4q": -0.35,
            "eps_4q_growth_year": null,
            "roe": 1.07,
            "gross_profit": 429923,
            "gross_margin": 12.75,
            "net_income": 42246,
            "revenue": 3371779,
            "common_shares": 4055323,
            "equity": 3982590,
            "current_ratio": 190.24,
            "debt_ratio": 78.3,
            "inventory_turnover_ratio": 0.6,
            "account_receivable_turnover_ratio": 2.31,
            "reinvestment_rate": null,
            "research_to_sale_ratio": 2.17,
            "price_fair": 35.78,
            "eps_avg_yearly": 1.02,
            "eps_latest_yearly": 0.84,
            "eps_growth_yearly": 326.39
        },
        "20173": {
            "year_quarter": 20173,
            "year": 2017,
            "quarter": 3,
            "eps": 0.04,
            "eps_growth_year": null,
            "eps_4q": -0.26,
            "eps_4q_growth_year": null,
            "roe": 0.43,
            "gross_profit": 364046,
            "gross_margin": 9.24,
            "net_income": 17157,
            "revenue": 3939368,
            "common_shares": 3575012,
            "equity": 4026254,
            "current_ratio": 145.08,
            "debt_ratio": 78.23,
            "inventory_turnover_ratio": 0.7,
            "account_receivable_turnover_ratio": 2.59,
            "reinvestment_rate": null,
            "research_to_sale_ratio": 1.48,
            "price_fair": 31.58,
            "eps_avg_yearly": 0.9,
            "eps_latest_yearly": 0.16,
            "eps_growth_yearly": 112.92
        },
        "20174": {
            "year_quarter": 20174,
            "year": 2017,
            "quarter": 4,
            "eps": 0.15,
            "eps_growth_year": null,
            "eps_4q": 0.29,
            "eps_4q_growth_year": null,
            "roe": 1.24,
            "gross_profit": 566699,
            "gross_margin": 11.33,
            "net_income": 53185,
            "revenue": 5002938,
            "common_shares": 3985012,
            "equity": 4584212,
            "current_ratio": 154.97,
            "debt_ratio": 75.94,
            "inventory_turnover_ratio": 0.83,
            "account_receivable_turnover_ratio": 3.15,
            "reinvestment_rate": null,
            "research_to_sale_ratio": 1.3,
            "price_fair": 30.33,
            "eps_avg_yearly": 0.87,
            "eps_latest_yearly": 0.6,
            "eps_growth_yearly": 246.62
        },
        "20181": {
            "year_quarter": 20181,
            "year": 2018,
            "quarter": 1,
            "eps": 0.34,
            "eps_growth_year": null,
            "eps_4q": 0.63,
            "eps_4q_growth_year": -38.26,
            "roe": 2.89,
            "gross_profit": 475117,
            "gross_margin": 9.27,
            "net_income": 135391,
            "revenue": 5126362,
            "common_shares": 3985012,
            "equity": 4788559,
            "current_ratio": 131.19,
            "debt_ratio": 75.04,
            "inventory_turnover_ratio": 0.81,
            "account_receivable_turnover_ratio": 3.33,
            "reinvestment_rate": null,
            "research_to_sale_ratio": 1.54,
            "price_fair": 34.38,
            "eps_avg_yearly": 0.98,
            "eps_latest_yearly": 1.36,
            "eps_growth_yearly": 331.9
        },
        "20182": {
            "year_quarter": 20182,
            "year": 2018,
            "quarter": 2,
            "eps": 0.5,
            "eps_growth_year": 354.55,
            "eps_4q": 1.01,
            "eps_4q_growth_year": null,
            "roe": 4.18,
            "gross_profit": 577987,
            "gross_margin": 11.35,
            "net_income": 206894,
            "revenue": 5093571,
            "common_shares": 3985012,
            "equity": 5119271,
            "current_ratio": 181.88,
            "debt_ratio": 73.69,
            "inventory_turnover_ratio": 0.73,
            "account_receivable_turnover_ratio": 3.43,
            "reinvestment_rate": null,
            "research_to_sale_ratio": 1.57,
            "price_fair": 35.47,
            "eps_avg_yearly": 1.01,
            "eps_latest_yearly": 2,
            "eps_growth_yearly": 158.37
        },
        "20183": {
            "year_quarter": 20183,
            "year": 2018,
            "quarter": 3,
            "eps": 0.45,
            "eps_growth_year": 1025,
            "eps_4q": 1.42,
            "eps_4q_growth_year": null,
            "roe": 3.6,
            "gross_profit": 641306,
            "gross_margin": 11.4,
            "net_income": 186966,
            "revenue": 5626620,
            "common_shares": 3985012,
            "equity": 5266774,
            "current_ratio": 113.17,
            "debt_ratio": 73.45,
            "inventory_turnover_ratio": 0.79,
            "account_receivable_turnover_ratio": 3.35,
            "reinvestment_rate": null,
            "research_to_sale_ratio": 1.42,
            "price_fair": 37.8,
            "eps_avg_yearly": 1.08,
            "eps_latest_yearly": 1.8,
            "eps_growth_yearly": 167.36
        },
        "20184": {
            "year_quarter": 20184,
            "year": 2018,
            "quarter": 4,
            "eps": -0.3,
            "eps_growth_year": -297.89,
            "eps_4q": 0.98,
            "eps_4q_growth_year": 231.54,
            "roe": -2.22,
            "gross_profit": 553484,
            "gross_margin": 10.98,
            "net_income": -116014,
            "revenue": 5040520,
            "common_shares": 3984312,
            "equity": 5169768,
            "current_ratio": 88.09,
            "debt_ratio": 73.93,
            "inventory_turnover_ratio": 0.68,
            "account_receivable_turnover_ratio": 3.03,
            "reinvestment_rate": null,
            "research_to_sale_ratio": 1.67,
            "price_fair": 37.1,
            "eps_avg_yearly": 1.06,
            "eps_latest_yearly": 1.8,
            "eps_growth_yearly": 186.61
        },
        "20191": {
            "year_quarter": 20191,
            "year": 2019,
            "quarter": 1,
            "eps": 0.39,
            "eps_growth_year": 14.71,
            "eps_4q": 1.04,
            "eps_4q_growth_year": 64.94,
            "roe": 3.08,
            "gross_profit": 693069,
            "gross_margin": 14.58,
            "net_income": 162260,
            "revenue": 4753631,
            "common_shares": 3984312,
            "equity": 5380200,
            "current_ratio": 220.28,
            "debt_ratio": 73.22,
            "inventory_turnover_ratio": 0.6,
            "account_receivable_turnover_ratio": 3.23,
            "reinvestment_rate": null,
            "research_to_sale_ratio": 1.41,
            "price_fair": 39.2,
            "eps_avg_yearly": 1.12,
            "eps_latest_yearly": 1.8,
            "eps_growth_yearly": 240.92
        },
        "20192": {
            "year_quarter": 20192,
            "year": 2019,
            "quarter": 2,
            "eps": 0.2,
            "eps_growth_year": -60,
            "eps_4q": 0.68,
            "eps_4q_growth_year": -32.55,
            "roe": 1.63,
            "gross_profit": 512732,
            "gross_margin": 10.27,
            "net_income": 94173,
            "revenue": 4991878,
            "common_shares": 4384312,
            "equity": 6156641,
            "current_ratio": 104.37,
            "debt_ratio": 70.24,
            "inventory_turnover_ratio": 0.68,
            "account_receivable_turnover_ratio": 3.35,
            "reinvestment_rate": null,
            "research_to_sale_ratio": 1.57,
            "price_fair": 37.8,
            "eps_avg_yearly": 1.08,
            "eps_latest_yearly": 0.8,
            "eps_growth_yearly": 173.8
        },
        "20193": {
            "year_quarter": 20193,
            "year": 2019,
            "quarter": 3,
            "eps": 0.45,
            "eps_growth_year": 0,
            "eps_4q": 0.64,
            "eps_4q_growth_year": -54.94,
            "roe": 3.03,
            "gross_profit": 968244,
            "gross_margin": 14.63,
            "net_income": 205555,
            "revenue": 6617638,
            "common_shares": 4984312,
            "equity": 7422130,
            "current_ratio": 96.38,
            "debt_ratio": 65.73,
            "inventory_turnover_ratio": 0.81,
            "account_receivable_turnover_ratio": 4.21,
            "reinvestment_rate": null,
            "research_to_sale_ratio": 1.19,
            "price_fair": 42.6,
            "eps_avg_yearly": 1.22,
            "eps_latest_yearly": 1.8,
            "eps_growth_yearly": 257.93
        },
        "20194": {
            "year_quarter": 20194,
            "year": 2019,
            "quarter": 4,
            "eps": 1.2,
            "eps_growth_year": null,
            "eps_4q": 2.08,
            "eps_4q_growth_year": 113.49,
            "roe": 7.77,
            "gross_profit": 726597,
            "gross_margin": 12.92,
            "net_income": 599137,
            "revenue": 5623515,
            "common_shares": 4984312,
            "equity": 7998908,
            "current_ratio": 104.6,
            "debt_ratio": 62.4,
            "inventory_turnover_ratio": 0.67,
            "account_receivable_turnover_ratio": 3.48,
            "reinvestment_rate": -186.32,
            "research_to_sale_ratio": 1.42,
            "price_fair": 58.28,
            "eps_avg_yearly": 1.67,
            "eps_latest_yearly": 4.8,
            "eps_growth_yearly": 309.02
        },
        "20201": {
            "year_quarter": 20201,
            "year": 2020,
            "quarter": 1,
            "eps": 0.27,
            "eps_growth_year": -30.77,
            "eps_4q": 2.04,
            "eps_4q_growth_year": 96.97,
            "roe": 1.65,
            "gross_profit": 54303,
            "gross_margin": 1,
            "net_income": 133250,
            "revenue": 5416929,
            "common_shares": 4984312,
            "equity": 8151551,
            "current_ratio": 269.57,
            "debt_ratio": 61.72,
            "inventory_turnover_ratio": 0.73,
            "account_receivable_turnover_ratio": 3.47,
            "reinvestment_rate": -102.99,
            "research_to_sale_ratio": 1.37,
            "price_fair": 56,
            "eps_avg_yearly": 1.6,
            "eps_latest_yearly": 1.08,
            "eps_growth_yearly": 240.24
        },
        "20202": {
            "year_quarter": 20202,
            "year": 2020,
            "quarter": 2,
            "eps": 0.37,
            "eps_growth_year": 85,
            "eps_4q": 2.24,
            "eps_4q_growth_year": 227.77,
            "roe": 2.4,
            "gross_profit": 944808,
            "gross_margin": 14.71,
            "net_income": 191464,
            "revenue": 6424377,
            "common_shares": 4984312,
            "equity": 7809437,
            "current_ratio": 466.51,
            "debt_ratio": 63.13,
            "inventory_turnover_ratio": 0.74,
            "account_receivable_turnover_ratio": 4.04,
            "reinvestment_rate": -120.63,
            "research_to_sale_ratio": 1.36,
            "price_fair": 55.58,
            "eps_avg_yearly": 1.59,
            "eps_latest_yearly": 1.48,
            "eps_growth_yearly": 231.03
        },
        "20203": {
            "year_quarter": 20203,
            "year": 2020,
            "quarter": 3,
            "eps": 0.53,
            "eps_growth_year": 17.78,
            "eps_4q": 2.37,
            "eps_4q_growth_year": 269.39,
            "roe": 3.44,
            "gross_profit": 984273,
            "gross_margin": 13.1,
            "net_income": 273815,
            "revenue": 7513729,
            "common_shares": 4984312,
            "equity": 8120367,
            "current_ratio": 567.77,
            "debt_ratio": 61.22,
            "inventory_turnover_ratio": 0.87,
            "account_receivable_turnover_ratio": 4.2,
            "reinvestment_rate": -89.33,
            "research_to_sale_ratio": 1.42,
            "price_fair": 57.27,
            "eps_avg_yearly": 1.64,
            "eps_latest_yearly": 2.12,
            "eps_growth_yearly": 225.75
        },
        "20204": {
            "year_quarter": 20204,
            "year": 2020,
            "quarter": 4,
            "eps": 0.53,
            "eps_growth_year": -56.18,
            "eps_4q": 1.69,
            "eps_4q_growth_year": -18.82,
            "roe": 3.43,
            "gross_profit": 1062482,
            "gross_margin": 14.53,
            "net_income": 285146,
            "revenue": 7310332,
            "common_shares": 4984312,
            "equity": 8506283,
            "current_ratio": 530.41,
            "debt_ratio": 59.99,
            "inventory_turnover_ratio": 0.81,
            "account_receivable_turnover_ratio": 3.91,
            "reinvestment_rate": -62.69,
            "research_to_sale_ratio": 1.58,
            "price_fair": 58.68,
            "eps_avg_yearly": 1.68,
            "eps_latest_yearly": 2.12,
            "eps_growth_yearly": 206.94
        },
        "20211": {
            "year_quarter": 20211,
            "year": 2021,
            "quarter": 1,
            "eps": 0.46,
            "eps_growth_year": 70.37,
            "eps_4q": 1.64,
            "eps_4q_growth_year": -19.48,
            "roe": 2.63,
            "gross_profit": 756012,
            "gross_margin": 10.26,
            "net_income": 270820,
            "revenue": 7367143,
            "common_shares": 5919312,
            "equity": 12118819,
            "current_ratio": 635.02,
            "debt_ratio": 50.29,
            "inventory_turnover_ratio": 0.81,
            "account_receivable_turnover_ratio": 3.99,
            "reinvestment_rate": -43.43,
            "research_to_sale_ratio": 1.15,
            "price_fair": 59.12,
            "eps_avg_yearly": 1.69,
            "eps_latest_yearly": 1.84,
            "eps_growth_yearly": 186.96
        },
        "20212": {
            "year_quarter": 20212,
            "year": 2021,
            "quarter": 2,
            "eps": 0.53,
            "eps_growth_year": 43.24,
            "eps_4q": 1.86,
            "eps_4q_growth_year": -16.9,
            "roe": 2.68,
            "gross_profit": 939684,
            "gross_margin": 12.26,
            "net_income": 328167,
            "revenue": 7661684,
            "common_shares": 5919312,
            "equity": 12410939,
            "current_ratio": 612.16,
            "debt_ratio": 49.69,
            "inventory_turnover_ratio": 0.78,
            "account_receivable_turnover_ratio": 3.87,
            "reinvestment_rate": -23.17,
            "research_to_sale_ratio": 1.12,
            "price_fair": 60.2,
            "eps_avg_yearly": 1.72,
            "eps_latest_yearly": 2.12,
            "eps_growth_yearly": 177.95
        },
        "20213": {
            "year_quarter": 20213,
            "year": 2021,
            "quarter": 3,
            "eps": 0.61,
            "eps_growth_year": 15.09,
            "eps_4q": 2.03,
            "eps_4q_growth_year": -14.5,
            "roe": 3.07,
            "gross_profit": 982773,
            "gross_margin": 11.9,
            "net_income": 375880,
            "revenue": 8261386,
            "common_shares": 5919312,
            "equity": 12074597,
            "current_ratio": 492.67,
            "debt_ratio": 50.97,
            "inventory_turnover_ratio": 0.81,
            "account_receivable_turnover_ratio": 4.13,
            "reinvestment_rate": -12.43,
            "research_to_sale_ratio": 1.39,
            "price_fair": 65.9,
            "eps_avg_yearly": 1.88,
            "eps_latest_yearly": 2.44,
            "eps_growth_yearly": 200.45
        },
        "20214": {
            "year_quarter": 20214,
            "year": 2021,
            "quarter": 4,
            "eps": 0.54,
            "eps_growth_year": 2.56,
            "eps_4q": 2.12,
            "eps_4q_growth_year": 25.41,
            "roe": 2.72,
            "gross_profit": 927011,
            "gross_margin": 11.49,
            "net_income": 333875,
            "revenue": 8064624,
            "common_shares": 5919312,
            "equity": 12437989,
            "current_ratio": 405.2,
            "debt_ratio": 51.07,
            "inventory_turnover_ratio": 0.76,
            "account_receivable_turnover_ratio": 4.02,
            "reinvestment_rate": -0.65,
            "research_to_sale_ratio": 1.44,
            "price_fair": 69.8,
            "eps_avg_yearly": 1.99,
            "eps_latest_yearly": 2.16,
            "eps_growth_yearly": 118.6
        },
        "20221": {
            "year_quarter": 20221,
            "year": 2022,
            "quarter": 1,
            "eps": 0.63,
            "eps_growth_year": 36.96,
            "eps_4q": 2.3,
            "eps_4q_growth_year": 39.95,
            "roe": 3.04,
            "gross_profit": 1005781,
            "gross_margin": 13.17,
            "net_income": 386134,
            "revenue": 7635245,
            "common_shares": 5936312,
            "equity": 12959017,
            "current_ratio": 462.47,
            "debt_ratio": 49.49,
            "inventory_turnover_ratio": 0.68,
            "account_receivable_turnover_ratio": 3.66,
            "reinvestment_rate": 10.55,
            "research_to_sale_ratio": 1.4,
            "price_fair": 72.7,
            "eps_avg_yearly": 2.08,
            "eps_latest_yearly": 2.52,
            "eps_growth_yearly": 87.17
        },
        "20222": {
            "year_quarter": 20222,
            "year": 2022,
            "quarter": 2,
            "eps": 0.62,
            "eps_growth_year": 16.98,
            "eps_4q": 2.37,
            "eps_4q_growth_year": 27.71,
            "roe": 3,
            "gross_profit": 944680,
            "gross_margin": 13.57,
            "net_income": 380648,
            "revenue": 6960993,
            "common_shares": 5971032,
            "equity": 12455643,
            "current_ratio": 374.23,
            "debt_ratio": 51.37,
            "inventory_turnover_ratio": 0.61,
            "account_receivable_turnover_ratio": 3.46,
            "reinvestment_rate": 16.53,
            "research_to_sale_ratio": 1.58,
            "price_fair": 73.9,
            "eps_avg_yearly": 2.11,
            "eps_latest_yearly": 2.48,
            "eps_growth_yearly": 73.27
        },
        "20223": {
            "year_quarter": 20223,
            "year": 2022,
            "quarter": 3,
            "eps": 0.89,
            "eps_growth_year": 45.9,
            "eps_4q": 2.65,
            "eps_4q_growth_year": 30.88,
            "roe": 4.21,
            "gross_profit": 847987,
            "gross_margin": 14.06,
            "net_income": 537076,
            "revenue": 6029317,
            "common_shares": 5973892,
            "equity": 13049546,
            "current_ratio": 339.79,
            "debt_ratio": 51.29,
            "inventory_turnover_ratio": 0.5,
            "account_receivable_turnover_ratio": 3.24,
            "reinvestment_rate": 34.83,
            "research_to_sale_ratio": 1.98,
            "price_fair": 78.3,
            "eps_avg_yearly": 2.24,
            "eps_latest_yearly": 3.56,
            "eps_growth_yearly": 88.57
        },
        "20224": {
            "year_quarter": 20224,
            "year": 2022,
            "quarter": 4,
            "eps": null,
            "eps_growth_year": null,
            "eps_4q": null,
            "eps_4q_growth_year": null,
            "roe": null,
            "gross_profit": null,
            "gross_margin": null,
            "net_income": null,
            "revenue": null,
            "common_shares": null,
            "equity": null,
            "current_ratio": 316.58,
            "debt_ratio": 50.36,
            "inventory_turnover_ratio": null,
            "account_receivable_turnover_ratio": null,
            "reinvestment_rate": null,
            "research_to_sale_ratio": null,
            "price_fair": 78.3,
            "eps_avg_yearly": 2.24,
            "eps_latest_yearly": 3.56,
            "eps_growth_yearly": 88.57
        },
        "20231": {
            "year_quarter": 20231,
            "year": 2023,
            "quarter": 1,
            "eps": 0.27,
            "eps_growth_year": -57.14,
            "eps_4q": null,
            "eps_4q_growth_year": null,
            "roe": 1.1,
            "gross_profit": 559098,
            "gross_margin": 11.55,
            "net_income": 147187,
            "revenue": 4840591,
            "common_shares": 5968762,
            "equity": 13378551,
            "current_ratio": 292.37,
            "debt_ratio": 49.14,
            "inventory_turnover_ratio": 0.39,
            "account_receivable_turnover_ratio": 2.65,
            "reinvestment_rate": null,
            "research_to_sale_ratio": 1.94,
            "price_fair": 78.3,
            "eps_avg_yearly": 2.24,
            "eps_latest_yearly": 3.56,
            "eps_growth_yearly": 88.57
        }
    },
    "months": {
        "2004-04": {
            "month": "2004-04",
            "price": "118.79",
            "revenue": 426099
        },
        "2004-05": {
            "month": "2004-05",
            "price": "123.57",
            "revenue": 297152
        },
        "2004-06": {
            "month": "2004-06",
            "price": "83.34",
            "revenue": 335988
        },
        "2004-07": {
            "month": "2004-07",
            "price": "75.03",
            "revenue": 284646
        },
        "2004-08": {
            "month": "2004-08",
            "price": "66.45",
            "revenue": 273488
        },
        "2004-09": {
            "month": "2004-09",
            "price": "47.38",
            "revenue": 290607
        },
        "2004-10": {
            "month": "2004-10",
            "price": "44.74",
            "revenue": 377698
        },
        "2004-11": {
            "month": "2004-11",
            "price": "42.66",
            "revenue": 372835
        },
        "2004-12": {
            "month": "2004-12",
            "price": "43.41",
            "revenue": 405448
        },
        "2005-01": {
            "month": "2005-01",
            "price": "43.50",
            "revenue": 278841
        },
        "2005-02": {
            "month": "2005-02",
            "price": "49.72",
            "revenue": 256198
        },
        "2005-03": {
            "month": "2005-03",
            "price": "45.89",
            "revenue": 369553
        },
        "2005-04": {
            "month": "2005-04",
            "price": "41.13",
            "revenue": 334374
        },
        "2005-05": {
            "month": "2005-05",
            "price": "37.65",
            "revenue": 333081
        },
        "2005-06": {
            "month": "2005-06",
            "price": "38.57",
            "revenue": 355791
        },
        "2005-07": {
            "month": "2005-07",
            "price": "39.86",
            "revenue": 316255
        },
        "2005-08": {
            "month": "2005-08",
            "price": "38.35",
            "revenue": 388279
        },
        "2005-09": {
            "month": "2005-09",
            "price": "38.21",
            "revenue": 364647
        },
        "2005-10": {
            "month": "2005-10",
            "price": "38.44",
            "revenue": 692195
        },
        "2005-11": {
            "month": "2005-11",
            "price": "34.01",
            "revenue": 704160
        },
        "2005-12": {
            "month": "2005-12",
            "price": "42.07",
            "revenue": 653348
        },
        "2006-01": {
            "month": "2006-01",
            "price": "55.54",
            "revenue": 533525
        },
        "2006-02": {
            "month": "2006-02",
            "price": "55.34",
            "revenue": 804376
        },
        "2006-03": {
            "month": "2006-03",
            "price": "65.13",
            "revenue": 866609
        },
        "2006-04": {
            "month": "2006-04",
            "price": "81.46",
            "revenue": 919867
        },
        "2006-05": {
            "month": "2006-05",
            "price": "106.70",
            "revenue": 805845
        },
        "2006-06": {
            "month": "2006-06",
            "price": "90.50",
            "revenue": 740868
        },
        "2006-07": {
            "month": "2006-07",
            "price": "86.93",
            "revenue": 794591
        },
        "2006-08": {
            "month": "2006-08",
            "price": "78.30",
            "revenue": 914756
        },
        "2006-09": {
            "month": "2006-09",
            "price": "77.80",
            "revenue": 1063447
        },
        "2006-10": {
            "month": "2006-10",
            "price": "84.35",
            "revenue": 1059459
        },
        "2006-11": {
            "month": "2006-11",
            "price": "81.72",
            "revenue": 1291245
        },
        "2006-12": {
            "month": "2006-12",
            "price": "97.93",
            "revenue": 1493122
        },
        "2007-01": {
            "month": "2007-01",
            "price": "115.80",
            "revenue": 1762961
        },
        "2007-02": {
            "month": "2007-02",
            "price": "129.33",
            "revenue": 1524972
        },
        "2007-03": {
            "month": "2007-03",
            "price": "184.59",
            "revenue": 1896022
        },
        "2007-04": {
            "month": "2007-04",
            "price": "234.82",
            "revenue": 1640696
        },
        "2007-05": {
            "month": "2007-05",
            "price": "252.43",
            "revenue": 1687175
        },
        "2007-06": {
            "month": "2007-06",
            "price": "301.02",
            "revenue": 1178157
        },
        "2007-07": {
            "month": "2007-07",
            "price": "302.34",
            "revenue": 1188681
        },
        "2007-08": {
            "month": "2007-08",
            "price": "232.15",
            "revenue": 1211270
        },
        "2007-09": {
            "month": "2007-09",
            "price": "178.28",
            "revenue": 1262313
        },
        "2007-10": {
            "month": "2007-10",
            "price": "175.86",
            "revenue": 1571687
        },
        "2007-11": {
            "month": "2007-11",
            "price": "175.09",
            "revenue": 1334919
        },
        "2007-12": {
            "month": "2007-12",
            "price": "126.24",
            "revenue": 1296449
        },
        "2008-01": {
            "month": "2008-01",
            "price": "98.99",
            "revenue": 1719003
        },
        "2008-02": {
            "month": "2008-02",
            "price": "111.10",
            "revenue": 1863401
        },
        "2008-03": {
            "month": "2008-03",
            "price": "140.90",
            "revenue": 2183895
        },
        "2008-04": {
            "month": "2008-04",
            "price": "170.74",
            "revenue": 1628745
        },
        "2008-05": {
            "month": "2008-05",
            "price": "161.55",
            "revenue": 1413619
        },
        "2008-06": {
            "month": "2008-06",
            "price": "138.05",
            "revenue": 1349013
        },
        "2008-07": {
            "month": "2008-07",
            "price": "137.32",
            "revenue": 1584013
        },
        "2008-08": {
            "month": "2008-08",
            "price": "101.30",
            "revenue": 2053766
        },
        "2008-09": {
            "month": "2008-09",
            "price": "82.67",
            "revenue": 1605935
        },
        "2008-10": {
            "month": "2008-10",
            "price": "62.65",
            "revenue": 1528306
        },
        "2008-11": {
            "month": "2008-11",
            "price": "45.26",
            "revenue": 1006579
        },
        "2008-12": {
            "month": "2008-12",
            "price": "40.45",
            "revenue": 994926
        },
        "2009-01": {
            "month": "2009-01",
            "price": "40.73",
            "revenue": 711435
        },
        "2009-02": {
            "month": "2009-02",
            "price": "42.05",
            "revenue": 1040867
        },
        "2009-03": {
            "month": "2009-03",
            "price": "47.19",
            "revenue": 2188852
        },
        "2009-04": {
            "month": "2009-04",
            "price": "58.14",
            "revenue": 1444480
        },
        "2009-05": {
            "month": "2009-05",
            "price": "71.57",
            "revenue": 2708557
        },
        "2009-06": {
            "month": "2009-06",
            "price": "76.00",
            "revenue": 3360753
        },
        "2009-07": {
            "month": "2009-07",
            "price": "82.49",
            "revenue": 1632502
        },
        "2009-08": {
            "month": "2009-08",
            "price": "71.45",
            "revenue": 1629552
        },
        "2009-09": {
            "month": "2009-09",
            "price": "72.22",
            "revenue": 2720356
        },
        "2009-10": {
            "month": "2009-10",
            "price": "74.25",
            "revenue": 2959478
        },
        "2009-11": {
            "month": "2009-11",
            "price": "72.37",
            "revenue": 4151008
        },
        "2009-12": {
            "month": "2009-12",
            "price": "78.95",
            "revenue": 6782768
        },
        "2010-01": {
            "month": "2010-01",
            "price": "82.95",
            "revenue": 1659077
        },
        "2010-02": {
            "month": "2010-02",
            "price": "71.26",
            "revenue": 1850191
        },
        "2010-03": {
            "month": "2010-03",
            "price": "73.40",
            "revenue": 2804075
        },
        "2010-04": {
            "month": "2010-04",
            "price": "77.29",
            "revenue": 2014054
        },
        "2010-05": {
            "month": "2010-05",
            "price": "71.63",
            "revenue": 3262954
        },
        "2010-06": {
            "month": "2010-06",
            "price": "71.31",
            "revenue": 5834537
        },
        "2010-07": {
            "month": "2010-07",
            "price": "76.20",
            "revenue": 2493896
        },
        "2010-08": {
            "month": "2010-08",
            "price": "66.52",
            "revenue": 2277076
        },
        "2010-09": {
            "month": "2010-09",
            "price": "66.60",
            "revenue": 4068644
        },
        "2010-10": {
            "month": "2010-10",
            "price": "67.33",
            "revenue": 3883119
        },
        "2010-11": {
            "month": "2010-11",
            "price": "64.36",
            "revenue": 4364116
        },
        "2010-12": {
            "month": "2010-12",
            "price": "66.02",
            "revenue": 7960829
        },
        "2011-01": {
            "month": "2011-01",
            "price": "70.22",
            "revenue": 2766070
        },
        "2011-02": {
            "month": "2011-02",
            "price": "67.99",
            "revenue": 2391795
        },
        "2011-03": {
            "month": "2011-03",
            "price": "67.04",
            "revenue": 8867413
        },
        "2011-04": {
            "month": "2011-04",
            "price": "71.22",
            "revenue": 7550730
        },
        "2011-05": {
            "month": "2011-05",
            "price": "68.98",
            "revenue": 4320607
        },
        "2011-06": {
            "month": "2011-06",
            "price": "69.66",
            "revenue": 5520963
        },
        "2011-07": {
            "month": "2011-07",
            "price": "71.25",
            "revenue": 1851198
        },
        "2011-08": {
            "month": "2011-08",
            "price": "52.91",
            "revenue": 6158519
        },
        "2011-09": {
            "month": "2011-09",
            "price": "41.10",
            "revenue": 7266875
        },
        "2011-10": {
            "month": "2011-10",
            "price": "39.88",
            "revenue": 3397097
        },
        "2011-11": {
            "month": "2011-11",
            "price": "34.95",
            "revenue": 3927047
        },
        "2011-12": {
            "month": "2011-12",
            "price": "30.32",
            "revenue": 8402061
        },
        "2012-01": {
            "month": "2012-01",
            "price": "33.39",
            "revenue": 1431312
        },
        "2012-02": {
            "month": "2012-02",
            "price": "39.64",
            "revenue": 3955028
        },
        "2012-03": {
            "month": "2012-03",
            "price": "39.82",
            "revenue": 11770488
        },
        "2012-04": {
            "month": "2012-04",
            "price": "41.78",
            "revenue": 7212325
        },
        "2012-05": {
            "month": "2012-05",
            "price": "39.55",
            "revenue": 3906703
        },
        "2012-06": {
            "month": "2012-06",
            "price": "36.70",
            "revenue": 5003404
        },
        "2012-07": {
            "month": "2012-07",
            "price": "40.04",
            "revenue": 1692498
        },
        "2012-08": {
            "month": "2012-08",
            "price": "40.33",
            "revenue": 2112553
        },
        "2012-09": {
            "month": "2012-09",
            "price": "38.46",
            "revenue": 7371654
        },
        "2012-10": {
            "month": "2012-10",
            "price": "36.67",
            "revenue": 7338063
        },
        "2012-11": {
            "month": "2012-11",
            "price": "33.26",
            "revenue": 6911362
        },
        "2012-12": {
            "month": "2012-12",
            "price": "35.62",
            "revenue": 7053133
        },
        "2013-01": {
            "month": "2013-01",
            "price": "36.37",
            "revenue": 3619736
        },
        "2013-02": {
            "month": "2013-02",
            "price": "36.57",
            "revenue": 3134288
        },
        "2013-03": {
            "month": "2013-03",
            "price": "35.98",
            "revenue": 2780357
        },
        "2013-04": {
            "month": "2013-04",
            "price": "33.22",
            "revenue": 3259605
        },
        "2013-05": {
            "month": "2013-05",
            "price": "32.41",
            "revenue": 1976017
        },
        "2013-06": {
            "month": "2013-06",
            "price": "30.01",
            "revenue": 2623312
        },
        "2013-07": {
            "month": "2013-07",
            "price": "27.66",
            "revenue": 2254984
        },
        "2013-08": {
            "month": "2013-08",
            "price": "25.50",
            "revenue": 2207296
        },
        "2013-09": {
            "month": "2013-09",
            "price": "26.36",
            "revenue": 4844757
        },
        "2013-10": {
            "month": "2013-10",
            "price": "25.25",
            "revenue": 2421189
        },
        "2013-11": {
            "month": "2013-11",
            "price": "24.24",
            "revenue": 2549694
        },
        "2013-12": {
            "month": "2013-12",
            "price": "25.03",
            "revenue": 2570315
        },
        "2014-01": {
            "month": "2014-01",
            "price": "27.56",
            "revenue": 1572004
        },
        "2014-02": {
            "month": "2014-02",
            "price": "27.04",
            "revenue": 2223315
        },
        "2014-03": {
            "month": "2014-03",
            "price": "27.11",
            "revenue": 5064892
        },
        "2014-04": {
            "month": "2014-04",
            "price": "27.86",
            "revenue": 5944681
        },
        "2014-05": {
            "month": "2014-05",
            "price": "27.63",
            "revenue": 4871987
        },
        "2014-06": {
            "month": "2014-06",
            "price": "28.83",
            "revenue": 5069934
        },
        "2014-07": {
            "month": "2014-07",
            "price": "29.02",
            "revenue": 5113077
        },
        "2014-08": {
            "month": "2014-08",
            "price": "27.23",
            "revenue": 3485908
        },
        "2014-09": {
            "month": "2014-09",
            "price": "27.05",
            "revenue": 3609216
        },
        "2014-10": {
            "month": "2014-10",
            "price": "24.52",
            "revenue": 4077892
        },
        "2014-11": {
            "month": "2014-11",
            "price": "23.42",
            "revenue": 4422633
        },
        "2014-12": {
            "month": "2014-12",
            "price": "24.50",
            "revenue": 7850352
        },
        "2015-01": {
            "month": "2015-01",
            "price": "26.20",
            "revenue": 7351922
        },
        "2015-02": {
            "month": "2015-02",
            "price": "26.18",
            "revenue": 4559165
        },
        "2015-03": {
            "month": "2015-03",
            "price": "26.69",
            "revenue": 7586042
        },
        "2015-04": {
            "month": "2015-04",
            "price": "26.69",
            "revenue": 7066821
        },
        "2015-05": {
            "month": "2015-05",
            "price": "24.46",
            "revenue": 6667066
        },
        "2015-06": {
            "month": "2015-06",
            "price": "23.12",
            "revenue": 5025425
        },
        "2015-07": {
            "month": "2015-07",
            "price": "21.04",
            "revenue": 2736385
        },
        "2015-08": {
            "month": "2015-08",
            "price": "18.89",
            "revenue": 4381823
        },
        "2015-09": {
            "month": "2015-09",
            "price": "18.98",
            "revenue": 5578257
        },
        "2015-10": {
            "month": "2015-10",
            "price": "20.66",
            "revenue": 2798014
        },
        "2015-11": {
            "month": "2015-11",
            "price": "19.59",
            "revenue": 3630828
        },
        "2015-12": {
            "month": "2015-12",
            "price": "18.62",
            "revenue": 3990589
        },
        "2016-01": {
            "month": "2016-01",
            "price": "18.24",
            "revenue": 2767569
        },
        "2016-02": {
            "month": "2016-02",
            "price": "18.67",
            "revenue": 1826728
        },
        "2016-03": {
            "month": "2016-03",
            "price": "20.60",
            "revenue": 5124268
        },
        "2016-04": {
            "month": "2016-04",
            "price": "17.15",
            "revenue": 2179203
        },
        "2016-05": {
            "month": "2016-05",
            "price": "13.49",
            "revenue": 2561608
        },
        "2017-01": {
            "month": "2017-01",
            "price": "13.85",
            "revenue": 1474384
        },
        "2017-02": {
            "month": "2017-02",
            "price": "15.68",
            "revenue": 815924
        },
        "2017-03": {
            "month": "2017-03",
            "price": "14.31",
            "revenue": 1149200
        },
        "2017-04": {
            "month": "2017-04",
            "price": "11.81",
            "revenue": 1130739
        },
        "2017-05": {
            "month": "2017-05",
            "price": "11.66",
            "revenue": 1078804
        },
        "2017-06": {
            "month": "2017-06",
            "price": "12.27",
            "revenue": 1162236
        },
        "2017-07": {
            "month": "2017-07",
            "price": "12.66",
            "revenue": 1268347
        },
        "2017-08": {
            "month": "2017-08",
            "price": "14.14",
            "revenue": 1272987
        },
        "2017-09": {
            "month": "2017-09",
            "price": "15.40",
            "revenue": 1398033
        },
        "2017-10": {
            "month": "2017-10",
            "price": "15.32",
            "revenue": 1564053
        },
        "2017-11": {
            "month": "2017-11",
            "price": "15.63",
            "revenue": 2143075
        },
        "2017-12": {
            "month": "2017-12",
            "price": "17.28",
            "revenue": 1794592
        },
        "2018-01": {
            "month": "2018-01",
            "price": "23.86",
            "revenue": 1820552
        },
        "2018-02": {
            "month": "2018-02",
            "price": "21.69",
            "revenue": 1214418
        },
        "2018-03": {
            "month": "2018-03",
            "price": "23.49",
            "revenue": 2091392
        },
        "2018-04": {
            "month": "2018-04",
            "price": "21.65",
            "revenue": 1638482
        },
        "2018-05": {
            "month": "2018-05",
            "price": "22.59",
            "revenue": 1742087
        },
        "2018-06": {
            "month": "2018-06",
            "price": "22.77",
            "revenue": 1666427
        },
        "2018-07": {
            "month": "2018-07",
            "price": "21.31",
            "revenue": 1856786
        },
        "2018-08": {
            "month": "2018-08",
            "price": "20.87",
            "revenue": 1959776
        },
        "2018-09": {
            "month": "2018-09",
            "price": "21.19",
            "revenue": 1856633
        },
        "2018-10": {
            "month": "2018-10",
            "price": "19.63",
            "revenue": 1804858
        },
        "2018-11": {
            "month": "2018-11",
            "price": "18.72",
            "revenue": 1729680
        },
        "2018-12": {
            "month": "2018-12",
            "price": "19.18",
            "revenue": 1519153
        },
        "2019-01": {
            "month": "2019-01",
            "price": "18.86",
            "revenue": 1679848
        },
        "2019-02": {
            "month": "2019-02",
            "price": "19.16",
            "revenue": 1030932
        },
        "2019-03": {
            "month": "2019-03",
            "price": "18.71",
            "revenue": 2042851
        },
        "2019-04": {
            "month": "2019-04",
            "price": "18.68",
            "revenue": 1595615
        },
        "2019-05": {
            "month": "2019-05",
            "price": "19.53",
            "revenue": 1519721
        },
        "2019-06": {
            "month": "2019-06",
            "price": "21.29",
            "revenue": 1876542
        },
        "2019-07": {
            "month": "2019-07",
            "price": "21.75",
            "revenue": 2123843
        },
        "2019-08": {
            "month": "2019-08",
            "price": "22.16",
            "revenue": 2283155
        },
        "2019-09": {
            "month": "2019-09",
            "price": "22.75",
            "revenue": 2210640
        },
        "2019-10": {
            "month": "2019-10",
            "price": "22.99",
            "revenue": 1677059
        },
        "2019-11": {
            "month": "2019-11",
            "price": "21.75",
            "revenue": 1913921
        },
        "2019-12": {
            "month": "2019-12",
            "price": "21.98",
            "revenue": 2032534
        },
        "2020-01": {
            "month": "2020-01",
            "price": "22.24",
            "revenue": 1895575
        },
        "2020-02": {
            "month": "2020-02",
            "price": "21.69",
            "revenue": 1355920
        },
        "2020-03": {
            "month": "2020-03",
            "price": "18.11",
            "revenue": 2165434
        },
        "2020-04": {
            "month": "2020-04",
            "price": "18.26",
            "revenue": 2345111
        },
        "2020-05": {
            "month": "2020-05",
            "price": "19.69",
            "revenue": 2122858
        },
        "2020-06": {
            "month": "2020-06",
            "price": "34.54",
            "revenue": 1956409
        },
        "2020-07": {
            "month": "2020-07",
            "price": "46.41",
            "revenue": 2201892
        },
        "2020-08": {
            "month": "2020-08",
            "price": "41.71",
            "revenue": 2559628
        },
        "2020-09": {
            "month": "2020-09",
            "price": "42.99",
            "revenue": 2752208
        },
        "2020-10": {
            "month": "2020-10",
            "price": "44.23",
            "revenue": 2180871
        },
        "2020-11": {
            "month": "2020-11",
            "price": "45.20",
            "revenue": 2460482
        },
        "2020-12": {
            "month": "2020-12",
            "price": "45.23",
            "revenue": 2664051
        },
        "2021-01": {
            "month": "2021-01",
            "price": "47.55",
            "revenue": 2813654
        },
        "2021-02": {
            "month": "2021-02",
            "price": "45.45",
            "revenue": 1979598
        },
        "2021-03": {
            "month": "2021-03",
            "price": "45.95",
            "revenue": 2573891
        },
        "2021-04": {
            "month": "2021-04",
            "price": "55.78",
            "revenue": 2510354
        },
        "2021-05": {
            "month": "2021-05",
            "price": "46.27",
            "revenue": 2352114
        },
        "2021-06": {
            "month": "2021-06",
            "price": "46.09",
            "revenue": 2799216
        },
        "2021-07": {
            "month": "2021-07",
            "price": "48.79",
            "revenue": 2808818
        },
        "2021-08": {
            "month": "2021-08",
            "price": "46.94",
            "revenue": 2749347
        },
        "2021-09": {
            "month": "2021-09",
            "price": "50.01",
            "revenue": 2703221
        },
        "2021-10": {
            "month": "2021-10",
            "price": "50.86",
            "revenue": 2607310
        },
        "2021-11": {
            "month": "2021-11",
            "price": "52.65",
            "revenue": 2441058
        },
        "2021-12": {
            "month": "2021-12",
            "price": "49.69",
            "revenue": 3016256
        },
        "2022-01": {
            "month": "2022-01",
            "price": "49.27",
            "revenue": 2637206
        },
        "2022-02": {
            "month": "2022-02",
            "price": "51.45",
            "revenue": 1853461
        },
        "2022-03": {
            "month": "2022-03",
            "price": "50.09",
            "revenue": 3144578
        },
        "2022-04": {
            "month": "2022-04",
            "price": "50.01",
            "revenue": 1704757
        },
        "2022-05": {
            "month": "2022-05",
            "price": "47.56",
            "revenue": 2613049
        },
        "2022-06": {
            "month": "2022-06",
            "price": "43.59",
            "revenue": 2643187
        },
        "2022-07": {
            "month": "2022-07",
            "price": "38.35",
            "revenue": 2121388
        },
        "2022-08": {
            "month": "2022-08",
            "price": "37.75",
            "revenue": 1985477
        },
        "2022-09": {
            "month": "2022-09",
            "price": "35.19",
            "revenue": 1922452
        },
        "2022-10": {
            "month": "2022-10",
            "price": "29.02",
            "revenue": 1541379
        },
        "2022-11": {
            "month": "2022-11",
            "price": "31.90",
            "revenue": 1576182
        },
        "2022-12": {
            "month": "2022-12",
            "price": "33.05",
            "revenue": 1998332
        },
        "2023-01": {
            "month": "2023-01",
            "price": "33.32",
            "revenue": 1555927
        },
        "2023-02": {
            "month": "2023-02",
            "price": "37.38",
            "revenue": 1487524
        },
        "2023-03": {
            "month": "2023-03",
            "price": "36.59",
            "revenue": 1797140
        },
        "2023-04": {
            "month": "2023-04",
            "price": "36.69",
            "revenue": 1731835
        }
    }
}
