{
    "summary": {
        "stock_name": "科妍",
        "stock_id": "1786",
        "category": "生技醫療",
        "main_business": "透明質酸(玻尿酸)醫療器材產品研發製造及銷售<br>透明質酸(玻尿酸)保養品研發製造及銷售",
        "website_url": "http://www.scivision.com.tw",
        "ceo": "韓台賢",
        "pe_ratio": 37,
        "report_year_from": 2003,
        "report_year_to": 2023,
        "age": 21,
        "eps_negative_percentage": 15,
        "eps_growth_avg": {
            "last_all": -6.09,
            "last_2y": 10.72,
            "last_4y": 12.31,
            "last_8y": 8.79,
            "last_12y": null,
            "last_16y": null,
            "last_20y": null,
            "at_2006_last_3y": null,
            "at_2007_last_3y": null,
            "at_2008_last_3y": null,
            "at_2009_last_3y": null,
            "at_2010_last_3y": null,
            "at_2011_last_3y": null,
            "at_2012_last_3y": null,
            "at_2013_last_3y": null,
            "at_2014_last_3y": null,
            "at_2015_last_3y": -40.82,
            "at_2016_last_3y": -79.91,
            "at_2017_last_3y": -100,
            "at_2018_last_3y": 0,
            "at_2019_last_3y": 8.84,
            "at_2020_last_3y": 43.12,
            "at_2021_last_3y": 25.86,
            "at_2022_last_3y": 9.45,
            "at_2023_last_3y": 8.76,
            "at_2024_last_3y": 8.76,
            "at_2006_last_all": null,
            "at_2007_last_all": null,
            "at_2008_last_all": null,
            "at_2009_last_all": null,
            "at_2010_last_all": null,
            "at_2011_last_all": null,
            "at_2012_last_all": null,
            "at_2013_last_all": -11.23,
            "at_2014_last_all": -40.82,
            "at_2015_last_all": -40.82,
            "at_2016_last_all": -55.61,
            "at_2017_last_all": -55.61,
            "at_2018_last_all": -24.49,
            "at_2019_last_all": -15.99,
            "at_2020_last_all": -13.3,
            "at_2021_last_all": -14.88,
            "at_2022_last_all": -9.4,
            "at_2023_last_all": -6.09,
            "at_2024_last_all": -6.09
        },
        "latest_eps": 2.63,
        "latest_price": 97.4,
        "latest_roe": 11.34,
        "latest_gross_margin": 76.52,
        "latest_equity": 1626505,
        "latest_revenue": 203247,
        "latest_gross_profit": 155525,
        "latest_net_income": 39329,
        "latest_debt_ratio": 24.7,
        "latest_current_ratio": 692.39,
        "latest_account_receivable_turnover_ratio": 1.81,
        "latest_inventory_turnover_ratio": 0.53,
        "latest_reinvestment_rate": -24.1,
        "latest_research_to_sale_ratio": 9.67
    },
    "eps_dividends": {
        "2001": {
            "cash": 0,
            "stock": 0,
            "eps": 0
        },
        "2002": {
            "cash": 0,
            "stock": 0,
            "eps": 0
        },
        "2003": {
            "cash": 0,
            "stock": 0,
            "eps": 0
        },
        "2004": {
            "cash": 0,
            "stock": 0,
            "eps": 0
        },
        "2005": {
            "cash": 0,
            "stock": 0,
            "eps": 0
        },
        "2006": {
            "cash": 0,
            "stock": 0,
            "eps": 0
        },
        "2007": {
            "cash": 0,
            "stock": 0,
            "eps": 0
        },
        "2008": {
            "cash": 0,
            "stock": 0,
            "eps": 0
        },
        "2009": {
            "cash": 0,
            "stock": 0,
            "eps": 0
        },
        "2010": {
            "cash": 0,
            "stock": 0,
            "eps": 0
        },
        "2011": {
            "cash": 0,
            "stock": 0,
            "eps": 1.33
        },
        "2012": {
            "cash": 0,
            "stock": 0,
            "eps": 1.56
        },
        "2013": {
            "cash": 0,
            "stock": 0.6,
            "eps": 0.94
        },
        "2014": {
            "cash": 0.7,
            "stock": 0.7,
            "eps": -0.42
        },
        "2015": {
            "cash": 0,
            "stock": 0,
            "eps": 1.05
        },
        "2016": {
            "cash": 0.5,
            "stock": 0,
            "eps": -0.51
        },
        "2017": {
            "cash": 0,
            "stock": 0,
            "eps": 0.34
        },
        "2018": {
            "cash": 0.2,
            "stock": 0,
            "eps": 1.66
        },
        "2019": {
            "cash": 1.6,
            "stock": 0,
            "eps": 2.1
        },
        "2020": {
            "cash": 1.36,
            "stock": 0.5,
            "eps": 2.16
        },
        "2021": {
            "cash": 0.96,
            "stock": 0.85,
            "eps": 1.6
        },
        "2022": {
            "cash": 1.42,
            "stock": 0,
            "eps": 2.15
        },
        "2023": {
            "cash": 2,
            "stock": 0,
            "eps": 2.66
        },
        "2024": {
            "cash": 2.5,
            "stock": 0,
            "eps": 0
        }
    },
    "dividends": {
        "2013-03-27": {
            "cash": 0,
            "stock": 0.6
        },
        "2014-09-30": {
            "cash": 0.7,
            "stock": 0.7
        },
        "2016-08-05": {
            "cash": 0.5,
            "stock": 0
        },
        "2018-07-13": {
            "cash": 0.2,
            "stock": 0
        },
        "2019-08-30": {
            "cash": 1.6,
            "stock": 0
        },
        "2020-10-05": {
            "cash": 1.36,
            "stock": 0.5
        },
        "2021-10-29": {
            "cash": 0.96,
            "stock": 0.85
        },
        "2022-08-18": {
            "cash": 1.42,
            "stock": 0
        },
        "2023-08-18": {
            "cash": 2,
            "stock": 0
        },
        "2024-03-07": {
            "cash": 2.5,
            "stock": 0
        }
    },
    "prices": {
        "200101": "無",
        "200102": "無",
        "200103": "無",
        "200104": "無",
        "200105": "無",
        "200106": "無",
        "200107": "無",
        "200108": "無",
        "200109": "無",
        "200110": "無",
        "200111": "無",
        "200112": "無",
        "200201": "無",
        "200202": "無",
        "200203": "無",
        "200204": "無",
        "200205": "無",
        "200206": "無",
        "200207": "無",
        "200208": "無",
        "200209": "無",
        "200210": "無",
        "200211": "無",
        "200212": "無",
        "200301": "無",
        "200302": "無",
        "200303": "無",
        "200304": "無",
        "200305": "無",
        "200306": "無",
        "200307": "無",
        "200308": "無",
        "200309": "無",
        "200310": "無",
        "200311": "無",
        "200312": "無",
        "200401": "無",
        "200402": "無",
        "200403": "無",
        "200404": "無",
        "200405": "無",
        "200406": "無",
        "200407": "無",
        "200408": "無",
        "200409": "無",
        "200410": "無",
        "200411": "無",
        "200412": "無",
        "200501": "無",
        "200502": "無",
        "200503": "無",
        "200504": "無",
        "200505": "無",
        "200506": "無",
        "200507": "無",
        "200508": "無",
        "200509": "無",
        "200510": "無",
        "200511": "無",
        "200512": "無",
        "200601": "無",
        "200602": "無",
        "200603": "無",
        "200604": "無",
        "200605": "無",
        "200606": "無",
        "200607": "無",
        "200608": "無",
        "200609": "無",
        "200610": "無",
        "200611": "無",
        "200612": "無",
        "200701": "無",
        "200702": "無",
        "200703": "無",
        "200704": "無",
        "200705": "無",
        "200706": "無",
        "200707": "無",
        "200708": "無",
        "200709": "無",
        "200710": "無",
        "200711": "無",
        "200712": "無",
        "200801": "無",
        "200802": "無",
        "200803": "無",
        "200804": "無",
        "200805": "無",
        "200806": "無",
        "200807": "無",
        "200808": "無",
        "200809": "無",
        "200810": "無",
        "200811": "無",
        "200812": "無",
        "200901": "無",
        "200902": "無",
        "200903": "無",
        "200904": "無",
        "200905": "無",
        "200906": "無",
        "200907": "無",
        "200908": "無",
        "200909": "無",
        "200910": "無",
        "200911": "無",
        "200912": "無",
        "201001": "無",
        "201002": "無",
        "201003": "無",
        "201004": "無",
        "201005": "無",
        "201006": "無",
        "201007": "無",
        "201008": "無",
        "201009": "無",
        "201010": "無",
        "201011": "無",
        "201012": "36.82",
        "201101": "47.90",
        "201102": "50.45",
        "201103": "48.78",
        "201104": "42.51",
        "201105": "43.66",
        "201106": "43.92",
        "201107": "41.11",
        "201108": "39.55",
        "201109": "38.35",
        "201110": "38.86",
        "201111": "40.43",
        "201112": "40.35",
        "201201": "40.29",
        "201202": "44.59",
        "201203": "45.23",
        "201204": "49.80",
        "201205": "48.37",
        "201206": "46.81",
        "201207": "47.26",
        "201208": "44.89",
        "201209": "42.86",
        "201210": "46.01",
        "201211": "50.87",
        "201212": "55.24",
        "201301": "58.79",
        "201302": "60.43",
        "201303": "62.27",
        "201304": "86.22",
        "201305": "86.16",
        "201306": "87.93",
        "201307": "89.93",
        "201308": "94.72",
        "201309": "94.67",
        "201310": "106.94",
        "201311": "82.03",
        "201312": "83.58",
        "201401": "71.44",
        "201402": "70.61",
        "201403": "66.88",
        "201404": "62.49",
        "201405": "80.22",
        "201406": "88.28",
        "201407": "108.35",
        "201408": "101.26",
        "201409": "98.77",
        "201410": "90.63",
        "201411": "86.26",
        "201412": "96.18",
        "201501": "95.38",
        "201502": "91.84",
        "201503": "87.18",
        "201504": "89.70",
        "201505": "79.16",
        "201506": "63.20",
        "201507": "61.00",
        "201508": "53.03",
        "201509": "57.58",
        "201510": "61.40",
        "201511": "61.96",
        "201512": "63.90",
        "201601": "57.00",
        "201602": "55.58",
        "201603": "60.43",
        "201604": "59.20",
        "201605": "51.50",
        "201606": "49.65",
        "201607": "48.78",
        "201608": "54.93",
        "201609": "59.05",
        "201610": "54.43",
        "201611": "52.16",
        "201612": "57.23",
        "201701": "53.78",
        "201702": "53.89",
        "201703": "52.55",
        "201704": "47.56",
        "201705": "43.53",
        "201706": "46.63",
        "201707": "43.69",
        "201708": "41.33",
        "201709": "41.45",
        "201710": "40.38",
        "201711": "39.49",
        "201712": "36.37",
        "201801": "40.64",
        "201802": "42.05",
        "201803": "67.51",
        "201804": "82.83",
        "201805": "67.04",
        "201806": "75.78",
        "201807": "68.96",
        "201808": "73.52",
        "201809": "69.76",
        "201810": "68.27",
        "201811": "59.64",
        "201812": "64.58",
        "201901": "67.66",
        "201902": "72.10",
        "201903": "71.54",
        "201904": "70.72",
        "201905": "64.01",
        "201906": "63.39",
        "201907": "71.77",
        "201908": "69.52",
        "201909": "72.89",
        "201910": "71.58",
        "201911": "73.80",
        "201912": "72.50",
        "202001": "71.21",
        "202002": "63.24",
        "202003": "49.28",
        "202004": "56.79",
        "202005": "63.20",
        "202006": "64.46",
        "202007": "66.29",
        "202008": "65.99",
        "202009": "70.84",
        "202010": "65.74",
        "202011": "64.89",
        "202012": "62.09",
        "202101": "56.72",
        "202102": "56.04",
        "202103": "57.33",
        "202104": "59.54",
        "202105": "52.37",
        "202106": "53.36",
        "202107": "55.54",
        "202108": "56.37",
        "202109": "55.02",
        "202110": "49.14",
        "202111": "50.03",
        "202112": "49.78",
        "202201": "48.69",
        "202202": "47.18",
        "202203": "42.09",
        "202204": "42.51",
        "202205": "42.70",
        "202206": "41.12",
        "202207": "40.10",
        "202208": "44.24",
        "202209": "46.81",
        "202210": "45.10",
        "202211": "48.40",
        "202212": "53.75",
        "202301": "53.38",
        "202302": "60.21",
        "202303": "67.88",
        "202304": "70.80",
        "202305": "70.95",
        "202306": "76.16",
        "202307": "88.33",
        "202308": "82.35",
        "202309": "85.38",
        "202310": "77.72",
        "202311": "77.24",
        "202312": "77.57",
        "202401": "76.05",
        "202402": "81.91",
        "202403": "90.74",
        "202404": "無"
    },
    "quarters": {
        "20011": {
            "year_quarter": 20011,
            "year": 2001,
            "quarter": 1,
            "eps": null,
            "eps_growth_year": null,
            "eps_4q": null,
            "eps_4q_growth_year": null,
            "roe": null,
            "roe_4q": 0,
            "gross_profit": null,
            "gross_margin": null,
            "gross_margin_4q_avg": 0,
            "net_income": null,
            "net_income_4q": null,
            "revenue": null,
            "revenue_4q": null,
            "common_shares": null,
            "book_valuer_per_share": null,
            "book_valuer_per_share_4q_avg": 0,
            "equity": null,
            "current_ratio": null,
            "debt_ratio": null,
            "inventory_turnover_ratio": null,
            "account_receivable_turnover_ratio": null,
            "reinvestment_rate": null,
            "research_to_sale_ratio": null,
            "price_fair": 0,
            "eps_avg_yearly": 0,
            "eps_latest_yearly": 0,
            "eps_growth_yearly": 0
        },
        "20012": {
            "year_quarter": 20012,
            "year": 2001,
            "quarter": 2,
            "eps": null,
            "eps_growth_year": null,
            "eps_4q": null,
            "eps_4q_growth_year": null,
            "roe": null,
            "roe_4q": 0,
            "gross_profit": null,
            "gross_margin": null,
            "gross_margin_4q_avg": 0,
            "net_income": null,
            "net_income_4q": null,
            "revenue": null,
            "revenue_4q": null,
            "common_shares": null,
            "book_valuer_per_share": null,
            "book_valuer_per_share_4q_avg": 0,
            "equity": null,
            "current_ratio": null,
            "debt_ratio": null,
            "inventory_turnover_ratio": null,
            "account_receivable_turnover_ratio": null,
            "reinvestment_rate": null,
            "research_to_sale_ratio": null,
            "price_fair": 0,
            "eps_avg_yearly": 0,
            "eps_latest_yearly": 0,
            "eps_growth_yearly": 0
        },
        "20013": {
            "year_quarter": 20013,
            "year": 2001,
            "quarter": 3,
            "eps": null,
            "eps_growth_year": null,
            "eps_4q": null,
            "eps_4q_growth_year": null,
            "roe": null,
            "roe_4q": 0,
            "gross_profit": null,
            "gross_margin": null,
            "gross_margin_4q_avg": 0,
            "net_income": null,
            "net_income_4q": null,
            "revenue": null,
            "revenue_4q": null,
            "common_shares": null,
            "book_valuer_per_share": null,
            "book_valuer_per_share_4q_avg": 0,
            "equity": null,
            "current_ratio": null,
            "debt_ratio": null,
            "inventory_turnover_ratio": null,
            "account_receivable_turnover_ratio": null,
            "reinvestment_rate": null,
            "research_to_sale_ratio": null,
            "price_fair": 0,
            "eps_avg_yearly": 0,
            "eps_latest_yearly": 0,
            "eps_growth_yearly": 0
        },
        "20014": {
            "year_quarter": 20014,
            "year": 2001,
            "quarter": 4,
            "eps": null,
            "eps_growth_year": null,
            "eps_4q": null,
            "eps_4q_growth_year": null,
            "roe": null,
            "roe_4q": 0,
            "gross_profit": null,
            "gross_margin": null,
            "gross_margin_4q_avg": 0,
            "net_income": null,
            "net_income_4q": null,
            "revenue": null,
            "revenue_4q": null,
            "common_shares": 100000,
            "book_valuer_per_share": 10.23,
            "book_valuer_per_share_4q_avg": 2.56,
            "equity": 102271,
            "current_ratio": 4794.75,
            "debt_ratio": 1.22,
            "inventory_turnover_ratio": null,
            "account_receivable_turnover_ratio": null,
            "reinvestment_rate": null,
            "research_to_sale_ratio": null,
            "price_fair": 0,
            "eps_avg_yearly": 0,
            "eps_latest_yearly": 0,
            "eps_growth_yearly": 0
        },
        "20021": {
            "year_quarter": 20021,
            "year": 2002,
            "quarter": 1,
            "eps": null,
            "eps_growth_year": null,
            "eps_4q": null,
            "eps_4q_growth_year": null,
            "roe": null,
            "roe_4q": 0,
            "gross_profit": null,
            "gross_margin": null,
            "gross_margin_4q_avg": 0,
            "net_income": null,
            "net_income_4q": null,
            "revenue": null,
            "revenue_4q": null,
            "common_shares": null,
            "book_valuer_per_share": null,
            "book_valuer_per_share_4q_avg": 2.56,
            "equity": null,
            "current_ratio": null,
            "debt_ratio": null,
            "inventory_turnover_ratio": null,
            "account_receivable_turnover_ratio": null,
            "reinvestment_rate": null,
            "research_to_sale_ratio": null,
            "price_fair": 0,
            "eps_avg_yearly": 0,
            "eps_latest_yearly": 0,
            "eps_growth_yearly": 0
        },
        "20022": {
            "year_quarter": 20022,
            "year": 2002,
            "quarter": 2,
            "eps": null,
            "eps_growth_year": null,
            "eps_4q": null,
            "eps_4q_growth_year": null,
            "roe": null,
            "roe_4q": 0,
            "gross_profit": null,
            "gross_margin": null,
            "gross_margin_4q_avg": 0,
            "net_income": null,
            "net_income_4q": null,
            "revenue": null,
            "revenue_4q": null,
            "common_shares": null,
            "book_valuer_per_share": null,
            "book_valuer_per_share_4q_avg": 2.56,
            "equity": null,
            "current_ratio": null,
            "debt_ratio": null,
            "inventory_turnover_ratio": null,
            "account_receivable_turnover_ratio": null,
            "reinvestment_rate": null,
            "research_to_sale_ratio": null,
            "price_fair": 0,
            "eps_avg_yearly": 0,
            "eps_latest_yearly": 0,
            "eps_growth_yearly": 0
        },
        "20023": {
            "year_quarter": 20023,
            "year": 2002,
            "quarter": 3,
            "eps": null,
            "eps_growth_year": null,
            "eps_4q": null,
            "eps_4q_growth_year": null,
            "roe": null,
            "roe_4q": 0,
            "gross_profit": null,
            "gross_margin": null,
            "gross_margin_4q_avg": 0,
            "net_income": null,
            "net_income_4q": null,
            "revenue": null,
            "revenue_4q": null,
            "common_shares": null,
            "book_valuer_per_share": null,
            "book_valuer_per_share_4q_avg": 2.56,
            "equity": null,
            "current_ratio": null,
            "debt_ratio": null,
            "inventory_turnover_ratio": null,
            "account_receivable_turnover_ratio": null,
            "reinvestment_rate": null,
            "research_to_sale_ratio": null,
            "price_fair": 0,
            "eps_avg_yearly": 0,
            "eps_latest_yearly": 0,
            "eps_growth_yearly": 0
        },
        "20024": {
            "year_quarter": 20024,
            "year": 2002,
            "quarter": 4,
            "eps": null,
            "eps_growth_year": null,
            "eps_4q": null,
            "eps_4q_growth_year": null,
            "roe": null,
            "roe_4q": 0,
            "gross_profit": null,
            "gross_margin": null,
            "gross_margin_4q_avg": 0,
            "net_income": null,
            "net_income_4q": null,
            "revenue": null,
            "revenue_4q": null,
            "common_shares": 250000,
            "book_valuer_per_share": 9.43,
            "book_valuer_per_share_4q_avg": 2.36,
            "equity": 235781,
            "current_ratio": 650.62,
            "debt_ratio": 6.98,
            "inventory_turnover_ratio": null,
            "account_receivable_turnover_ratio": null,
            "reinvestment_rate": null,
            "research_to_sale_ratio": null,
            "price_fair": 0,
            "eps_avg_yearly": 0,
            "eps_latest_yearly": 0,
            "eps_growth_yearly": 0
        },
        "20031": {
            "year_quarter": 20031,
            "year": 2003,
            "quarter": 1,
            "eps": null,
            "eps_growth_year": null,
            "eps_4q": null,
            "eps_4q_growth_year": null,
            "roe": null,
            "roe_4q": 0,
            "gross_profit": null,
            "gross_margin": null,
            "gross_margin_4q_avg": 0,
            "net_income": null,
            "net_income_4q": null,
            "revenue": null,
            "revenue_4q": null,
            "common_shares": null,
            "book_valuer_per_share": null,
            "book_valuer_per_share_4q_avg": 2.36,
            "equity": null,
            "current_ratio": null,
            "debt_ratio": null,
            "inventory_turnover_ratio": null,
            "account_receivable_turnover_ratio": null,
            "reinvestment_rate": null,
            "research_to_sale_ratio": null,
            "price_fair": 0,
            "eps_avg_yearly": 0,
            "eps_latest_yearly": 0,
            "eps_growth_yearly": 0
        },
        "20032": {
            "year_quarter": 20032,
            "year": 2003,
            "quarter": 2,
            "eps": null,
            "eps_growth_year": null,
            "eps_4q": null,
            "eps_4q_growth_year": null,
            "roe": null,
            "roe_4q": 0,
            "gross_profit": null,
            "gross_margin": null,
            "gross_margin_4q_avg": 0,
            "net_income": null,
            "net_income_4q": null,
            "revenue": null,
            "revenue_4q": null,
            "common_shares": null,
            "book_valuer_per_share": null,
            "book_valuer_per_share_4q_avg": 2.36,
            "equity": null,
            "current_ratio": null,
            "debt_ratio": null,
            "inventory_turnover_ratio": null,
            "account_receivable_turnover_ratio": null,
            "reinvestment_rate": null,
            "research_to_sale_ratio": null,
            "price_fair": 0,
            "eps_avg_yearly": 0,
            "eps_latest_yearly": 0,
            "eps_growth_yearly": 0
        },
        "20033": {
            "year_quarter": 20033,
            "year": 2003,
            "quarter": 3,
            "eps": null,
            "eps_growth_year": null,
            "eps_4q": null,
            "eps_4q_growth_year": null,
            "roe": null,
            "roe_4q": 0,
            "gross_profit": null,
            "gross_margin": null,
            "gross_margin_4q_avg": 0,
            "net_income": null,
            "net_income_4q": null,
            "revenue": null,
            "revenue_4q": null,
            "common_shares": null,
            "book_valuer_per_share": null,
            "book_valuer_per_share_4q_avg": 2.36,
            "equity": null,
            "current_ratio": null,
            "debt_ratio": null,
            "inventory_turnover_ratio": null,
            "account_receivable_turnover_ratio": null,
            "reinvestment_rate": null,
            "research_to_sale_ratio": null,
            "price_fair": 0,
            "eps_avg_yearly": 0,
            "eps_latest_yearly": 0,
            "eps_growth_yearly": 0
        },
        "20034": {
            "year_quarter": 20034,
            "year": 2003,
            "quarter": 4,
            "eps": null,
            "eps_growth_year": null,
            "eps_4q": null,
            "eps_4q_growth_year": null,
            "roe": null,
            "roe_4q": 0,
            "gross_profit": null,
            "gross_margin": null,
            "gross_margin_4q_avg": 0,
            "net_income": null,
            "net_income_4q": null,
            "revenue": null,
            "revenue_4q": null,
            "common_shares": 250000,
            "book_valuer_per_share": 8.14,
            "book_valuer_per_share_4q_avg": 2.04,
            "equity": 203439,
            "current_ratio": 28.69,
            "debt_ratio": 27.32,
            "inventory_turnover_ratio": null,
            "account_receivable_turnover_ratio": null,
            "reinvestment_rate": null,
            "research_to_sale_ratio": null,
            "price_fair": 0,
            "eps_avg_yearly": 0,
            "eps_latest_yearly": 0,
            "eps_growth_yearly": 0
        },
        "20041": {
            "year_quarter": 20041,
            "year": 2004,
            "quarter": 1,
            "eps": null,
            "eps_growth_year": null,
            "eps_4q": null,
            "eps_4q_growth_year": null,
            "roe": null,
            "roe_4q": 0,
            "gross_profit": null,
            "gross_margin": null,
            "gross_margin_4q_avg": 0,
            "net_income": null,
            "net_income_4q": null,
            "revenue": null,
            "revenue_4q": null,
            "common_shares": null,
            "book_valuer_per_share": null,
            "book_valuer_per_share_4q_avg": 2.04,
            "equity": null,
            "current_ratio": null,
            "debt_ratio": null,
            "inventory_turnover_ratio": null,
            "account_receivable_turnover_ratio": null,
            "reinvestment_rate": null,
            "research_to_sale_ratio": null,
            "price_fair": 0,
            "eps_avg_yearly": 0,
            "eps_latest_yearly": 0,
            "eps_growth_yearly": 0
        },
        "20042": {
            "year_quarter": 20042,
            "year": 2004,
            "quarter": 2,
            "eps": null,
            "eps_growth_year": null,
            "eps_4q": null,
            "eps_4q_growth_year": null,
            "roe": null,
            "roe_4q": 0,
            "gross_profit": null,
            "gross_margin": null,
            "gross_margin_4q_avg": 0,
            "net_income": null,
            "net_income_4q": null,
            "revenue": null,
            "revenue_4q": null,
            "common_shares": null,
            "book_valuer_per_share": null,
            "book_valuer_per_share_4q_avg": 2.04,
            "equity": null,
            "current_ratio": null,
            "debt_ratio": null,
            "inventory_turnover_ratio": null,
            "account_receivable_turnover_ratio": null,
            "reinvestment_rate": null,
            "research_to_sale_ratio": null,
            "price_fair": 0,
            "eps_avg_yearly": 0,
            "eps_latest_yearly": 0,
            "eps_growth_yearly": 0
        },
        "20043": {
            "year_quarter": 20043,
            "year": 2004,
            "quarter": 3,
            "eps": null,
            "eps_growth_year": null,
            "eps_4q": null,
            "eps_4q_growth_year": null,
            "roe": null,
            "roe_4q": 0,
            "gross_profit": null,
            "gross_margin": null,
            "gross_margin_4q_avg": 0,
            "net_income": null,
            "net_income_4q": null,
            "revenue": null,
            "revenue_4q": null,
            "common_shares": null,
            "book_valuer_per_share": null,
            "book_valuer_per_share_4q_avg": 2.04,
            "equity": null,
            "current_ratio": null,
            "debt_ratio": null,
            "inventory_turnover_ratio": null,
            "account_receivable_turnover_ratio": null,
            "reinvestment_rate": null,
            "research_to_sale_ratio": null,
            "price_fair": 0,
            "eps_avg_yearly": 0,
            "eps_latest_yearly": 0,
            "eps_growth_yearly": 0
        },
        "20044": {
            "year_quarter": 20044,
            "year": 2004,
            "quarter": 4,
            "eps": null,
            "eps_growth_year": null,
            "eps_4q": null,
            "eps_4q_growth_year": null,
            "roe": null,
            "roe_4q": 0,
            "gross_profit": null,
            "gross_margin": null,
            "gross_margin_4q_avg": 0,
            "net_income": null,
            "net_income_4q": null,
            "revenue": null,
            "revenue_4q": null,
            "common_shares": 333500,
            "book_valuer_per_share": 7.49,
            "book_valuer_per_share_4q_avg": 1.87,
            "equity": 249846,
            "current_ratio": 172.93,
            "debt_ratio": 35.06,
            "inventory_turnover_ratio": null,
            "account_receivable_turnover_ratio": null,
            "reinvestment_rate": null,
            "research_to_sale_ratio": null,
            "price_fair": 0,
            "eps_avg_yearly": 0,
            "eps_latest_yearly": 0,
            "eps_growth_yearly": 0
        },
        "20051": {
            "year_quarter": 20051,
            "year": 2005,
            "quarter": 1,
            "eps": null,
            "eps_growth_year": null,
            "eps_4q": null,
            "eps_4q_growth_year": null,
            "roe": null,
            "roe_4q": 0,
            "gross_profit": null,
            "gross_margin": null,
            "gross_margin_4q_avg": 0,
            "net_income": null,
            "net_income_4q": null,
            "revenue": null,
            "revenue_4q": null,
            "common_shares": null,
            "book_valuer_per_share": null,
            "book_valuer_per_share_4q_avg": 1.87,
            "equity": null,
            "current_ratio": null,
            "debt_ratio": null,
            "inventory_turnover_ratio": null,
            "account_receivable_turnover_ratio": null,
            "reinvestment_rate": null,
            "research_to_sale_ratio": null,
            "price_fair": 0,
            "eps_avg_yearly": 0,
            "eps_latest_yearly": 0,
            "eps_growth_yearly": 0
        },
        "20052": {
            "year_quarter": 20052,
            "year": 2005,
            "quarter": 2,
            "eps": null,
            "eps_growth_year": null,
            "eps_4q": null,
            "eps_4q_growth_year": null,
            "roe": null,
            "roe_4q": 0,
            "gross_profit": null,
            "gross_margin": null,
            "gross_margin_4q_avg": 0,
            "net_income": null,
            "net_income_4q": null,
            "revenue": null,
            "revenue_4q": null,
            "common_shares": null,
            "book_valuer_per_share": null,
            "book_valuer_per_share_4q_avg": 1.87,
            "equity": null,
            "current_ratio": null,
            "debt_ratio": null,
            "inventory_turnover_ratio": null,
            "account_receivable_turnover_ratio": null,
            "reinvestment_rate": null,
            "research_to_sale_ratio": null,
            "price_fair": 0,
            "eps_avg_yearly": 0,
            "eps_latest_yearly": 0,
            "eps_growth_yearly": 0
        },
        "20053": {
            "year_quarter": 20053,
            "year": 2005,
            "quarter": 3,
            "eps": null,
            "eps_growth_year": null,
            "eps_4q": null,
            "eps_4q_growth_year": null,
            "roe": null,
            "roe_4q": 0,
            "gross_profit": null,
            "gross_margin": null,
            "gross_margin_4q_avg": 0,
            "net_income": null,
            "net_income_4q": null,
            "revenue": null,
            "revenue_4q": null,
            "common_shares": null,
            "book_valuer_per_share": null,
            "book_valuer_per_share_4q_avg": 1.87,
            "equity": null,
            "current_ratio": null,
            "debt_ratio": null,
            "inventory_turnover_ratio": null,
            "account_receivable_turnover_ratio": null,
            "reinvestment_rate": null,
            "research_to_sale_ratio": null,
            "price_fair": 0,
            "eps_avg_yearly": 0,
            "eps_latest_yearly": 0,
            "eps_growth_yearly": 0
        },
        "20054": {
            "year_quarter": 20054,
            "year": 2005,
            "quarter": 4,
            "eps": null,
            "eps_growth_year": null,
            "eps_4q": null,
            "eps_4q_growth_year": null,
            "roe": null,
            "roe_4q": 0,
            "gross_profit": null,
            "gross_margin": null,
            "gross_margin_4q_avg": 0,
            "net_income": null,
            "net_income_4q": null,
            "revenue": null,
            "revenue_4q": null,
            "common_shares": 333500,
            "book_valuer_per_share": 4.74,
            "book_valuer_per_share_4q_avg": 1.19,
            "equity": 159843,
            "current_ratio": 48.82,
            "debt_ratio": 41.4,
            "inventory_turnover_ratio": null,
            "account_receivable_turnover_ratio": null,
            "reinvestment_rate": null,
            "research_to_sale_ratio": null,
            "price_fair": 0,
            "eps_avg_yearly": 0,
            "eps_latest_yearly": 0,
            "eps_growth_yearly": 0
        },
        "20061": {
            "year_quarter": 20061,
            "year": 2006,
            "quarter": 1,
            "eps": null,
            "eps_growth_year": null,
            "eps_4q": null,
            "eps_4q_growth_year": null,
            "roe": null,
            "roe_4q": 0,
            "gross_profit": null,
            "gross_margin": null,
            "gross_margin_4q_avg": 0,
            "net_income": null,
            "net_income_4q": null,
            "revenue": null,
            "revenue_4q": null,
            "common_shares": null,
            "book_valuer_per_share": null,
            "book_valuer_per_share_4q_avg": 1.19,
            "equity": null,
            "current_ratio": null,
            "debt_ratio": null,
            "inventory_turnover_ratio": null,
            "account_receivable_turnover_ratio": null,
            "reinvestment_rate": null,
            "research_to_sale_ratio": null,
            "price_fair": 0,
            "eps_avg_yearly": 0,
            "eps_latest_yearly": 0,
            "eps_growth_yearly": 0
        },
        "20062": {
            "year_quarter": 20062,
            "year": 2006,
            "quarter": 2,
            "eps": null,
            "eps_growth_year": null,
            "eps_4q": null,
            "eps_4q_growth_year": null,
            "roe": null,
            "roe_4q": 0,
            "gross_profit": null,
            "gross_margin": null,
            "gross_margin_4q_avg": 0,
            "net_income": null,
            "net_income_4q": null,
            "revenue": null,
            "revenue_4q": null,
            "common_shares": null,
            "book_valuer_per_share": null,
            "book_valuer_per_share_4q_avg": 1.19,
            "equity": null,
            "current_ratio": null,
            "debt_ratio": null,
            "inventory_turnover_ratio": null,
            "account_receivable_turnover_ratio": null,
            "reinvestment_rate": null,
            "research_to_sale_ratio": null,
            "price_fair": 0,
            "eps_avg_yearly": 0,
            "eps_latest_yearly": 0,
            "eps_growth_yearly": 0
        },
        "20063": {
            "year_quarter": 20063,
            "year": 2006,
            "quarter": 3,
            "eps": null,
            "eps_growth_year": null,
            "eps_4q": null,
            "eps_4q_growth_year": null,
            "roe": null,
            "roe_4q": 0,
            "gross_profit": null,
            "gross_margin": null,
            "gross_margin_4q_avg": 0,
            "net_income": null,
            "net_income_4q": null,
            "revenue": null,
            "revenue_4q": null,
            "common_shares": null,
            "book_valuer_per_share": null,
            "book_valuer_per_share_4q_avg": 1.19,
            "equity": null,
            "current_ratio": null,
            "debt_ratio": null,
            "inventory_turnover_ratio": null,
            "account_receivable_turnover_ratio": null,
            "reinvestment_rate": null,
            "research_to_sale_ratio": null,
            "price_fair": 0,
            "eps_avg_yearly": 0,
            "eps_latest_yearly": 0,
            "eps_growth_yearly": 0
        },
        "20064": {
            "year_quarter": 20064,
            "year": 2006,
            "quarter": 4,
            "eps": null,
            "eps_growth_year": null,
            "eps_4q": null,
            "eps_4q_growth_year": null,
            "roe": null,
            "roe_4q": 0,
            "gross_profit": null,
            "gross_margin": null,
            "gross_margin_4q_avg": 0,
            "net_income": null,
            "net_income_4q": null,
            "revenue": null,
            "revenue_4q": null,
            "common_shares": 383500,
            "book_valuer_per_share": 2.69,
            "book_valuer_per_share_4q_avg": 0.67,
            "equity": 103151,
            "current_ratio": 53.84,
            "debt_ratio": 52.73,
            "inventory_turnover_ratio": null,
            "account_receivable_turnover_ratio": null,
            "reinvestment_rate": null,
            "research_to_sale_ratio": null,
            "price_fair": 0,
            "eps_avg_yearly": 0,
            "eps_latest_yearly": 0,
            "eps_growth_yearly": 0
        },
        "20071": {
            "year_quarter": 20071,
            "year": 2007,
            "quarter": 1,
            "eps": null,
            "eps_growth_year": null,
            "eps_4q": null,
            "eps_4q_growth_year": null,
            "roe": null,
            "roe_4q": 0,
            "gross_profit": null,
            "gross_margin": null,
            "gross_margin_4q_avg": 0,
            "net_income": null,
            "net_income_4q": null,
            "revenue": null,
            "revenue_4q": null,
            "common_shares": null,
            "book_valuer_per_share": null,
            "book_valuer_per_share_4q_avg": 0.67,
            "equity": null,
            "current_ratio": null,
            "debt_ratio": null,
            "inventory_turnover_ratio": null,
            "account_receivable_turnover_ratio": null,
            "reinvestment_rate": null,
            "research_to_sale_ratio": null,
            "price_fair": 0,
            "eps_avg_yearly": 0,
            "eps_latest_yearly": 0,
            "eps_growth_yearly": 0
        },
        "20072": {
            "year_quarter": 20072,
            "year": 2007,
            "quarter": 2,
            "eps": null,
            "eps_growth_year": null,
            "eps_4q": null,
            "eps_4q_growth_year": null,
            "roe": null,
            "roe_4q": 0,
            "gross_profit": null,
            "gross_margin": null,
            "gross_margin_4q_avg": 0,
            "net_income": null,
            "net_income_4q": null,
            "revenue": null,
            "revenue_4q": null,
            "common_shares": null,
            "book_valuer_per_share": null,
            "book_valuer_per_share_4q_avg": 0.67,
            "equity": null,
            "current_ratio": null,
            "debt_ratio": null,
            "inventory_turnover_ratio": null,
            "account_receivable_turnover_ratio": null,
            "reinvestment_rate": null,
            "research_to_sale_ratio": null,
            "price_fair": 0,
            "eps_avg_yearly": 0,
            "eps_latest_yearly": 0,
            "eps_growth_yearly": 0
        },
        "20073": {
            "year_quarter": 20073,
            "year": 2007,
            "quarter": 3,
            "eps": null,
            "eps_growth_year": null,
            "eps_4q": null,
            "eps_4q_growth_year": null,
            "roe": null,
            "roe_4q": 0,
            "gross_profit": null,
            "gross_margin": null,
            "gross_margin_4q_avg": 0,
            "net_income": null,
            "net_income_4q": null,
            "revenue": null,
            "revenue_4q": null,
            "common_shares": null,
            "book_valuer_per_share": null,
            "book_valuer_per_share_4q_avg": 0.67,
            "equity": null,
            "current_ratio": null,
            "debt_ratio": null,
            "inventory_turnover_ratio": null,
            "account_receivable_turnover_ratio": null,
            "reinvestment_rate": null,
            "research_to_sale_ratio": null,
            "price_fair": 0,
            "eps_avg_yearly": 0,
            "eps_latest_yearly": 0,
            "eps_growth_yearly": 0
        },
        "20074": {
            "year_quarter": 20074,
            "year": 2007,
            "quarter": 4,
            "eps": null,
            "eps_growth_year": null,
            "eps_4q": null,
            "eps_4q_growth_year": null,
            "roe": null,
            "roe_4q": 0,
            "gross_profit": null,
            "gross_margin": null,
            "gross_margin_4q_avg": 0,
            "net_income": null,
            "net_income_4q": null,
            "revenue": null,
            "revenue_4q": null,
            "common_shares": 215050,
            "book_valuer_per_share": 4.52,
            "book_valuer_per_share_4q_avg": 1.13,
            "equity": 97150,
            "current_ratio": 65.62,
            "debt_ratio": 47.07,
            "inventory_turnover_ratio": null,
            "account_receivable_turnover_ratio": null,
            "reinvestment_rate": null,
            "research_to_sale_ratio": null,
            "price_fair": 0,
            "eps_avg_yearly": 0,
            "eps_latest_yearly": 0,
            "eps_growth_yearly": 0
        },
        "20081": {
            "year_quarter": 20081,
            "year": 2008,
            "quarter": 1,
            "eps": null,
            "eps_growth_year": null,
            "eps_4q": null,
            "eps_4q_growth_year": null,
            "roe": null,
            "roe_4q": 0,
            "gross_profit": null,
            "gross_margin": null,
            "gross_margin_4q_avg": 0,
            "net_income": null,
            "net_income_4q": null,
            "revenue": null,
            "revenue_4q": null,
            "common_shares": null,
            "book_valuer_per_share": null,
            "book_valuer_per_share_4q_avg": 1.13,
            "equity": null,
            "current_ratio": null,
            "debt_ratio": null,
            "inventory_turnover_ratio": null,
            "account_receivable_turnover_ratio": null,
            "reinvestment_rate": null,
            "research_to_sale_ratio": null,
            "price_fair": 0,
            "eps_avg_yearly": 0,
            "eps_latest_yearly": 0,
            "eps_growth_yearly": 0
        },
        "20082": {
            "year_quarter": 20082,
            "year": 2008,
            "quarter": 2,
            "eps": null,
            "eps_growth_year": null,
            "eps_4q": null,
            "eps_4q_growth_year": null,
            "roe": null,
            "roe_4q": 0,
            "gross_profit": null,
            "gross_margin": null,
            "gross_margin_4q_avg": 0,
            "net_income": null,
            "net_income_4q": null,
            "revenue": null,
            "revenue_4q": null,
            "common_shares": null,
            "book_valuer_per_share": null,
            "book_valuer_per_share_4q_avg": 1.13,
            "equity": null,
            "current_ratio": null,
            "debt_ratio": null,
            "inventory_turnover_ratio": null,
            "account_receivable_turnover_ratio": null,
            "reinvestment_rate": null,
            "research_to_sale_ratio": null,
            "price_fair": 0,
            "eps_avg_yearly": 0,
            "eps_latest_yearly": 0,
            "eps_growth_yearly": 0
        },
        "20083": {
            "year_quarter": 20083,
            "year": 2008,
            "quarter": 3,
            "eps": null,
            "eps_growth_year": null,
            "eps_4q": null,
            "eps_4q_growth_year": null,
            "roe": null,
            "roe_4q": 0,
            "gross_profit": null,
            "gross_margin": null,
            "gross_margin_4q_avg": 0,
            "net_income": null,
            "net_income_4q": null,
            "revenue": null,
            "revenue_4q": null,
            "common_shares": null,
            "book_valuer_per_share": null,
            "book_valuer_per_share_4q_avg": 1.13,
            "equity": null,
            "current_ratio": null,
            "debt_ratio": null,
            "inventory_turnover_ratio": null,
            "account_receivable_turnover_ratio": null,
            "reinvestment_rate": null,
            "research_to_sale_ratio": null,
            "price_fair": 0,
            "eps_avg_yearly": 0,
            "eps_latest_yearly": 0,
            "eps_growth_yearly": 0
        },
        "20084": {
            "year_quarter": 20084,
            "year": 2008,
            "quarter": 4,
            "eps": null,
            "eps_growth_year": null,
            "eps_4q": null,
            "eps_4q_growth_year": null,
            "roe": null,
            "roe_4q": 0,
            "gross_profit": null,
            "gross_margin": null,
            "gross_margin_4q_avg": 0,
            "net_income": null,
            "net_income_4q": null,
            "revenue": null,
            "revenue_4q": null,
            "common_shares": 315000,
            "book_valuer_per_share": 4.34,
            "book_valuer_per_share_4q_avg": 1.09,
            "equity": 136846,
            "current_ratio": 162.36,
            "debt_ratio": 41.33,
            "inventory_turnover_ratio": null,
            "account_receivable_turnover_ratio": null,
            "reinvestment_rate": null,
            "research_to_sale_ratio": null,
            "price_fair": 0,
            "eps_avg_yearly": 0,
            "eps_latest_yearly": 0,
            "eps_growth_yearly": 0
        },
        "20091": {
            "year_quarter": 20091,
            "year": 2009,
            "quarter": 1,
            "eps": null,
            "eps_growth_year": null,
            "eps_4q": null,
            "eps_4q_growth_year": null,
            "roe": null,
            "roe_4q": 0,
            "gross_profit": null,
            "gross_margin": null,
            "gross_margin_4q_avg": 0,
            "net_income": null,
            "net_income_4q": null,
            "revenue": null,
            "revenue_4q": null,
            "common_shares": null,
            "book_valuer_per_share": null,
            "book_valuer_per_share_4q_avg": 1.09,
            "equity": null,
            "current_ratio": null,
            "debt_ratio": null,
            "inventory_turnover_ratio": null,
            "account_receivable_turnover_ratio": null,
            "reinvestment_rate": null,
            "research_to_sale_ratio": null,
            "price_fair": 0,
            "eps_avg_yearly": 0,
            "eps_latest_yearly": 0,
            "eps_growth_yearly": 0
        },
        "20092": {
            "year_quarter": 20092,
            "year": 2009,
            "quarter": 2,
            "eps": null,
            "eps_growth_year": null,
            "eps_4q": null,
            "eps_4q_growth_year": null,
            "roe": null,
            "roe_4q": 0,
            "gross_profit": null,
            "gross_margin": null,
            "gross_margin_4q_avg": 0,
            "net_income": null,
            "net_income_4q": null,
            "revenue": null,
            "revenue_4q": null,
            "common_shares": null,
            "book_valuer_per_share": null,
            "book_valuer_per_share_4q_avg": 1.09,
            "equity": null,
            "current_ratio": null,
            "debt_ratio": null,
            "inventory_turnover_ratio": null,
            "account_receivable_turnover_ratio": null,
            "reinvestment_rate": null,
            "research_to_sale_ratio": null,
            "price_fair": 0,
            "eps_avg_yearly": 0,
            "eps_latest_yearly": 0,
            "eps_growth_yearly": 0
        },
        "20093": {
            "year_quarter": 20093,
            "year": 2009,
            "quarter": 3,
            "eps": null,
            "eps_growth_year": null,
            "eps_4q": null,
            "eps_4q_growth_year": null,
            "roe": null,
            "roe_4q": 0,
            "gross_profit": null,
            "gross_margin": null,
            "gross_margin_4q_avg": 0,
            "net_income": null,
            "net_income_4q": null,
            "revenue": null,
            "revenue_4q": null,
            "common_shares": null,
            "book_valuer_per_share": null,
            "book_valuer_per_share_4q_avg": 1.09,
            "equity": null,
            "current_ratio": null,
            "debt_ratio": null,
            "inventory_turnover_ratio": null,
            "account_receivable_turnover_ratio": null,
            "reinvestment_rate": null,
            "research_to_sale_ratio": null,
            "price_fair": 0,
            "eps_avg_yearly": 0,
            "eps_latest_yearly": 0,
            "eps_growth_yearly": 0
        },
        "20094": {
            "year_quarter": 20094,
            "year": 2009,
            "quarter": 4,
            "eps": null,
            "eps_growth_year": null,
            "eps_4q": null,
            "eps_4q_growth_year": null,
            "roe": null,
            "roe_4q": 0,
            "gross_profit": null,
            "gross_margin": null,
            "gross_margin_4q_avg": 0,
            "net_income": null,
            "net_income_4q": null,
            "revenue": null,
            "revenue_4q": null,
            "common_shares": 315000,
            "book_valuer_per_share": 2.67,
            "book_valuer_per_share_4q_avg": 0.67,
            "equity": 84092,
            "current_ratio": 36.69,
            "debt_ratio": 55.37,
            "inventory_turnover_ratio": null,
            "account_receivable_turnover_ratio": null,
            "reinvestment_rate": null,
            "research_to_sale_ratio": null,
            "price_fair": 0,
            "eps_avg_yearly": 0,
            "eps_latest_yearly": 0,
            "eps_growth_yearly": 0
        },
        "20101": {
            "year_quarter": 20101,
            "year": 2010,
            "quarter": 1,
            "eps": null,
            "eps_growth_year": null,
            "eps_4q": null,
            "eps_4q_growth_year": null,
            "roe": null,
            "roe_4q": 0,
            "gross_profit": -2171,
            "gross_margin": null,
            "gross_margin_4q_avg": 0,
            "net_income": -12953,
            "net_income_4q": null,
            "revenue": 6366,
            "revenue_4q": null,
            "common_shares": 315000,
            "book_valuer_per_share": 2.26,
            "book_valuer_per_share_4q_avg": 1.23,
            "equity": 71139,
            "current_ratio": 27.72,
            "debt_ratio": 60.31,
            "inventory_turnover_ratio": null,
            "account_receivable_turnover_ratio": null,
            "reinvestment_rate": null,
            "research_to_sale_ratio": null,
            "price_fair": 0,
            "eps_avg_yearly": 0,
            "eps_latest_yearly": 0,
            "eps_growth_yearly": 0
        },
        "20102": {
            "year_quarter": 20102,
            "year": 2010,
            "quarter": 2,
            "eps": null,
            "eps_growth_year": null,
            "eps_4q": null,
            "eps_4q_growth_year": null,
            "roe": null,
            "roe_4q": 0,
            "gross_profit": 1909,
            "gross_margin": null,
            "gross_margin_4q_avg": 0,
            "net_income": -2596,
            "net_income_4q": null,
            "revenue": 11120,
            "revenue_4q": null,
            "common_shares": 315000,
            "book_valuer_per_share": 2.81,
            "book_valuer_per_share_4q_avg": 1.94,
            "equity": 88547,
            "current_ratio": 77.69,
            "debt_ratio": 57.29,
            "inventory_turnover_ratio": null,
            "account_receivable_turnover_ratio": null,
            "reinvestment_rate": null,
            "research_to_sale_ratio": null,
            "price_fair": 0,
            "eps_avg_yearly": 0,
            "eps_latest_yearly": 0,
            "eps_growth_yearly": 0
        },
        "20103": {
            "year_quarter": 20103,
            "year": 2010,
            "quarter": 3,
            "eps": null,
            "eps_growth_year": null,
            "eps_4q": null,
            "eps_4q_growth_year": null,
            "roe": null,
            "roe_4q": 0,
            "gross_profit": 6090,
            "gross_margin": null,
            "gross_margin_4q_avg": 0,
            "net_income": -6993,
            "net_income_4q": null,
            "revenue": 16551,
            "revenue_4q": null,
            "common_shares": 350000,
            "book_valuer_per_share": 2.76,
            "book_valuer_per_share_4q_avg": 2.63,
            "equity": 96550,
            "current_ratio": 64.17,
            "debt_ratio": 48.88,
            "inventory_turnover_ratio": null,
            "account_receivable_turnover_ratio": null,
            "reinvestment_rate": null,
            "research_to_sale_ratio": null,
            "price_fair": 0,
            "eps_avg_yearly": 0,
            "eps_latest_yearly": 0,
            "eps_growth_yearly": 0
        },
        "20104": {
            "year_quarter": 20104,
            "year": 2010,
            "quarter": 4,
            "eps": null,
            "eps_growth_year": null,
            "eps_4q": null,
            "eps_4q_growth_year": null,
            "roe": null,
            "roe_4q": 0,
            "gross_profit": 17264,
            "gross_margin": null,
            "gross_margin_4q_avg": 0,
            "net_income": 15678,
            "net_income_4q": null,
            "revenue": 32178,
            "revenue_4q": null,
            "common_shares": 350000,
            "book_valuer_per_share": 3.19,
            "book_valuer_per_share_4q_avg": 2.76,
            "equity": 111734,
            "current_ratio": 93.79,
            "debt_ratio": 49.89,
            "inventory_turnover_ratio": null,
            "account_receivable_turnover_ratio": null,
            "reinvestment_rate": null,
            "research_to_sale_ratio": null,
            "price_fair": 0,
            "eps_avg_yearly": 0,
            "eps_latest_yearly": 0,
            "eps_growth_yearly": 0
        },
        "20111": {
            "year_quarter": 20111,
            "year": 2011,
            "quarter": 1,
            "eps": 0.38,
            "eps_growth_year": null,
            "eps_4q": 0.33,
            "eps_4q_growth_year": null,
            "roe": 6.08,
            "roe_4q": 6.08,
            "gross_profit": 21076,
            "gross_margin": 68.65,
            "gross_margin_4q_avg": 17.16,
            "net_income": 13319,
            "net_income_4q": null,
            "revenue": 30699,
            "revenue_4q": null,
            "common_shares": 400000,
            "book_valuer_per_share": 0,
            "book_valuer_per_share_4q_avg": 2.19,
            "equity": 326216,
            "current_ratio": 1837.51,
            "debt_ratio": 10.39,
            "inventory_turnover_ratio": 0.7,
            "account_receivable_turnover_ratio": 3.22,
            "reinvestment_rate": null,
            "research_to_sale_ratio": 17.03,
            "price_fair": 0,
            "eps_avg_yearly": 0,
            "eps_latest_yearly": 0,
            "eps_growth_yearly": 0
        },
        "20112": {
            "year_quarter": 20112,
            "year": 2011,
            "quarter": 2,
            "eps": 0.2,
            "eps_growth_year": null,
            "eps_4q": 0.54,
            "eps_4q_growth_year": null,
            "roe": 2.47,
            "roe_4q": 8.55,
            "gross_profit": 17349,
            "gross_margin": 56.73,
            "gross_margin_4q_avg": 31.35,
            "net_income": 8149,
            "net_income_4q": null,
            "revenue": 30581,
            "revenue_4q": null,
            "common_shares": 400000,
            "book_valuer_per_share": 8.36,
            "book_valuer_per_share_4q_avg": 3.58,
            "equity": 334365,
            "current_ratio": 1944.65,
            "debt_ratio": 10.2,
            "inventory_turnover_ratio": 0.72,
            "account_receivable_turnover_ratio": 3.39,
            "reinvestment_rate": null,
            "research_to_sale_ratio": 12.23,
            "price_fair": 2.4,
            "eps_avg_yearly": 0.8,
            "eps_latest_yearly": 0.8,
            "eps_growth_yearly": -189.47
        },
        "20113": {
            "year_quarter": 20113,
            "year": 2011,
            "quarter": 3,
            "eps": 0.39,
            "eps_growth_year": null,
            "eps_4q": 0.92,
            "eps_4q_growth_year": null,
            "roe": 4.51,
            "roe_4q": 13.06,
            "gross_profit": 26840,
            "gross_margin": 66.42,
            "gross_margin_4q_avg": 47.95,
            "net_income": 15428,
            "net_income_4q": null,
            "revenue": 40408,
            "revenue_4q": null,
            "common_shares": 400000,
            "book_valuer_per_share": 8.74,
            "book_valuer_per_share_4q_avg": 5.07,
            "equity": 349793,
            "current_ratio": 1826.98,
            "debt_ratio": 10.29,
            "inventory_turnover_ratio": 0.58,
            "account_receivable_turnover_ratio": 7.34,
            "reinvestment_rate": null,
            "research_to_sale_ratio": 11.15,
            "price_fair": 41.3,
            "eps_avg_yearly": 1.18,
            "eps_latest_yearly": 1.56,
            "eps_growth_yearly": 95.26
        },
        "20114": {
            "year_quarter": 20114,
            "year": 2011,
            "quarter": 4,
            "eps": 0.36,
            "eps_growth_year": null,
            "eps_4q": 1.28,
            "eps_4q_growth_year": null,
            "roe": 4,
            "roe_4q": 17.060000000000002,
            "gross_profit": 25638,
            "gross_margin": 61.66,
            "gross_margin_4q_avg": 63.37,
            "net_income": 14265,
            "net_income_4q": null,
            "revenue": 41583,
            "revenue_4q": null,
            "common_shares": 400000,
            "book_valuer_per_share": 9.09,
            "book_valuer_per_share_4q_avg": 6.55,
            "equity": 363704,
            "current_ratio": 2069.12,
            "debt_ratio": 9.95,
            "inventory_turnover_ratio": 0.6,
            "account_receivable_turnover_ratio": 3.81,
            "reinvestment_rate": null,
            "research_to_sale_ratio": 10.24,
            "price_fair": 44.33,
            "eps_avg_yearly": 1.27,
            "eps_latest_yearly": 1.44,
            "eps_growth_yearly": 53.25
        },
        "20121": {
            "year_quarter": 20121,
            "year": 2012,
            "quarter": 1,
            "eps": 0.14,
            "eps_growth_year": -63.16,
            "eps_4q": 1.09,
            "eps_4q_growth_year": 226.53,
            "roe": 1.54,
            "roe_4q": 12.520000000000001,
            "gross_profit": 18283,
            "gross_margin": 58.26,
            "gross_margin_4q_avg": 60.77,
            "net_income": 5649,
            "net_income_4q": null,
            "revenue": 31383,
            "revenue_4q": null,
            "common_shares": 400000,
            "book_valuer_per_share": 9.23,
            "book_valuer_per_share_4q_avg": 8.86,
            "equity": 369353,
            "current_ratio": 1685.61,
            "debt_ratio": 10.64,
            "inventory_turnover_ratio": 0.47,
            "account_receivable_turnover_ratio": 1.97,
            "reinvestment_rate": null,
            "research_to_sale_ratio": 15.85,
            "price_fair": 3.27,
            "eps_avg_yearly": 1.09,
            "eps_latest_yearly": 0.56,
            "eps_growth_yearly": -21.17
        },
        "20122": {
            "year_quarter": 20122,
            "year": 2012,
            "quarter": 2,
            "eps": 0.21,
            "eps_growth_year": 3.57,
            "eps_4q": 1.09,
            "eps_4q_growth_year": 103.94,
            "roe": 2.26,
            "roe_4q": 12.309999999999999,
            "gross_profit": 23552,
            "gross_margin": 59.78,
            "gross_margin_4q_avg": 61.53,
            "net_income": 8440,
            "net_income_4q": null,
            "revenue": 39395,
            "revenue_4q": null,
            "common_shares": 400000,
            "book_valuer_per_share": 9.44,
            "book_valuer_per_share_4q_avg": 9.13,
            "equity": 377793,
            "current_ratio": 1267.98,
            "debt_ratio": 11.99,
            "inventory_turnover_ratio": 0.49,
            "account_receivable_turnover_ratio": 2.9,
            "reinvestment_rate": null,
            "research_to_sale_ratio": 12.82,
            "price_fair": 34.39,
            "eps_avg_yearly": 1.04,
            "eps_latest_yearly": 0.84,
            "eps_growth_yearly": 23.06
        },
        "20123": {
            "year_quarter": 20123,
            "year": 2012,
            "quarter": 3,
            "eps": 0.51,
            "eps_growth_year": 31.49,
            "eps_4q": 1.22,
            "eps_4q_growth_year": 31.83,
            "roe": 5.23,
            "roe_4q": 13.030000000000001,
            "gross_profit": 33122,
            "gross_margin": 61.27,
            "gross_margin_4q_avg": 60.24,
            "net_income": 20286,
            "net_income_4q": null,
            "revenue": 54061,
            "revenue_4q": null,
            "common_shares": 400000,
            "book_valuer_per_share": 9.95,
            "book_valuer_per_share_4q_avg": 9.43,
            "equity": 398079,
            "current_ratio": 1258.49,
            "debt_ratio": 11.88,
            "inventory_turnover_ratio": 0.52,
            "account_receivable_turnover_ratio": 3.08,
            "reinvestment_rate": null,
            "research_to_sale_ratio": 15.9,
            "price_fair": 42.23,
            "eps_avg_yearly": 1.21,
            "eps_latest_yearly": 2.04,
            "eps_growth_yearly": 114.46
        },
        "20124": {
            "year_quarter": 20124,
            "year": 2012,
            "quarter": 4,
            "eps": 0.7,
            "eps_growth_year": 96.67,
            "eps_4q": 1.56,
            "eps_4q_growth_year": 22.03,
            "roe": 6.81,
            "roe_4q": 15.84,
            "gross_profit": 48219,
            "gross_margin": 63.58,
            "gross_margin_4q_avg": 60.72,
            "net_income": 28055,
            "net_income_4q": null,
            "revenue": 75841,
            "revenue_4q": null,
            "common_shares": 400000,
            "book_valuer_per_share": 10.65,
            "book_valuer_per_share_4q_avg": 9.82,
            "equity": 425975,
            "current_ratio": 1208.07,
            "debt_ratio": 11.86,
            "inventory_turnover_ratio": 0.61,
            "account_receivable_turnover_ratio": 2.9,
            "reinvestment_rate": null,
            "research_to_sale_ratio": 10.97,
            "price_fair": 50.2,
            "eps_avg_yearly": 1.43,
            "eps_latest_yearly": 2.8,
            "eps_growth_yearly": 119.39
        },
        "20131": {
            "year_quarter": 20131,
            "year": 2013,
            "quarter": 1,
            "eps": 0.18,
            "eps_growth_year": 28.57,
            "eps_4q": 1.6,
            "eps_4q_growth_year": 47.13,
            "roe": 1.69,
            "roe_4q": 15.99,
            "gross_profit": 23770,
            "gross_margin": 53.93,
            "gross_margin_4q_avg": 59.64,
            "net_income": 7207,
            "net_income_4q": null,
            "revenue": 44072,
            "revenue_4q": null,
            "common_shares": 400000,
            "book_valuer_per_share": 10.64,
            "book_valuer_per_share_4q_avg": 10.17,
            "equity": 425629,
            "current_ratio": 1451.55,
            "debt_ratio": 12.27,
            "inventory_turnover_ratio": 0.41,
            "account_receivable_turnover_ratio": 2.56,
            "reinvestment_rate": null,
            "research_to_sale_ratio": 16.82,
            "price_fair": 47.08,
            "eps_avg_yearly": 1.35,
            "eps_latest_yearly": 0.72,
            "eps_growth_yearly": 67.33
        },
        "20132": {
            "year_quarter": 20132,
            "year": 2013,
            "quarter": 2,
            "eps": 0.22,
            "eps_growth_year": 4.27,
            "eps_4q": 1.52,
            "eps_4q_growth_year": 39.07,
            "roe": 2.09,
            "roe_4q": 15.82,
            "gross_profit": 27659,
            "gross_margin": 54.19,
            "gross_margin_4q_avg": 58.24,
            "net_income": 8994,
            "net_income_4q": null,
            "revenue": 51041,
            "revenue_4q": null,
            "common_shares": 400000,
            "book_valuer_per_share": 10.87,
            "book_valuer_per_share_4q_avg": 10.53,
            "equity": 434623,
            "current_ratio": 1224.04,
            "debt_ratio": 13.12,
            "inventory_turnover_ratio": 0.42,
            "account_receivable_turnover_ratio": 5.68,
            "reinvestment_rate": null,
            "research_to_sale_ratio": 11.58,
            "price_fair": 45.27,
            "eps_avg_yearly": 1.29,
            "eps_latest_yearly": 0.88,
            "eps_growth_yearly": 69.72
        },
        "20133": {
            "year_quarter": 20133,
            "year": 2013,
            "quarter": 3,
            "eps": 0.43,
            "eps_growth_year": -15.21,
            "eps_4q": 1.48,
            "eps_4q_growth_year": 21.59,
            "roe": 4.15,
            "roe_4q": 14.739999999999998,
            "gross_profit": 32578,
            "gross_margin": 59.62,
            "gross_margin_4q_avg": 57.83,
            "net_income": 18434,
            "net_income_4q": null,
            "revenue": 54639,
            "revenue_4q": null,
            "common_shares": 424000,
            "book_valuer_per_share": 10.69,
            "book_valuer_per_share_4q_avg": 10.71,
            "equity": 453057,
            "current_ratio": 1461.63,
            "debt_ratio": 11.91,
            "inventory_turnover_ratio": 0.33,
            "account_receivable_turnover_ratio": 3.52,
            "reinvestment_rate": null,
            "research_to_sale_ratio": 11.2,
            "price_fair": 46.76,
            "eps_avg_yearly": 1.34,
            "eps_latest_yearly": 1.72,
            "eps_growth_yearly": 100.93
        },
        "20134": {
            "year_quarter": 20134,
            "year": 2013,
            "quarter": 4,
            "eps": 0.11,
            "eps_growth_year": -83.7,
            "eps_4q": 0.81,
            "eps_4q_growth_year": -48.29,
            "roe": 0.74,
            "roe_4q": 8.67,
            "gross_profit": 31695,
            "gross_margin": 62.44,
            "gross_margin_4q_avg": 57.55,
            "net_income": 5717,
            "net_income_4q": null,
            "revenue": 50757,
            "revenue_4q": null,
            "common_shares": 500000,
            "book_valuer_per_share": 21.68,
            "book_valuer_per_share_4q_avg": 13.47,
            "equity": 1083828,
            "current_ratio": 3815.74,
            "debt_ratio": 4.01,
            "inventory_turnover_ratio": 0.26,
            "account_receivable_turnover_ratio": 2.76,
            "reinvestment_rate": -19.85,
            "research_to_sale_ratio": 13.73,
            "price_fair": 43.91,
            "eps_avg_yearly": 1.25,
            "eps_latest_yearly": 0.44,
            "eps_growth_yearly": 64.7
        },
        "20141": {
            "year_quarter": 20141,
            "year": 2014,
            "quarter": 1,
            "eps": 0.02,
            "eps_growth_year": -88.89,
            "eps_4q": 0.69,
            "eps_4q_growth_year": -57.17,
            "roe": 0.1,
            "roe_4q": 7.08,
            "gross_profit": 19603,
            "gross_margin": 52.07,
            "gross_margin_4q_avg": 57.08,
            "net_income": 1112,
            "net_income_4q": null,
            "revenue": 37647,
            "revenue_4q": null,
            "common_shares": 500000,
            "book_valuer_per_share": 21.7,
            "book_valuer_per_share_4q_avg": 16.24,
            "equity": 1084940,
            "current_ratio": 3283.33,
            "debt_ratio": 4.4,
            "inventory_turnover_ratio": 0.25,
            "account_receivable_turnover_ratio": 1.59,
            "reinvestment_rate": -15.6,
            "research_to_sale_ratio": 18.37,
            "price_fair": 40.48,
            "eps_avg_yearly": 1.16,
            "eps_latest_yearly": 0.08,
            "eps_growth_yearly": 32.03
        },
        "20142": {
            "year_quarter": 20142,
            "year": 2014,
            "quarter": 2,
            "eps": 0.01,
            "eps_growth_year": -95.45,
            "eps_4q": 0.48,
            "eps_4q_growth_year": -68.26,
            "roe": 0.05,
            "roe_4q": 5.04,
            "gross_profit": 23780,
            "gross_margin": 53.11,
            "gross_margin_4q_avg": 56.81,
            "net_income": 584,
            "net_income_4q": null,
            "revenue": 44771,
            "revenue_4q": null,
            "common_shares": 500000,
            "book_valuer_per_share": 21.71,
            "book_valuer_per_share_4q_avg": 18.95,
            "equity": 1085524,
            "current_ratio": 3510.11,
            "debt_ratio": 4.24,
            "inventory_turnover_ratio": 0.29,
            "account_receivable_turnover_ratio": 1.42,
            "reinvestment_rate": -11.53,
            "research_to_sale_ratio": 19.91,
            "price_fair": 25.89,
            "eps_avg_yearly": 1.07,
            "eps_latest_yearly": 0.04,
            "eps_growth_yearly": 14.18
        },
        "20143": {
            "year_quarter": 20143,
            "year": 2014,
            "quarter": 3,
            "eps": -0.03,
            "eps_growth_year": -106.98,
            "eps_4q": 0.11,
            "eps_4q_growth_year": -92.35,
            "roe": -0.13,
            "roe_4q": 0.76,
            "gross_profit": 21464,
            "gross_margin": 51.8,
            "gross_margin_4q_avg": 54.86,
            "net_income": -1363,
            "net_income_4q": null,
            "revenue": 41436,
            "revenue_4q": null,
            "common_shares": 535000,
            "book_valuer_per_share": 19.61,
            "book_valuer_per_share_4q_avg": 21.18,
            "equity": 1049161,
            "current_ratio": 3867.93,
            "debt_ratio": 4.12,
            "inventory_turnover_ratio": 0.29,
            "account_receivable_turnover_ratio": 1.34,
            "reinvestment_rate": -7.46,
            "research_to_sale_ratio": 23.07,
            "price_fair": 25.89,
            "eps_avg_yearly": 1.07,
            "eps_latest_yearly": 0.04,
            "eps_growth_yearly": 14.18
        },
        "20144": {
            "year_quarter": 20144,
            "year": 2014,
            "quarter": 4,
            "eps": -0.42,
            "eps_growth_year": -467.46,
            "eps_4q": -0.41,
            "eps_4q_growth_year": -151.29,
            "roe": -2.17,
            "roe_4q": -2.15,
            "gross_profit": 14639,
            "gross_margin": 42.52,
            "gross_margin_4q_avg": 49.88,
            "net_income": -22478,
            "net_income_4q": null,
            "revenue": 34427,
            "revenue_4q": null,
            "common_shares": 535000,
            "book_valuer_per_share": 19.12,
            "book_valuer_per_share_4q_avg": 20.54,
            "equity": 1023093,
            "current_ratio": 1896.88,
            "debt_ratio": 6.3,
            "inventory_turnover_ratio": 0.31,
            "account_receivable_turnover_ratio": 1.31,
            "reinvestment_rate": 71.34,
            "research_to_sale_ratio": 34.44,
            "price_fair": 25.89,
            "eps_avg_yearly": 1.07,
            "eps_latest_yearly": 0.04,
            "eps_growth_yearly": 14.18
        },
        "20151": {
            "year_quarter": 20151,
            "year": 2015,
            "quarter": 1,
            "eps": 0.26,
            "eps_growth_year": 1200,
            "eps_4q": -0.18,
            "eps_4q_growth_year": -126.11,
            "roe": 1.36,
            "roe_4q": -0.8899999999999998,
            "gross_profit": 36199,
            "gross_margin": 60.07,
            "gross_margin_4q_avg": 51.88,
            "net_income": 13759,
            "net_income_4q": null,
            "revenue": 60257,
            "revenue_4q": null,
            "common_shares": 535000,
            "book_valuer_per_share": 18.79,
            "book_valuer_per_share_4q_avg": 19.81,
            "equity": 997730,
            "current_ratio": 1260.38,
            "debt_ratio": 7.82,
            "inventory_turnover_ratio": 0.39,
            "account_receivable_turnover_ratio": 2.14,
            "reinvestment_rate": 106.09,
            "research_to_sale_ratio": 10.31,
            "price_fair": 25.89,
            "eps_avg_yearly": 1.07,
            "eps_latest_yearly": 0.04,
            "eps_growth_yearly": 14.18
        },
        "20152": {
            "year_quarter": 20152,
            "year": 2015,
            "quarter": 2,
            "eps": 0.1,
            "eps_growth_year": 900,
            "eps_4q": -0.09,
            "eps_4q_growth_year": -118.79,
            "roe": 0.53,
            "roe_4q": -0.4099999999999998,
            "gross_profit": 34932,
            "gross_margin": 57.05,
            "gross_margin_4q_avg": 52.86,
            "net_income": 5261,
            "net_income_4q": null,
            "revenue": 61233,
            "revenue_4q": null,
            "common_shares": 535000,
            "book_valuer_per_share": 18.89,
            "book_valuer_per_share_4q_avg": 19.1,
            "equity": 1002885,
            "current_ratio": 1603.2,
            "debt_ratio": 6.55,
            "inventory_turnover_ratio": 0.45,
            "account_receivable_turnover_ratio": 1.58,
            "reinvestment_rate": 134.04,
            "research_to_sale_ratio": 10.91,
            "price_fair": 20.62,
            "eps_avg_yearly": 1.04,
            "eps_latest_yearly": 0.4,
            "eps_growth_yearly": 9.82
        },
        "20153": {
            "year_quarter": 20153,
            "year": 2015,
            "quarter": 3,
            "eps": 0.48,
            "eps_growth_year": null,
            "eps_4q": 0.42,
            "eps_4q_growth_year": 271.71,
            "roe": 2.59,
            "roe_4q": 2.3100000000000005,
            "gross_profit": 48562,
            "gross_margin": 59.74,
            "gross_margin_4q_avg": 54.85,
            "net_income": 25148,
            "net_income_4q": null,
            "revenue": 81290,
            "revenue_4q": null,
            "common_shares": 535000,
            "book_valuer_per_share": 18.25,
            "book_valuer_per_share_4q_avg": 18.76,
            "equity": 941448,
            "current_ratio": 647.21,
            "debt_ratio": 13.81,
            "inventory_turnover_ratio": 0.59,
            "account_receivable_turnover_ratio": 1.53,
            "reinvestment_rate": 175.79,
            "research_to_sale_ratio": 8.03,
            "price_fair": 37.37,
            "eps_avg_yearly": 1.07,
            "eps_latest_yearly": 1.92,
            "eps_growth_yearly": 97.52
        },
        "20154": {
            "year_quarter": 20154,
            "year": 2015,
            "quarter": 4,
            "eps": 0.21,
            "eps_growth_year": null,
            "eps_4q": 1.06,
            "eps_4q_growth_year": null,
            "roe": 1.13,
            "roe_4q": 5.61,
            "gross_profit": 35884,
            "gross_margin": 57.82,
            "gross_margin_4q_avg": 58.67,
            "net_income": 10672,
            "net_income_4q": null,
            "revenue": 62062,
            "revenue_4q": null,
            "common_shares": 535000,
            "book_valuer_per_share": 18.38,
            "book_valuer_per_share_4q_avg": 18.58,
            "equity": 948596,
            "current_ratio": 835.92,
            "debt_ratio": 11.57,
            "inventory_turnover_ratio": 0.52,
            "account_receivable_turnover_ratio": 0.98,
            "reinvestment_rate": 214.15,
            "research_to_sale_ratio": 8.77,
            "price_fair": 35.75,
            "eps_avg_yearly": 1.02,
            "eps_latest_yearly": 0.84,
            "eps_growth_yearly": 82.57
        },
        "20161": {
            "year_quarter": 20161,
            "year": 2016,
            "quarter": 1,
            "eps": -0.01,
            "eps_growth_year": -103.85,
            "eps_4q": 0.79,
            "eps_4q_growth_year": null,
            "roe": -0.06,
            "roe_4q": 4.1899999999999995,
            "gross_profit": 24467,
            "gross_margin": 53.35,
            "gross_margin_4q_avg": 56.99,
            "net_income": -528,
            "net_income_4q": null,
            "revenue": 45863,
            "revenue_4q": null,
            "common_shares": 535000,
            "book_valuer_per_share": 18.37,
            "book_valuer_per_share_4q_avg": 18.47,
            "equity": 948056,
            "current_ratio": 700.58,
            "debt_ratio": 23.86,
            "inventory_turnover_ratio": 0.46,
            "account_receivable_turnover_ratio": 1.06,
            "reinvestment_rate": 287.58,
            "research_to_sale_ratio": 12.01,
            "price_fair": 37.1,
            "eps_avg_yearly": 1.06,
            "eps_latest_yearly": 0.84,
            "eps_growth_yearly": 109.83
        },
        "20162": {
            "year_quarter": 20162,
            "year": 2016,
            "quarter": 2,
            "eps": 0.01,
            "eps_growth_year": -90,
            "eps_4q": 0.7,
            "eps_4q_growth_year": null,
            "roe": 0.07,
            "roe_4q": 3.7299999999999995,
            "gross_profit": 25526,
            "gross_margin": 51.92,
            "gross_margin_4q_avg": 55.71,
            "net_income": 662,
            "net_income_4q": null,
            "revenue": 49164,
            "revenue_4q": null,
            "common_shares": 535000,
            "book_valuer_per_share": 17.88,
            "book_valuer_per_share_4q_avg": 18.22,
            "equity": 922737,
            "current_ratio": 667.35,
            "debt_ratio": 27.84,
            "inventory_turnover_ratio": 0.58,
            "account_receivable_turnover_ratio": 2.32,
            "reinvestment_rate": 319.42,
            "research_to_sale_ratio": 13.65,
            "price_fair": 37.8,
            "eps_avg_yearly": 1.08,
            "eps_latest_yearly": 0.84,
            "eps_growth_yearly": 101.63
        },
        "20163": {
            "year_quarter": 20163,
            "year": 2016,
            "quarter": 3,
            "eps": -0.93,
            "eps_growth_year": -293.75,
            "eps_4q": -0.72,
            "eps_4q_growth_year": -271.16,
            "roe": -5.33,
            "roe_4q": -4.1899999999999995,
            "gross_profit": 35147,
            "gross_margin": 57.38,
            "gross_margin_4q_avg": 55.12,
            "net_income": -47931,
            "net_income_4q": null,
            "revenue": 61256,
            "revenue_4q": null,
            "common_shares": 535000,
            "book_valuer_per_share": 16.97,
            "book_valuer_per_share_4q_avg": 17.9,
            "equity": 875451,
            "current_ratio": 396.03,
            "debt_ratio": 33.62,
            "inventory_turnover_ratio": 0.71,
            "account_receivable_turnover_ratio": 2.08,
            "reinvestment_rate": 791.78,
            "research_to_sale_ratio": 13.67,
            "price_fair": 34.44,
            "eps_avg_yearly": 0.98,
            "eps_latest_yearly": 0.84,
            "eps_growth_yearly": 54.65
        },
        "20164": {
            "year_quarter": 20164,
            "year": 2016,
            "quarter": 4,
            "eps": 0.42,
            "eps_growth_year": 101.78,
            "eps_4q": -0.51,
            "eps_4q_growth_year": -147.89,
            "roe": 2.43,
            "roe_4q": -2.89,
            "gross_profit": 42015,
            "gross_margin": 58.34,
            "gross_margin_4q_avg": 55.25,
            "net_income": 21534,
            "net_income_4q": null,
            "revenue": 72021,
            "revenue_4q": null,
            "common_shares": 535000,
            "book_valuer_per_share": 17.33,
            "book_valuer_per_share_4q_avg": 17.64,
            "equity": 894208,
            "current_ratio": 312.18,
            "debt_ratio": 34.11,
            "inventory_turnover_ratio": 0.84,
            "account_receivable_turnover_ratio": 1.72,
            "reinvestment_rate": 1183.58,
            "research_to_sale_ratio": 13.75,
            "price_fair": 27.38,
            "eps_avg_yearly": 0.78,
            "eps_latest_yearly": 0.84,
            "eps_growth_yearly": 44.16
        },
        "20171": {
            "year_quarter": 20171,
            "year": 2017,
            "quarter": 1,
            "eps": -0.04,
            "eps_growth_year": null,
            "eps_4q": -0.54,
            "eps_4q_growth_year": -168.65,
            "roe": -0.24,
            "roe_4q": -3.07,
            "gross_profit": 25218,
            "gross_margin": 51.5,
            "gross_margin_4q_avg": 54.79,
            "net_income": -2105,
            "net_income_4q": null,
            "revenue": 48966,
            "revenue_4q": null,
            "common_shares": 535000,
            "book_valuer_per_share": 17.27,
            "book_valuer_per_share_4q_avg": 17.36,
            "equity": 891152,
            "current_ratio": 205.07,
            "debt_ratio": 33.88,
            "inventory_turnover_ratio": 0.61,
            "account_receivable_turnover_ratio": 1.41,
            "reinvestment_rate": 1941.42,
            "research_to_sale_ratio": 15.71,
            "price_fair": 27.65,
            "eps_avg_yearly": 0.79,
            "eps_latest_yearly": 0.84,
            "eps_growth_yearly": 86.83
        },
        "20172": {
            "year_quarter": 20172,
            "year": 2017,
            "quarter": 2,
            "eps": 0.02,
            "eps_growth_year": 100,
            "eps_4q": -0.53,
            "eps_4q_growth_year": -176.75,
            "roe": 0.1,
            "roe_4q": -3.04,
            "gross_profit": 40491,
            "gross_margin": 59.14,
            "gross_margin_4q_avg": 56.59,
            "net_income": 907,
            "net_income_4q": null,
            "revenue": 68463,
            "revenue_4q": null,
            "common_shares": 535000,
            "book_valuer_per_share": 17.29,
            "book_valuer_per_share_4q_avg": 17.22,
            "equity": 892242,
            "current_ratio": 238.15,
            "debt_ratio": 40.93,
            "inventory_turnover_ratio": 0.67,
            "account_receivable_turnover_ratio": 2.13,
            "reinvestment_rate": 2584.38,
            "research_to_sale_ratio": 17.19,
            "price_fair": 27.2,
            "eps_avg_yearly": 0.78,
            "eps_latest_yearly": 0.84,
            "eps_growth_yearly": 86.53
        },
        "20173": {
            "year_quarter": 20173,
            "year": 2017,
            "quarter": 3,
            "eps": 0.02,
            "eps_growth_year": null,
            "eps_4q": 0.41,
            "eps_4q_growth_year": null,
            "roe": 0.09,
            "roe_4q": 2.3800000000000003,
            "gross_profit": 31333,
            "gross_margin": 57.54,
            "gross_margin_4q_avg": 56.63,
            "net_income": 801,
            "net_income_4q": null,
            "revenue": 54452,
            "revenue_4q": null,
            "common_shares": 535000,
            "book_valuer_per_share": 17.31,
            "book_valuer_per_share_4q_avg": 17.3,
            "equity": 893094,
            "current_ratio": 295.25,
            "debt_ratio": 42.76,
            "inventory_turnover_ratio": 0.61,
            "account_receivable_turnover_ratio": 1.64,
            "reinvestment_rate": 6853.4,
            "research_to_sale_ratio": 20.16,
            "price_fair": 19,
            "eps_avg_yearly": 0.54,
            "eps_latest_yearly": 0.08,
            "eps_growth_yearly": 31.99
        },
        "20174": {
            "year_quarter": 20174,
            "year": 2017,
            "quarter": 4,
            "eps": 0.34,
            "eps_growth_year": -18.57,
            "eps_4q": 0.33,
            "eps_4q_growth_year": null,
            "roe": 1.94,
            "roe_4q": 1.89,
            "gross_profit": 55789,
            "gross_margin": 64.47,
            "gross_margin_4q_avg": 58.16,
            "net_income": 17536,
            "net_income_4q": null,
            "revenue": 86537,
            "revenue_4q": null,
            "common_shares": 535000,
            "book_valuer_per_share": 17.72,
            "book_valuer_per_share_4q_avg": 17.4,
            "equity": 914452,
            "current_ratio": 244.26,
            "debt_ratio": 41.5,
            "inventory_turnover_ratio": 0.9,
            "account_receivable_turnover_ratio": 2.27,
            "reinvestment_rate": 3766.82,
            "research_to_sale_ratio": 10.19,
            "price_fair": 23.6,
            "eps_avg_yearly": 0.67,
            "eps_latest_yearly": 1.36,
            "eps_growth_yearly": 988.8
        },
        "20181": {
            "year_quarter": 20181,
            "year": 2018,
            "quarter": 1,
            "eps": 0.69,
            "eps_growth_year": null,
            "eps_4q": 1.06,
            "eps_4q_growth_year": null,
            "roe": 3.82,
            "roe_4q": 5.949999999999999,
            "gross_profit": 74180,
            "gross_margin": 71.27,
            "gross_margin_4q_avg": 63.11,
            "net_income": 35563,
            "net_income_4q": null,
            "revenue": 104085,
            "revenue_4q": null,
            "common_shares": 531000,
            "book_valuer_per_share": 18.39,
            "book_valuer_per_share_4q_avg": 17.68,
            "equity": 948698,
            "current_ratio": 227.94,
            "debt_ratio": 40.95,
            "inventory_turnover_ratio": 0.98,
            "account_receivable_turnover_ratio": 2.38,
            "reinvestment_rate": 1548.46,
            "research_to_sale_ratio": 8.57,
            "price_fair": 37,
            "eps_avg_yearly": 1.06,
            "eps_latest_yearly": 2.76,
            "eps_growth_yearly": 1094.37
        },
        "20182": {
            "year_quarter": 20182,
            "year": 2018,
            "quarter": 2,
            "eps": 0.07,
            "eps_growth_year": 250,
            "eps_4q": 1.11,
            "eps_4q_growth_year": null,
            "roe": 0.38,
            "roe_4q": 6.23,
            "gross_profit": 32235,
            "gross_margin": 63.57,
            "gross_margin_4q_avg": 64.21,
            "net_income": 3633,
            "net_income_4q": null,
            "revenue": 50704,
            "revenue_4q": null,
            "common_shares": 531000,
            "book_valuer_per_share": 18.26,
            "book_valuer_per_share_4q_avg": 17.92,
            "equity": 941985,
            "current_ratio": 221.09,
            "debt_ratio": 41.89,
            "inventory_turnover_ratio": 0.59,
            "account_receivable_turnover_ratio": 1.42,
            "reinvestment_rate": 1455.16,
            "research_to_sale_ratio": 27.94,
            "price_fair": 38.2,
            "eps_avg_yearly": 1.09,
            "eps_latest_yearly": 0.28,
            "eps_growth_yearly": 1071.6
        },
        "20183": {
            "year_quarter": 20183,
            "year": 2018,
            "quarter": 3,
            "eps": 0.31,
            "eps_growth_year": 1450,
            "eps_4q": 1.37,
            "eps_4q_growth_year": 235.05,
            "roe": 1.62,
            "roe_4q": 7.76,
            "gross_profit": 42921,
            "gross_margin": 58.67,
            "gross_margin_4q_avg": 64.5,
            "net_income": 16147,
            "net_income_4q": null,
            "revenue": 73159,
            "revenue_4q": null,
            "common_shares": 531000,
            "book_valuer_per_share": 19.78,
            "book_valuer_per_share_4q_avg": 18.54,
            "equity": 1050332,
            "current_ratio": 250.63,
            "debt_ratio": 38.58,
            "inventory_turnover_ratio": 0.85,
            "account_receivable_turnover_ratio": 1.88,
            "reinvestment_rate": 1137.39,
            "research_to_sale_ratio": 16.7,
            "price_fair": 38.85,
            "eps_avg_yearly": 1.11,
            "eps_latest_yearly": 1.24,
            "eps_growth_yearly": 1109.08
        },
        "20184": {
            "year_quarter": 20184,
            "year": 2018,
            "quarter": 4,
            "eps": 0.59,
            "eps_growth_year": 74.7,
            "eps_4q": 1.64,
            "eps_4q_growth_year": 392.53,
            "roe": 2.96,
            "roe_4q": 8.78,
            "gross_profit": 67585,
            "gross_margin": 66.5,
            "gross_margin_4q_avg": 65,
            "net_income": 31526,
            "net_income_4q": null,
            "revenue": 101633,
            "revenue_4q": null,
            "common_shares": 531000,
            "book_valuer_per_share": 20.3,
            "book_valuer_per_share_4q_avg": 19.18,
            "equity": 1078093,
            "current_ratio": 248.46,
            "debt_ratio": 36.43,
            "inventory_turnover_ratio": 0.87,
            "account_receivable_turnover_ratio": 1.75,
            "reinvestment_rate": 637.12,
            "research_to_sale_ratio": 12.47,
            "price_fair": 43.71,
            "eps_avg_yearly": 1.25,
            "eps_latest_yearly": 2.36,
            "eps_growth_yearly": 1025.99
        },
        "20191": {
            "year_quarter": 20191,
            "year": 2019,
            "quarter": 1,
            "eps": 0.53,
            "eps_growth_year": -23.19,
            "eps_4q": 1.4,
            "eps_4q_growth_year": 31.38,
            "roe": 2.44,
            "roe_4q": 7.4,
            "gross_profit": 68033,
            "gross_margin": 65.14,
            "gross_margin_4q_avg": 63.47,
            "net_income": 29770,
            "net_income_4q": null,
            "revenue": 104435,
            "revenue_4q": null,
            "common_shares": 581000,
            "book_valuer_per_share": 23.46,
            "book_valuer_per_share_4q_avg": 20.45,
            "equity": 1363289,
            "current_ratio": 411.01,
            "debt_ratio": 26.97,
            "inventory_turnover_ratio": 0.91,
            "account_receivable_turnover_ratio": 1.59,
            "reinvestment_rate": 591.59,
            "research_to_sale_ratio": 12.31,
            "price_fair": 46.76,
            "eps_avg_yearly": 1.34,
            "eps_latest_yearly": 2.12,
            "eps_growth_yearly": 919.32
        },
        "20192": {
            "year_quarter": 20192,
            "year": 2019,
            "quarter": 2,
            "eps": 0.44,
            "eps_growth_year": 528.57,
            "eps_4q": 1.77,
            "eps_4q_growth_year": 58.73,
            "roe": 1.91,
            "roe_4q": 8.93,
            "gross_profit": 67592,
            "gross_margin": 67.05,
            "gross_margin_4q_avg": 64.34,
            "net_income": 25386,
            "net_income_4q": null,
            "revenue": 100815,
            "revenue_4q": null,
            "common_shares": 581000,
            "book_valuer_per_share": 22.3,
            "book_valuer_per_share_4q_avg": 21.46,
            "equity": 1295627,
            "current_ratio": 260.71,
            "debt_ratio": 31.13,
            "inventory_turnover_ratio": 0.93,
            "account_receivable_turnover_ratio": 1.53,
            "reinvestment_rate": 526.13,
            "research_to_sale_ratio": 9.86,
            "price_fair": 51.52,
            "eps_avg_yearly": 1.47,
            "eps_latest_yearly": 1.76,
            "eps_growth_yearly": 937.15
        },
        "20193": {
            "year_quarter": 20193,
            "year": 2019,
            "quarter": 3,
            "eps": 0.44,
            "eps_growth_year": 41.94,
            "eps_4q": 1.93,
            "eps_4q_growth_year": 40.91,
            "roe": 1.96,
            "roe_4q": 9.27,
            "gross_profit": 71158,
            "gross_margin": 69.21,
            "gross_margin_4q_avg": 66.98,
            "net_income": 25685,
            "net_income_4q": null,
            "revenue": 102812,
            "revenue_4q": null,
            "common_shares": 581000,
            "book_valuer_per_share": 22.74,
            "book_valuer_per_share_4q_avg": 22.2,
            "equity": 1321145,
            "current_ratio": 381.97,
            "debt_ratio": 26.61,
            "inventory_turnover_ratio": 0.92,
            "account_receivable_turnover_ratio": 1.48,
            "reinvestment_rate": 510.67,
            "research_to_sale_ratio": 12.72,
            "price_fair": 50.96,
            "eps_avg_yearly": 1.46,
            "eps_latest_yearly": 1.76,
            "eps_growth_yearly": 785.15
        },
        "20194": {
            "year_quarter": 20194,
            "year": 2019,
            "quarter": 4,
            "eps": 0.69,
            "eps_growth_year": 15.56,
            "eps_4q": 2.08,
            "eps_4q_growth_year": 26.99,
            "roe": 2.97,
            "roe_4q": 9.28,
            "gross_profit": 98674,
            "gross_margin": 76.01,
            "gross_margin_4q_avg": 69.35,
            "net_income": 39862,
            "net_income_4q": null,
            "revenue": 129811,
            "revenue_4q": null,
            "common_shares": 581000,
            "book_valuer_per_share": 23.42,
            "book_valuer_per_share_4q_avg": 22.98,
            "equity": 1360763,
            "current_ratio": 363.97,
            "debt_ratio": 26.91,
            "inventory_turnover_ratio": 0.9,
            "account_receivable_turnover_ratio": 2.06,
            "reinvestment_rate": 417.3,
            "research_to_sale_ratio": 5.68,
            "price_fair": 57.68,
            "eps_avg_yearly": 1.65,
            "eps_latest_yearly": 2.76,
            "eps_growth_yearly": 830.37
        },
        "20201": {
            "year_quarter": 20201,
            "year": 2020,
            "quarter": 1,
            "eps": 0.63,
            "eps_growth_year": 18.87,
            "eps_4q": 2.19,
            "eps_4q_growth_year": 56.96,
            "roe": 2.63,
            "roe_4q": 9.469999999999999,
            "gross_profit": 79253,
            "gross_margin": 72.17,
            "gross_margin_4q_avg": 71.11,
            "net_income": 36320,
            "net_income_4q": null,
            "revenue": 109814,
            "revenue_4q": null,
            "common_shares": 581000,
            "book_valuer_per_share": 24.05,
            "book_valuer_per_share_4q_avg": 23.13,
            "equity": 1397045,
            "current_ratio": 405.39,
            "debt_ratio": 26,
            "inventory_turnover_ratio": 0.99,
            "account_receivable_turnover_ratio": 1.69,
            "reinvestment_rate": 322.9,
            "research_to_sale_ratio": 11.11,
            "price_fair": 60.45,
            "eps_avg_yearly": 1.73,
            "eps_latest_yearly": 2.52,
            "eps_growth_yearly": 751.72
        },
        "20202": {
            "year_quarter": 20202,
            "year": 2020,
            "quarter": 2,
            "eps": 0.39,
            "eps_growth_year": -11.36,
            "eps_4q": 2.04,
            "eps_4q_growth_year": 15.08,
            "roe": 1.64,
            "roe_4q": 9.2,
            "gross_profit": 73308,
            "gross_margin": 70.37,
            "gross_margin_4q_avg": 71.94,
            "net_income": 22384,
            "net_income_4q": null,
            "revenue": 104180,
            "revenue_4q": null,
            "common_shares": 581000,
            "book_valuer_per_share": 23.07,
            "book_valuer_per_share_4q_avg": 23.32,
            "equity": 1340145,
            "current_ratio": 262.75,
            "debt_ratio": 30.32,
            "inventory_turnover_ratio": 1.03,
            "account_receivable_turnover_ratio": 1.67,
            "reinvestment_rate": 292.63,
            "research_to_sale_ratio": 14.75,
            "price_fair": 59.97,
            "eps_avg_yearly": 1.71,
            "eps_latest_yearly": 1.56,
            "eps_growth_yearly": 676.38
        },
        "20203": {
            "year_quarter": 20203,
            "year": 2020,
            "quarter": 3,
            "eps": 0.56,
            "eps_growth_year": 27.27,
            "eps_4q": 2.17,
            "eps_4q_growth_year": 12.36,
            "roe": 2.51,
            "roe_4q": 9.75,
            "gross_profit": 90076,
            "gross_margin": 74.47,
            "gross_margin_4q_avg": 73.26,
            "net_income": 34004,
            "net_income_4q": null,
            "revenue": 120960,
            "revenue_4q": null,
            "common_shares": 610050,
            "book_valuer_per_share": 22.53,
            "book_valuer_per_share_4q_avg": 23.27,
            "equity": 1374184,
            "current_ratio": 390.18,
            "debt_ratio": 26.46,
            "inventory_turnover_ratio": 0.85,
            "account_receivable_turnover_ratio": 1.62,
            "reinvestment_rate": 215.24,
            "research_to_sale_ratio": 13.87,
            "price_fair": 61.38,
            "eps_avg_yearly": 1.75,
            "eps_latest_yearly": 2.24,
            "eps_growth_yearly": 637.76
        },
        "20204": {
            "year_quarter": 20204,
            "year": 2020,
            "quarter": 4,
            "eps": 0.58,
            "eps_growth_year": -15.67,
            "eps_4q": 2.1,
            "eps_4q_growth_year": 1,
            "roe": 2.54,
            "roe_4q": 9.32,
            "gross_profit": 100640,
            "gross_margin": 76.28,
            "gross_margin_4q_avg": 73.32,
            "net_income": 35297,
            "net_income_4q": null,
            "revenue": 131927,
            "revenue_4q": null,
            "common_shares": 610050,
            "book_valuer_per_share": 23.02,
            "book_valuer_per_share_4q_avg": 23.17,
            "equity": 1404181,
            "current_ratio": 455.11,
            "debt_ratio": 25.73,
            "inventory_turnover_ratio": 0.72,
            "account_receivable_turnover_ratio": 1.63,
            "reinvestment_rate": 170.37,
            "research_to_sale_ratio": 11.69,
            "price_fair": 62.8,
            "eps_avg_yearly": 1.79,
            "eps_latest_yearly": 2.32,
            "eps_growth_yearly": 593.23
        },
        "20211": {
            "year_quarter": 20211,
            "year": 2021,
            "quarter": 1,
            "eps": 0.4,
            "eps_growth_year": -36.51,
            "eps_4q": 1.91,
            "eps_4q_growth_year": -12.94,
            "roe": 1.74,
            "roe_4q": 8.43,
            "gross_profit": 81804,
            "gross_margin": 73.54,
            "gross_margin_4q_avg": 73.67,
            "net_income": 24640,
            "net_income_4q": null,
            "revenue": 111231,
            "revenue_4q": null,
            "common_shares": 610050,
            "book_valuer_per_share": 23.42,
            "book_valuer_per_share_4q_avg": 23.01,
            "equity": 1428812,
            "current_ratio": 196.9,
            "debt_ratio": 35.78,
            "inventory_turnover_ratio": 0.67,
            "account_receivable_turnover_ratio": 1.54,
            "reinvestment_rate": 114.11,
            "research_to_sale_ratio": 13.18,
            "price_fair": 62.35,
            "eps_avg_yearly": 1.78,
            "eps_latest_yearly": 1.6,
            "eps_growth_yearly": 545.41
        },
        "20212": {
            "year_quarter": 20212,
            "year": 2021,
            "quarter": 2,
            "eps": 0.52,
            "eps_growth_year": 33.33,
            "eps_4q": 2.06,
            "eps_4q_growth_year": 1.06,
            "roe": 2.19,
            "roe_4q": 8.98,
            "gross_profit": 83311,
            "gross_margin": 65.7,
            "gross_margin_4q_avg": 72.5,
            "net_income": 31629,
            "net_income_4q": null,
            "revenue": 126802,
            "revenue_4q": null,
            "common_shares": 610050,
            "book_valuer_per_share": 23.94,
            "book_valuer_per_share_4q_avg": 23.23,
            "equity": 1460432,
            "current_ratio": 205.56,
            "debt_ratio": 35.96,
            "inventory_turnover_ratio": 0.91,
            "account_receivable_turnover_ratio": 1.76,
            "reinvestment_rate": 100.07,
            "research_to_sale_ratio": 13.16,
            "price_fair": 63,
            "eps_avg_yearly": 1.8,
            "eps_latest_yearly": 2.08,
            "eps_growth_yearly": 518.82
        },
        "20213": {
            "year_quarter": 20213,
            "year": 2021,
            "quarter": 3,
            "eps": 0.3,
            "eps_growth_year": -46.43,
            "eps_4q": 1.69,
            "eps_4q_growth_year": -22.38,
            "roe": 1.39,
            "roe_4q": 7.86,
            "gross_profit": 80573,
            "gross_margin": 63.31,
            "gross_margin_4q_avg": 69.71,
            "net_income": 20085,
            "net_income_4q": null,
            "revenue": 127269,
            "revenue_4q": null,
            "common_shares": 610050,
            "book_valuer_per_share": 23.31,
            "book_valuer_per_share_4q_avg": 23.42,
            "equity": 1421961,
            "current_ratio": 191.22,
            "debt_ratio": 37.73,
            "inventory_turnover_ratio": 0.78,
            "account_receivable_turnover_ratio": 1.96,
            "reinvestment_rate": 80.74,
            "research_to_sale_ratio": 14.91,
            "price_fair": 65.45,
            "eps_avg_yearly": 1.87,
            "eps_latest_yearly": 1.2,
            "eps_growth_yearly": 508.24
        },
        "20214": {
            "year_quarter": 20214,
            "year": 2021,
            "quarter": 4,
            "eps": 0.38,
            "eps_growth_year": -33.77,
            "eps_4q": 1.54,
            "eps_4q_growth_year": -26.76,
            "roe": 1.77,
            "roe_4q": 7.09,
            "gross_profit": 96148,
            "gross_margin": 68.56,
            "gross_margin_4q_avg": 67.78,
            "net_income": 25366,
            "net_income_4q": null,
            "revenue": 140237,
            "revenue_4q": null,
            "common_shares": 661904,
            "book_valuer_per_share": 21.9,
            "book_valuer_per_share_4q_avg": 23.14,
            "equity": 1449881,
            "current_ratio": 217.38,
            "debt_ratio": 35.9,
            "inventory_turnover_ratio": 0.59,
            "account_receivable_turnover_ratio": 1.99,
            "reinvestment_rate": 47.61,
            "research_to_sale_ratio": 11.14,
            "price_fair": 65.8,
            "eps_avg_yearly": 1.88,
            "eps_latest_yearly": 1.52,
            "eps_growth_yearly": 114.91
        },
        "20221": {
            "year_quarter": 20221,
            "year": 2022,
            "quarter": 1,
            "eps": 0.41,
            "eps_growth_year": 2.5,
            "eps_4q": 1.57,
            "eps_4q_growth_year": -17.56,
            "roe": 1.84,
            "roe_4q": 7.1899999999999995,
            "gross_profit": 59765,
            "gross_margin": 59.55,
            "gross_margin_4q_avg": 64.28,
            "net_income": 26970,
            "net_income_4q": null,
            "revenue": 100368,
            "revenue_4q": null,
            "common_shares": 661904,
            "book_valuer_per_share": 22.31,
            "book_valuer_per_share_4q_avg": 22.87,
            "equity": 1476888,
            "current_ratio": 561.3,
            "debt_ratio": 25.27,
            "inventory_turnover_ratio": 0.5,
            "account_receivable_turnover_ratio": 1.66,
            "reinvestment_rate": 41.15,
            "research_to_sale_ratio": 13.2,
            "price_fair": 63.35,
            "eps_avg_yearly": 1.81,
            "eps_latest_yearly": 1.64,
            "eps_growth_yearly": 91.15
        },
        "20222": {
            "year_quarter": 20222,
            "year": 2022,
            "quarter": 2,
            "eps": 0.6,
            "eps_growth_year": 15.38,
            "eps_4q": 1.69,
            "eps_4q_growth_year": -17.74,
            "roe": 2.74,
            "roe_4q": 7.739999999999999,
            "gross_profit": 85963,
            "gross_margin": 65.02,
            "gross_margin_4q_avg": 64.11,
            "net_income": 39656,
            "net_income_4q": null,
            "revenue": 132210,
            "revenue_4q": null,
            "common_shares": 661904,
            "book_valuer_per_share": 21.49,
            "book_valuer_per_share_4q_avg": 22.25,
            "equity": 1422700,
            "current_ratio": 335.19,
            "debt_ratio": 29.42,
            "inventory_turnover_ratio": 0.56,
            "account_receivable_turnover_ratio": 2.18,
            "reinvestment_rate": 34.99,
            "research_to_sale_ratio": 11.21,
            "price_fair": 67.99,
            "eps_avg_yearly": 1.94,
            "eps_latest_yearly": 2.4,
            "eps_growth_yearly": 125.19
        },
        "20223": {
            "year_quarter": 20223,
            "year": 2022,
            "quarter": 3,
            "eps": 0.69,
            "eps_growth_year": 130,
            "eps_4q": 2.08,
            "eps_4q_growth_year": 23.18,
            "roe": 3.15,
            "roe_4q": 9.5,
            "gross_profit": 112357,
            "gross_margin": 68.14,
            "gross_margin_4q_avg": 65.32,
            "net_income": 45543,
            "net_income_4q": null,
            "revenue": 164903,
            "revenue_4q": null,
            "common_shares": 661904,
            "book_valuer_per_share": 22.18,
            "book_valuer_per_share_4q_avg": 21.97,
            "equity": 1468256,
            "current_ratio": 895.15,
            "debt_ratio": 38.01,
            "inventory_turnover_ratio": 0.58,
            "account_receivable_turnover_ratio": 2.32,
            "reinvestment_rate": 28.85,
            "research_to_sale_ratio": 8.26,
            "price_fair": 71.31,
            "eps_avg_yearly": 2.04,
            "eps_latest_yearly": 2.76,
            "eps_growth_yearly": 43.23
        },
        "20224": {
            "year_quarter": 20224,
            "year": 2022,
            "quarter": 4,
            "eps": 0.45,
            "eps_growth_year": 16.48,
            "eps_4q": 2.14,
            "eps_4q_growth_year": 39.32,
            "roe": 1.98,
            "roe_4q": 9.71,
            "gross_profit": 113782,
            "gross_margin": 71.17,
            "gross_margin_4q_avg": 65.97,
            "net_income": 29547,
            "net_income_4q": null,
            "revenue": 159867,
            "revenue_4q": null,
            "common_shares": 661904,
            "book_valuer_per_share": 22.83,
            "book_valuer_per_share_4q_avg": 22.2,
            "equity": 1510931,
            "current_ratio": 687.86,
            "debt_ratio": 27.99,
            "inventory_turnover_ratio": 0.48,
            "account_receivable_turnover_ratio": 2.09,
            "reinvestment_rate": 15.85,
            "research_to_sale_ratio": 6.73,
            "price_fair": 43.96,
            "eps_avg_yearly": 2,
            "eps_latest_yearly": 1.8,
            "eps_growth_yearly": 11.95
        },
        "20231": {
            "year_quarter": 20231,
            "year": 2023,
            "quarter": 1,
            "eps": 0.5,
            "eps_growth_year": 21.95,
            "eps_4q": 2.2,
            "eps_4q_growth_year": 40.11,
            "roe": 2.12,
            "roe_4q": 9.99,
            "gross_profit": 80609,
            "gross_margin": 66.96,
            "gross_margin_4q_avg": 67.82,
            "net_income": 32778,
            "net_income_4q": null,
            "revenue": 120378,
            "revenue_4q": null,
            "common_shares": 661904,
            "book_valuer_per_share": 23.86,
            "book_valuer_per_share_4q_avg": 22.59,
            "equity": 1579559,
            "current_ratio": 758.7,
            "debt_ratio": 25.65,
            "inventory_turnover_ratio": 0.41,
            "account_receivable_turnover_ratio": 1.42,
            "reinvestment_rate": -1.23,
            "research_to_sale_ratio": 8.14,
            "price_fair": 54.41,
            "eps_avg_yearly": 2,
            "eps_latest_yearly": 2,
            "eps_growth_yearly": 17.27
        },
        "20232": {
            "year_quarter": 20232,
            "year": 2023,
            "quarter": 2,
            "eps": 0.77,
            "eps_growth_year": 28.33,
            "eps_4q": 2.36,
            "eps_4q_growth_year": 39.64,
            "roe": 3.31,
            "roe_4q": 10.56,
            "gross_profit": 128763,
            "gross_margin": 70.26,
            "gross_margin_4q_avg": 69.13,
            "net_income": 51192,
            "net_income_4q": null,
            "revenue": 183266,
            "revenue_4q": null,
            "common_shares": 669800,
            "book_valuer_per_share": 22.56,
            "book_valuer_per_share_4q_avg": 22.86,
            "equity": 1510765,
            "current_ratio": 363.41,
            "debt_ratio": 31.26,
            "inventory_turnover_ratio": 0.57,
            "account_receivable_turnover_ratio": 1.86,
            "reinvestment_rate": -11.47,
            "research_to_sale_ratio": 5.45,
            "price_fair": 72.71,
            "eps_avg_yearly": 2.08,
            "eps_latest_yearly": 3.08,
            "eps_growth_yearly": 35.02
        },
        "20233": {
            "year_quarter": 20233,
            "year": 2023,
            "quarter": 3,
            "eps": 0.81,
            "eps_growth_year": 17.39,
            "eps_4q": 2.48,
            "eps_4q_growth_year": 19.49,
            "roe": 3.53,
            "roe_4q": 10.940000000000001,
            "gross_profit": 147597,
            "gross_margin": 71.62,
            "gross_margin_4q_avg": 70,
            "net_income": 54601,
            "net_income_4q": null,
            "revenue": 206097,
            "revenue_4q": null,
            "common_shares": 672722,
            "book_valuer_per_share": 23.57,
            "book_valuer_per_share_4q_avg": 23.21,
            "equity": 1585729,
            "current_ratio": 576.69,
            "debt_ratio": 26.15,
            "inventory_turnover_ratio": 0.62,
            "account_receivable_turnover_ratio": 1.67,
            "reinvestment_rate": -20.57,
            "research_to_sale_ratio": 6.78,
            "price_fair": 75.95,
            "eps_avg_yearly": 2.17,
            "eps_latest_yearly": 3.24,
            "eps_growth_yearly": 36.32
        },
        "20234": {
            "year_quarter": 20234,
            "year": 2023,
            "quarter": 4,
            "eps": 0.58,
            "eps_growth_year": 30.08,
            "eps_4q": 2.63,
            "eps_4q_growth_year": 22.68,
            "roe": 2.45,
            "roe_4q": 11.41,
            "gross_profit": 155525,
            "gross_margin": 76.52,
            "gross_margin_4q_avg": 71.34,
            "net_income": 39329,
            "net_income_4q": null,
            "revenue": 203247,
            "revenue_4q": null,
            "common_shares": 677099,
            "book_valuer_per_share": 24.02,
            "book_valuer_per_share_4q_avg": 23.5,
            "equity": 1626505,
            "current_ratio": 692.39,
            "debt_ratio": 24.7,
            "inventory_turnover_ratio": 0.53,
            "account_receivable_turnover_ratio": 1.81,
            "reinvestment_rate": -24.1,
            "research_to_sale_ratio": 9.67,
            "price_fair": 53.59,
            "eps_avg_yearly": 2.14,
            "eps_latest_yearly": 2.32,
            "eps_growth_yearly": 15.01
        }
    },
    "months": {
        "2010-12": {
            "month": "2010-12",
            "price": "36.82",
            "revenue": 13344
        },
        "2011-01": {
            "month": "2011-01",
            "price": "47.90",
            "revenue": 14727
        },
        "2011-02": {
            "month": "2011-02",
            "price": "50.45",
            "revenue": 8744
        },
        "2011-03": {
            "month": "2011-03",
            "price": "48.78",
            "revenue": 7228
        },
        "2011-04": {
            "month": "2011-04",
            "price": "42.51",
            "revenue": 9288
        },
        "2011-05": {
            "month": "2011-05",
            "price": "43.66",
            "revenue": 10400
        },
        "2011-06": {
            "month": "2011-06",
            "price": "43.92",
            "revenue": 10894
        },
        "2011-07": {
            "month": "2011-07",
            "price": "41.11",
            "revenue": 12370
        },
        "2011-08": {
            "month": "2011-08",
            "price": "39.55",
            "revenue": 14808
        },
        "2011-09": {
            "month": "2011-09",
            "price": "38.35",
            "revenue": 13229
        },
        "2011-10": {
            "month": "2011-10",
            "price": "38.86",
            "revenue": 14587
        },
        "2011-11": {
            "month": "2011-11",
            "price": "40.43",
            "revenue": 12264
        },
        "2011-12": {
            "month": "2011-12",
            "price": "40.35",
            "revenue": 14732
        },
        "2012-01": {
            "month": "2012-01",
            "price": "40.29",
            "revenue": 9394
        },
        "2012-02": {
            "month": "2012-02",
            "price": "44.59",
            "revenue": 9127
        },
        "2012-03": {
            "month": "2012-03",
            "price": "45.23",
            "revenue": 12863
        },
        "2012-04": {
            "month": "2012-04",
            "price": "49.80",
            "revenue": 10944
        },
        "2012-05": {
            "month": "2012-05",
            "price": "48.37",
            "revenue": 13406
        },
        "2012-06": {
            "month": "2012-06",
            "price": "46.81",
            "revenue": 15045
        },
        "2012-07": {
            "month": "2012-07",
            "price": "47.26",
            "revenue": 17460
        },
        "2012-08": {
            "month": "2012-08",
            "price": "44.89",
            "revenue": 17519
        },
        "2012-09": {
            "month": "2012-09",
            "price": "42.86",
            "revenue": 19081
        },
        "2012-10": {
            "month": "2012-10",
            "price": "46.01",
            "revenue": 23017
        },
        "2012-11": {
            "month": "2012-11",
            "price": "50.87",
            "revenue": 23718
        },
        "2012-12": {
            "month": "2012-12",
            "price": "55.24",
            "revenue": 29106
        },
        "2013-01": {
            "month": "2013-01",
            "price": "58.79",
            "revenue": 17470
        },
        "2013-02": {
            "month": "2013-02",
            "price": "60.43",
            "revenue": 11197
        },
        "2013-03": {
            "month": "2013-03",
            "price": "62.27",
            "revenue": 15406
        },
        "2013-04": {
            "month": "2013-04",
            "price": "86.22",
            "revenue": 8160
        },
        "2013-05": {
            "month": "2013-05",
            "price": "86.16",
            "revenue": 12390
        },
        "2013-06": {
            "month": "2013-06",
            "price": "87.93",
            "revenue": 30490
        },
        "2013-07": {
            "month": "2013-07",
            "price": "89.93",
            "revenue": 17914
        },
        "2013-08": {
            "month": "2013-08",
            "price": "94.72",
            "revenue": 17580
        },
        "2013-09": {
            "month": "2013-09",
            "price": "94.67",
            "revenue": 19145
        },
        "2013-10": {
            "month": "2013-10",
            "price": "106.94",
            "revenue": 21186
        },
        "2013-11": {
            "month": "2013-11",
            "price": "82.03",
            "revenue": 20005
        },
        "2013-12": {
            "month": "2013-12",
            "price": "83.58",
            "revenue": 9567
        },
        "2014-01": {
            "month": "2014-01",
            "price": "71.44",
            "revenue": 14225
        },
        "2014-02": {
            "month": "2014-02",
            "price": "70.61",
            "revenue": 16004
        },
        "2014-03": {
            "month": "2014-03",
            "price": "66.88",
            "revenue": 7419
        },
        "2014-04": {
            "month": "2014-04",
            "price": "62.49",
            "revenue": 10303
        },
        "2014-05": {
            "month": "2014-05",
            "price": "80.22",
            "revenue": 13311
        },
        "2014-06": {
            "month": "2014-06",
            "price": "88.28",
            "revenue": 21156
        },
        "2014-07": {
            "month": "2014-07",
            "price": "108.35",
            "revenue": 10067
        },
        "2014-08": {
            "month": "2014-08",
            "price": "101.26",
            "revenue": 10311
        },
        "2014-09": {
            "month": "2014-09",
            "price": "98.77",
            "revenue": 21057
        },
        "2014-10": {
            "month": "2014-10",
            "price": "90.63",
            "revenue": 11089
        },
        "2014-11": {
            "month": "2014-11",
            "price": "86.26",
            "revenue": 10673
        },
        "2014-12": {
            "month": "2014-12",
            "price": "96.18",
            "revenue": 12665
        },
        "2015-01": {
            "month": "2015-01",
            "price": "95.38",
            "revenue": 23184
        },
        "2015-02": {
            "month": "2015-02",
            "price": "91.84",
            "revenue": 12071
        },
        "2015-03": {
            "month": "2015-03",
            "price": "87.18",
            "revenue": 25002
        },
        "2015-04": {
            "month": "2015-04",
            "price": "89.70",
            "revenue": 24236
        },
        "2015-05": {
            "month": "2015-05",
            "price": "79.16",
            "revenue": 14963
        },
        "2015-06": {
            "month": "2015-06",
            "price": "63.20",
            "revenue": 22034
        },
        "2015-07": {
            "month": "2015-07",
            "price": "61.00",
            "revenue": 26016
        },
        "2015-08": {
            "month": "2015-08",
            "price": "53.03",
            "revenue": 30181
        },
        "2015-09": {
            "month": "2015-09",
            "price": "57.58",
            "revenue": 25093
        },
        "2015-10": {
            "month": "2015-10",
            "price": "61.40",
            "revenue": 13327
        },
        "2015-11": {
            "month": "2015-11",
            "price": "61.96",
            "revenue": 21505
        },
        "2015-12": {
            "month": "2015-12",
            "price": "63.90",
            "revenue": 27230
        },
        "2016-01": {
            "month": "2016-01",
            "price": "57.00",
            "revenue": 12717
        },
        "2016-02": {
            "month": "2016-02",
            "price": "55.58",
            "revenue": 17278
        },
        "2016-03": {
            "month": "2016-03",
            "price": "60.43",
            "revenue": 15868
        },
        "2016-04": {
            "month": "2016-04",
            "price": "59.20",
            "revenue": 12473
        },
        "2016-05": {
            "month": "2016-05",
            "price": "51.50",
            "revenue": 19244
        },
        "2016-06": {
            "month": "2016-06",
            "price": "49.65",
            "revenue": 17447
        },
        "2016-07": {
            "month": "2016-07",
            "price": "48.78",
            "revenue": 15543
        },
        "2016-08": {
            "month": "2016-08",
            "price": "54.93",
            "revenue": 25075
        },
        "2016-09": {
            "month": "2016-09",
            "price": "59.05",
            "revenue": 20638
        },
        "2016-10": {
            "month": "2016-10",
            "price": "54.43",
            "revenue": 25028
        },
        "2016-11": {
            "month": "2016-11",
            "price": "52.16",
            "revenue": 30629
        },
        "2016-12": {
            "month": "2016-12",
            "price": "57.23",
            "revenue": 16365
        },
        "2017-01": {
            "month": "2017-01",
            "price": "53.78",
            "revenue": 17544
        },
        "2017-02": {
            "month": "2017-02",
            "price": "53.89",
            "revenue": 13189
        },
        "2017-03": {
            "month": "2017-03",
            "price": "52.55",
            "revenue": 18232
        },
        "2017-04": {
            "month": "2017-04",
            "price": "47.56",
            "revenue": 30325
        },
        "2017-05": {
            "month": "2017-05",
            "price": "43.53",
            "revenue": 21568
        },
        "2017-06": {
            "month": "2017-06",
            "price": "46.63",
            "revenue": 16570
        },
        "2017-07": {
            "month": "2017-07",
            "price": "43.69",
            "revenue": 15594
        },
        "2017-08": {
            "month": "2017-08",
            "price": "41.33",
            "revenue": 17806
        },
        "2017-09": {
            "month": "2017-09",
            "price": "41.45",
            "revenue": 21053
        },
        "2017-10": {
            "month": "2017-10",
            "price": "40.38",
            "revenue": 30820
        },
        "2017-11": {
            "month": "2017-11",
            "price": "39.49",
            "revenue": 20505
        },
        "2017-12": {
            "month": "2017-12",
            "price": "36.37",
            "revenue": 35211
        },
        "2018-01": {
            "month": "2018-01",
            "price": "40.64",
            "revenue": 35643
        },
        "2018-02": {
            "month": "2018-02",
            "price": "42.05",
            "revenue": 36137
        },
        "2018-03": {
            "month": "2018-03",
            "price": "67.51",
            "revenue": 34450
        },
        "2018-04": {
            "month": "2018-04",
            "price": "82.83",
            "revenue": 15338
        },
        "2018-05": {
            "month": "2018-05",
            "price": "67.04",
            "revenue": 16791
        },
        "2018-06": {
            "month": "2018-06",
            "price": "75.78",
            "revenue": 18577
        },
        "2018-07": {
            "month": "2018-07",
            "price": "68.96",
            "revenue": 28582
        },
        "2018-08": {
            "month": "2018-08",
            "price": "73.52",
            "revenue": 22304
        },
        "2018-09": {
            "month": "2018-09",
            "price": "69.76",
            "revenue": 22273
        },
        "2018-10": {
            "month": "2018-10",
            "price": "68.27",
            "revenue": 25919
        },
        "2018-11": {
            "month": "2018-11",
            "price": "59.64",
            "revenue": 34427
        },
        "2018-12": {
            "month": "2018-12",
            "price": "64.58",
            "revenue": 41286
        },
        "2019-01": {
            "month": "2019-01",
            "price": "67.66",
            "revenue": 45331
        },
        "2019-02": {
            "month": "2019-02",
            "price": "72.10",
            "revenue": 22526
        },
        "2019-03": {
            "month": "2019-03",
            "price": "71.54",
            "revenue": 36578
        },
        "2019-04": {
            "month": "2019-04",
            "price": "70.72",
            "revenue": 23105
        },
        "2019-05": {
            "month": "2019-05",
            "price": "64.01",
            "revenue": 30340
        },
        "2019-06": {
            "month": "2019-06",
            "price": "63.39",
            "revenue": 47369
        },
        "2019-07": {
            "month": "2019-07",
            "price": "71.77",
            "revenue": 39207
        },
        "2019-08": {
            "month": "2019-08",
            "price": "69.52",
            "revenue": 32145
        },
        "2019-09": {
            "month": "2019-09",
            "price": "72.89",
            "revenue": 31461
        },
        "2019-10": {
            "month": "2019-10",
            "price": "71.58",
            "revenue": 38494
        },
        "2019-11": {
            "month": "2019-11",
            "price": "73.80",
            "revenue": 39009
        },
        "2019-12": {
            "month": "2019-12",
            "price": "72.50",
            "revenue": 52309
        },
        "2020-01": {
            "month": "2020-01",
            "price": "71.21",
            "revenue": 40009
        },
        "2020-02": {
            "month": "2020-02",
            "price": "63.24",
            "revenue": 20048
        },
        "2020-03": {
            "month": "2020-03",
            "price": "49.28",
            "revenue": 49756
        },
        "2020-04": {
            "month": "2020-04",
            "price": "56.79",
            "revenue": 28569
        },
        "2020-05": {
            "month": "2020-05",
            "price": "63.20",
            "revenue": 25455
        },
        "2020-06": {
            "month": "2020-06",
            "price": "64.46",
            "revenue": 50156
        },
        "2020-07": {
            "month": "2020-07",
            "price": "66.29",
            "revenue": 26917
        },
        "2020-08": {
            "month": "2020-08",
            "price": "65.99",
            "revenue": 70193
        },
        "2020-09": {
            "month": "2020-09",
            "price": "70.84",
            "revenue": 23850
        },
        "2020-10": {
            "month": "2020-10",
            "price": "65.74",
            "revenue": 50982
        },
        "2020-11": {
            "month": "2020-11",
            "price": "64.89",
            "revenue": 30491
        },
        "2020-12": {
            "month": "2020-12",
            "price": "62.09",
            "revenue": 50453
        },
        "2021-01": {
            "month": "2021-01",
            "price": "56.72",
            "revenue": 30819
        },
        "2021-02": {
            "month": "2021-02",
            "price": "56.04",
            "revenue": 22736
        },
        "2021-03": {
            "month": "2021-03",
            "price": "57.33",
            "revenue": 57676
        },
        "2021-04": {
            "month": "2021-04",
            "price": "59.54",
            "revenue": 30424
        },
        "2021-05": {
            "month": "2021-05",
            "price": "52.37",
            "revenue": 42418
        },
        "2021-06": {
            "month": "2021-06",
            "price": "53.36",
            "revenue": 53961
        },
        "2021-07": {
            "month": "2021-07",
            "price": "55.54",
            "revenue": 31034
        },
        "2021-08": {
            "month": "2021-08",
            "price": "56.37",
            "revenue": 55141
        },
        "2021-09": {
            "month": "2021-09",
            "price": "55.02",
            "revenue": 41094
        },
        "2021-10": {
            "month": "2021-10",
            "price": "49.14",
            "revenue": 34160
        },
        "2021-11": {
            "month": "2021-11",
            "price": "50.03",
            "revenue": 37816
        },
        "2021-12": {
            "month": "2021-12",
            "price": "49.78",
            "revenue": 68261
        },
        "2022-01": {
            "month": "2022-01",
            "price": "48.69",
            "revenue": 20044
        },
        "2022-02": {
            "month": "2022-02",
            "price": "47.18",
            "revenue": 23343
        },
        "2022-03": {
            "month": "2022-03",
            "price": "42.09",
            "revenue": 56981
        },
        "2022-04": {
            "month": "2022-04",
            "price": "42.51",
            "revenue": 31938
        },
        "2022-05": {
            "month": "2022-05",
            "price": "42.70",
            "revenue": 43648
        },
        "2022-06": {
            "month": "2022-06",
            "price": "41.12",
            "revenue": 56624
        },
        "2022-07": {
            "month": "2022-07",
            "price": "40.10",
            "revenue": 58552
        },
        "2022-08": {
            "month": "2022-08",
            "price": "44.24",
            "revenue": 38740
        },
        "2022-09": {
            "month": "2022-09",
            "price": "46.81",
            "revenue": 67611
        },
        "2022-10": {
            "month": "2022-10",
            "price": "45.10",
            "revenue": 51047
        },
        "2022-11": {
            "month": "2022-11",
            "price": "48.40",
            "revenue": 44174
        },
        "2022-12": {
            "month": "2022-12",
            "price": "53.75",
            "revenue": 64646
        },
        "2023-01": {
            "month": "2023-01",
            "price": "53.38",
            "revenue": 35722
        },
        "2023-02": {
            "month": "2023-02",
            "price": "60.21",
            "revenue": 24269
        },
        "2023-03": {
            "month": "2023-03",
            "price": "67.88",
            "revenue": 60387
        },
        "2023-04": {
            "month": "2023-04",
            "price": "70.80",
            "revenue": 50010
        },
        "2023-05": {
            "month": "2023-05",
            "price": "70.95",
            "revenue": 62058
        },
        "2023-06": {
            "month": "2023-06",
            "price": "76.16",
            "revenue": 71197
        },
        "2023-07": {
            "month": "2023-07",
            "price": "88.33",
            "revenue": 68910
        },
        "2023-08": {
            "month": "2023-08",
            "price": "82.35",
            "revenue": 80500
        },
        "2023-09": {
            "month": "2023-09",
            "price": "85.38",
            "revenue": 56688
        },
        "2023-10": {
            "month": "2023-10",
            "price": "77.72",
            "revenue": 60029
        },
        "2023-11": {
            "month": "2023-11",
            "price": "77.24",
            "revenue": 62053
        },
        "2023-12": {
            "month": "2023-12",
            "price": "77.57",
            "revenue": 81165
        },
        "2024-01": {
            "month": "2024-01",
            "price": "76.05",
            "revenue": 74264
        },
        "2024-02": {
            "month": "2024-02",
            "price": "81.91",
            "revenue": 50529
        }
    }
}
