{
    "summary": {
        "stock_name": "福盈科",
        "stock_id": "1787",
        "category": "化工",
        "main_business": "紡織染整、皮革、造紙、電子、混凝土等工業用助劑及清潔劑<br>各種工業用特用化學品及助劑及其有關原料之製造及銷售",
        "website_url": "",
        "ceo": "江志舜",
        "pe_ratio": 14,
        "report_year_from": 2003,
        "report_year_to": 2019,
        "age": 20,
        "eps_negative_percentage": 0,
        "eps_growth_avg": {
            "last_all": 11.76,
            "last_2y": -5.91,
            "last_4y": -1.7,
            "last_8y": 16.12,
            "last_12y": 17.88,
            "last_16y": null,
            "last_20y": null,
            "at_2006_last_3y": null,
            "at_2007_last_3y": -13.08,
            "at_2008_last_3y": -39.94,
            "at_2009_last_3y": -12.97,
            "at_2010_last_3y": 21.85,
            "at_2011_last_3y": 3.79,
            "at_2012_last_3y": 48.89,
            "at_2013_last_3y": 54.13,
            "at_2014_last_3y": 38.4,
            "at_2015_last_3y": 60.1,
            "at_2016_last_3y": 35.79,
            "at_2017_last_3y": 13.2,
            "at_2018_last_3y": -0.88,
            "at_2019_last_3y": -3.74,
            "at_2020_last_3y": -3.74,
            "at_2021_last_3y": -3.74,
            "at_2022_last_3y": -3.74,
            "at_2023_last_3y": -3.74,
            "at_2006_last_all": -14.75,
            "at_2007_last_all": -13.08,
            "at_2008_last_all": -26.55,
            "at_2009_last_all": -9.48,
            "at_2010_last_all": 6.16,
            "at_2011_last_all": -4.65,
            "at_2012_last_all": 6.98,
            "at_2013_last_all": 15.96,
            "at_2014_last_all": 17.89,
            "at_2015_last_all": 16.93,
            "at_2016_last_all": 15.84,
            "at_2017_last_all": 15.17,
            "at_2018_last_all": 12.88,
            "at_2019_last_all": 11.76,
            "at_2020_last_all": 11.76,
            "at_2021_last_all": 11.76,
            "at_2022_last_all": 11.76,
            "at_2023_last_all": 11.76
        },
        "latest_eps": 1.93,
        "latest_price": 26.15,
        "latest_roe": 11.91,
        "latest_gross_margin": 36.78,
        "latest_equity": 1150500,
        "latest_revenue": 466992,
        "latest_gross_profit": 171781,
        "latest_net_income": 36454,
        "latest_debt_ratio": 43.67,
        "latest_current_ratio": 209.61,
        "latest_account_receivable_turnover_ratio": 0.85,
        "latest_inventory_turnover_ratio": 1.17,
        "latest_reinvestment_rate": 45.47,
        "latest_research_to_sale_ratio": 5.1
    },
    "eps_dividends": {
        "2001": {
            "cash": 0,
            "stock": 0,
            "eps": 0
        },
        "2002": {
            "cash": 0,
            "stock": 0,
            "eps": 0
        },
        "2003": {
            "cash": 0,
            "stock": 2,
            "eps": 3.07
        },
        "2004": {
            "cash": 0.36,
            "stock": 2,
            "eps": 3.9
        },
        "2005": {
            "cash": 1,
            "stock": 1.5,
            "eps": 2.65
        },
        "2006": {
            "cash": 0.98,
            "stock": 0.78,
            "eps": 1.61
        },
        "2007": {
            "cash": 0.77,
            "stock": 0.48,
            "eps": 1.48
        },
        "2008": {
            "cash": 0.4,
            "stock": 0.5,
            "eps": 0.29
        },
        "2009": {
            "cash": 0,
            "stock": 0,
            "eps": 0.51
        },
        "2010": {
            "cash": 0.46,
            "stock": 0,
            "eps": 1.32
        },
        "2011": {
            "cash": 0.69,
            "stock": 0,
            "eps": 0.26
        },
        "2012": {
            "cash": 0.44,
            "stock": 0,
            "eps": 0.63
        },
        "2013": {
            "cash": 0.5,
            "stock": 0,
            "eps": 1.24
        },
        "2014": {
            "cash": 1,
            "stock": 0,
            "eps": 1.7
        },
        "2015": {
            "cash": 1.5,
            "stock": 0,
            "eps": 1.81
        },
        "2016": {
            "cash": 1.55,
            "stock": 0,
            "eps": 1.86
        },
        "2017": {
            "cash": 1.73,
            "stock": 0,
            "eps": 1.98
        },
        "2018": {
            "cash": 1.5,
            "stock": 0,
            "eps": 1.6
        },
        "2019": {
            "cash": 1.25,
            "stock": 0,
            "eps": 1.52
        }
    },
    "dividends": {
        "2003-05-31": {
            "cash": 0,
            "stock": 2
        },
        "2004-03-27": {
            "cash": 0.36,
            "stock": 2
        },
        "2005-03-25": {
            "cash": 1,
            "stock": 1.5
        },
        "2006-03-24": {
            "cash": 0.98,
            "stock": 0.78
        },
        "2007-03-23": {
            "cash": 0.77,
            "stock": 0.48
        },
        "2008-03-31": {
            "cash": 0.4,
            "stock": 0.5
        },
        "2010-03-26": {
            "cash": 0.46,
            "stock": 0
        },
        "2011-03-23": {
            "cash": 0.69,
            "stock": 0
        },
        "2012-03-20": {
            "cash": 0.44,
            "stock": 0
        },
        "2013-06-14": {
            "cash": 0.5,
            "stock": 0
        },
        "2014-06-11": {
            "cash": 1,
            "stock": 0
        },
        "2015-08-21": {
            "cash": 1.5,
            "stock": 0
        },
        "2016-08-22": {
            "cash": 1.55,
            "stock": 0
        },
        "2017-08-04": {
            "cash": 1.73,
            "stock": 0
        },
        "2018-08-10": {
            "cash": 1.5,
            "stock": 0
        },
        "2019-08-09": {
            "cash": 1.25,
            "stock": 0
        }
    },
    "prices": {
        "200101": "無",
        "200102": "無",
        "200103": "無",
        "200104": "無",
        "200105": "無",
        "200106": "無",
        "200107": "無",
        "200108": "無",
        "200109": "無",
        "200110": "無",
        "200111": "無",
        "200112": "無",
        "200201": "無",
        "200202": "無",
        "200203": "無",
        "200204": "無",
        "200205": "無",
        "200206": "無",
        "200207": "無",
        "200208": "無",
        "200209": "無",
        "200210": "無",
        "200211": "無",
        "200212": "無",
        "200301": "無",
        "200302": "無",
        "200303": "無",
        "200304": "無",
        "200305": "無",
        "200306": "無",
        "200307": "無",
        "200308": "無",
        "200309": "無",
        "200310": "無",
        "200311": "無",
        "200312": "無",
        "200401": "無",
        "200402": "30.17",
        "200403": "31.42",
        "200404": "33.97",
        "200405": "無",
        "200406": "34.97",
        "200407": "31.71",
        "200408": "32.73",
        "200409": "33.73",
        "200410": "無",
        "200411": "26.65",
        "200412": "28.49",
        "200501": "無",
        "200502": "30.05",
        "200503": "31.86",
        "200504": "27.61",
        "200505": "25.67",
        "200506": "26.48",
        "200507": "25.51",
        "200508": "24.40",
        "200509": "23.80",
        "200510": "25.89",
        "200511": "22.87",
        "200512": "21.27",
        "200601": "20.52",
        "200602": "21.02",
        "200603": "20.87",
        "200604": "23.38",
        "200605": "22.65",
        "200606": "20.99",
        "200607": "21.04",
        "200608": "19.70",
        "200609": "17.42",
        "200610": "17.07",
        "200611": "17.74",
        "200612": "17.94",
        "200701": "17.93",
        "200702": "17.77",
        "200703": "18.76",
        "200704": "19.90",
        "200705": "18.89",
        "200706": "19.81",
        "200707": "21.95",
        "200708": "18.76",
        "200709": "17.81",
        "200710": "16.84",
        "200711": "14.86",
        "200712": "14.08",
        "200801": "13.28",
        "200802": "12.46",
        "200803": "12.81",
        "200804": "14.09",
        "200805": "14.44",
        "200806": "13.07",
        "200807": "11.35",
        "200808": "11.08",
        "200809": "9.85",
        "200810": "9.14",
        "200811": "7.44",
        "200812": "7.28",
        "200901": "6.43",
        "200902": "6.13",
        "200903": "6.86",
        "200904": "7.71",
        "200905": "8.01",
        "200906": "8.27",
        "200907": "8.83",
        "200908": "9.61",
        "200909": "10.71",
        "200910": "10.90",
        "200911": "10.70",
        "200912": "11.92",
        "201001": "14.91",
        "201002": "14.38",
        "201003": "16.99",
        "201004": "22.12",
        "201005": "20.01",
        "201006": "19.29",
        "201007": "20.52",
        "201008": "22.18",
        "201009": "20.79",
        "201010": "19.93",
        "201011": "17.57",
        "201012": "17.57",
        "201101": "17.76",
        "201102": "17.40",
        "201103": "16.63",
        "201104": "17.18",
        "201105": "15.85",
        "201106": "14.78",
        "201107": "13.41",
        "201108": "11.20",
        "201109": "10.51",
        "201110": "11.32",
        "201111": "11.65",
        "201112": "12.20",
        "201201": "11.11",
        "201202": "15.15",
        "201203": "15.27",
        "201204": "13.05",
        "201205": "12.30",
        "201206": "11.81",
        "201207": "11.96",
        "201208": "11.62",
        "201209": "12.83",
        "201210": "12.39",
        "201211": "12.48",
        "201212": "13.92",
        "201301": "15.81",
        "201302": "14.99",
        "201303": "15.40",
        "201304": "15.60",
        "201305": "15.54",
        "201306": "15.04",
        "201307": "14.77",
        "201308": "14.77",
        "201309": "15.26",
        "201310": "17.23",
        "201311": "16.51",
        "201312": "17.68",
        "201401": "18.18",
        "201402": "17.44",
        "201403": "18.04",
        "201404": "18.60",
        "201405": "19.70",
        "201406": "21.95",
        "201407": "30.63",
        "201408": "28.84",
        "201409": "31.24",
        "201410": "30.38",
        "201411": "26.80",
        "201412": "27.33",
        "201501": "27.59",
        "201502": "28.22",
        "201503": "28.08",
        "201504": "25.62",
        "201505": "22.80",
        "201506": "22.10",
        "201507": "20.76",
        "201508": "18.36",
        "201509": "19.96",
        "201510": "21.31",
        "201511": "22.01",
        "201512": "21.97",
        "201601": "19.74",
        "201602": "21.24",
        "201603": "22.78",
        "201604": "23.75",
        "201605": "23.11",
        "201606": "22.81",
        "201607": "23.41",
        "201608": "23.22",
        "201609": "22.62",
        "201610": "21.71",
        "201611": "21.42",
        "201612": "22.08",
        "201701": "22.14",
        "201702": "22.54",
        "201703": "23.58",
        "201704": "24.66",
        "201705": "24.62",
        "201706": "24.78",
        "201707": "23.43",
        "201708": "23.63",
        "201709": "24.19",
        "201710": "24.00",
        "201711": "24.48",
        "201712": "27.47",
        "201801": "29.37",
        "201802": "27.38",
        "201803": "26.55",
        "201804": "25.42",
        "201805": "25.26",
        "201806": "25.16",
        "201807": "23.97",
        "201808": "23.31",
        "201809": "22.84",
        "201810": "22.17",
        "201811": "20.26",
        "201812": "20.80",
        "201901": "21.32",
        "201902": "23.47",
        "201903": "25.66",
        "201904": "27.30",
        "201905": "27.32",
        "201906": "27.23",
        "201907": "26.13",
        "201908": "25.93",
        "201909": "25.92",
        "201910": "26.05",
        "201911": "26.10",
        "201912": "無",
        "202001": "無",
        "202002": "無",
        "202003": "無",
        "202004": "無",
        "202005": "無",
        "202006": "無",
        "202007": "無",
        "202008": "無",
        "202009": "無",
        "202010": "無",
        "202011": "無",
        "202012": "無",
        "202101": "無",
        "202102": "無",
        "202103": "無",
        "202104": "無",
        "202105": "無",
        "202106": "無",
        "202107": "無",
        "202108": "無",
        "202109": "無",
        "202110": "無",
        "202111": "無",
        "202112": "無",
        "202201": "無",
        "202202": "無",
        "202203": "無",
        "202204": "無",
        "202205": "無",
        "202206": "無",
        "202207": "無",
        "202208": "無",
        "202209": "無",
        "202210": "無",
        "202211": "無",
        "202212": "無",
        "202301": "無",
        "202302": "無",
        "202303": "無",
        "202304": "無",
        "202305": "無"
    },
    "quarters": {
        "20011": {
            "year_quarter": 20011,
            "year": 2001,
            "quarter": 1,
            "eps": null,
            "eps_growth_year": null,
            "eps_4q": null,
            "eps_4q_growth_year": null,
            "roe": null,
            "roe_4q": 0,
            "gross_profit": null,
            "gross_margin": null,
            "gross_margin_4q_avg": 0,
            "net_income": null,
            "revenue": null,
            "common_shares": null,
            "book_valuer_per_share": null,
            "book_valuer_per_share_4q_avg": 0,
            "equity": null,
            "current_ratio": null,
            "debt_ratio": null,
            "inventory_turnover_ratio": null,
            "account_receivable_turnover_ratio": null,
            "reinvestment_rate": null,
            "research_to_sale_ratio": null,
            "price_fair": 0,
            "eps_avg_yearly": 0,
            "eps_latest_yearly": 0,
            "eps_growth_yearly": 0
        },
        "20012": {
            "year_quarter": 20012,
            "year": 2001,
            "quarter": 2,
            "eps": null,
            "eps_growth_year": null,
            "eps_4q": null,
            "eps_4q_growth_year": null,
            "roe": null,
            "roe_4q": 0,
            "gross_profit": null,
            "gross_margin": null,
            "gross_margin_4q_avg": 0,
            "net_income": null,
            "revenue": null,
            "common_shares": null,
            "book_valuer_per_share": null,
            "book_valuer_per_share_4q_avg": 0,
            "equity": null,
            "current_ratio": null,
            "debt_ratio": null,
            "inventory_turnover_ratio": null,
            "account_receivable_turnover_ratio": null,
            "reinvestment_rate": null,
            "research_to_sale_ratio": null,
            "price_fair": 0,
            "eps_avg_yearly": 0,
            "eps_latest_yearly": 0,
            "eps_growth_yearly": 0
        },
        "20013": {
            "year_quarter": 20013,
            "year": 2001,
            "quarter": 3,
            "eps": null,
            "eps_growth_year": null,
            "eps_4q": null,
            "eps_4q_growth_year": null,
            "roe": null,
            "roe_4q": 0,
            "gross_profit": null,
            "gross_margin": null,
            "gross_margin_4q_avg": 0,
            "net_income": null,
            "revenue": null,
            "common_shares": null,
            "book_valuer_per_share": null,
            "book_valuer_per_share_4q_avg": 0,
            "equity": null,
            "current_ratio": null,
            "debt_ratio": null,
            "inventory_turnover_ratio": null,
            "account_receivable_turnover_ratio": null,
            "reinvestment_rate": null,
            "research_to_sale_ratio": null,
            "price_fair": 0,
            "eps_avg_yearly": 0,
            "eps_latest_yearly": 0,
            "eps_growth_yearly": 0
        },
        "20014": {
            "year_quarter": 20014,
            "year": 2001,
            "quarter": 4,
            "eps": null,
            "eps_growth_year": null,
            "eps_4q": null,
            "eps_4q_growth_year": null,
            "roe": null,
            "roe_4q": 0,
            "gross_profit": null,
            "gross_margin": null,
            "gross_margin_4q_avg": 0,
            "net_income": null,
            "revenue": null,
            "common_shares": 170000,
            "book_valuer_per_share": 17.18,
            "book_valuer_per_share_4q_avg": 4.3,
            "equity": 292029,
            "current_ratio": 129.66,
            "debt_ratio": 55.09,
            "inventory_turnover_ratio": null,
            "account_receivable_turnover_ratio": null,
            "reinvestment_rate": null,
            "research_to_sale_ratio": null,
            "price_fair": 0,
            "eps_avg_yearly": 0,
            "eps_latest_yearly": 0,
            "eps_growth_yearly": 0
        },
        "20021": {
            "year_quarter": 20021,
            "year": 2002,
            "quarter": 1,
            "eps": null,
            "eps_growth_year": null,
            "eps_4q": null,
            "eps_4q_growth_year": null,
            "roe": null,
            "roe_4q": 0,
            "gross_profit": null,
            "gross_margin": null,
            "gross_margin_4q_avg": 0,
            "net_income": null,
            "revenue": null,
            "common_shares": null,
            "book_valuer_per_share": null,
            "book_valuer_per_share_4q_avg": 4.3,
            "equity": null,
            "current_ratio": null,
            "debt_ratio": null,
            "inventory_turnover_ratio": null,
            "account_receivable_turnover_ratio": null,
            "reinvestment_rate": null,
            "research_to_sale_ratio": null,
            "price_fair": 0,
            "eps_avg_yearly": 0,
            "eps_latest_yearly": 0,
            "eps_growth_yearly": 0
        },
        "20022": {
            "year_quarter": 20022,
            "year": 2002,
            "quarter": 2,
            "eps": null,
            "eps_growth_year": null,
            "eps_4q": null,
            "eps_4q_growth_year": null,
            "roe": null,
            "roe_4q": 0,
            "gross_profit": null,
            "gross_margin": null,
            "gross_margin_4q_avg": 0,
            "net_income": null,
            "revenue": null,
            "common_shares": null,
            "book_valuer_per_share": null,
            "book_valuer_per_share_4q_avg": 4.3,
            "equity": null,
            "current_ratio": null,
            "debt_ratio": null,
            "inventory_turnover_ratio": null,
            "account_receivable_turnover_ratio": null,
            "reinvestment_rate": null,
            "research_to_sale_ratio": null,
            "price_fair": 0,
            "eps_avg_yearly": 0,
            "eps_latest_yearly": 0,
            "eps_growth_yearly": 0
        },
        "20023": {
            "year_quarter": 20023,
            "year": 2002,
            "quarter": 3,
            "eps": null,
            "eps_growth_year": null,
            "eps_4q": null,
            "eps_4q_growth_year": null,
            "roe": null,
            "roe_4q": 0,
            "gross_profit": null,
            "gross_margin": null,
            "gross_margin_4q_avg": 0,
            "net_income": null,
            "revenue": null,
            "common_shares": null,
            "book_valuer_per_share": null,
            "book_valuer_per_share_4q_avg": 4.3,
            "equity": null,
            "current_ratio": null,
            "debt_ratio": null,
            "inventory_turnover_ratio": null,
            "account_receivable_turnover_ratio": null,
            "reinvestment_rate": null,
            "research_to_sale_ratio": null,
            "price_fair": 0,
            "eps_avg_yearly": 0,
            "eps_latest_yearly": 0,
            "eps_growth_yearly": 0
        },
        "20024": {
            "year_quarter": 20024,
            "year": 2002,
            "quarter": 4,
            "eps": null,
            "eps_growth_year": null,
            "eps_4q": null,
            "eps_4q_growth_year": null,
            "roe": null,
            "roe_4q": 0,
            "gross_profit": null,
            "gross_margin": null,
            "gross_margin_4q_avg": 0,
            "net_income": null,
            "revenue": null,
            "common_shares": 221000,
            "book_valuer_per_share": 14.98,
            "book_valuer_per_share_4q_avg": 3.75,
            "equity": 334803,
            "current_ratio": 128.31,
            "debt_ratio": 55.82,
            "inventory_turnover_ratio": null,
            "account_receivable_turnover_ratio": null,
            "reinvestment_rate": null,
            "research_to_sale_ratio": null,
            "price_fair": 0,
            "eps_avg_yearly": 0,
            "eps_latest_yearly": 0,
            "eps_growth_yearly": 0
        },
        "20031": {
            "year_quarter": 20031,
            "year": 2003,
            "quarter": 1,
            "eps": 0.32,
            "eps_growth_year": null,
            "eps_4q": null,
            "eps_4q_growth_year": null,
            "roe": 2.09,
            "roe_4q": 2.09,
            "gross_profit": 43222,
            "gross_margin": 27.92,
            "gross_margin_4q_avg": 6.98,
            "net_income": 7022,
            "revenue": 154815,
            "common_shares": 221000,
            "book_valuer_per_share": 15.3,
            "book_valuer_per_share_4q_avg": 7.57,
            "equity": 338138,
            "current_ratio": 144.94,
            "debt_ratio": 44.31,
            "inventory_turnover_ratio": 0.85,
            "account_receivable_turnover_ratio": null,
            "reinvestment_rate": null,
            "research_to_sale_ratio": null,
            "price_fair": 0,
            "eps_avg_yearly": 0,
            "eps_latest_yearly": 0,
            "eps_growth_yearly": 0
        },
        "20032": {
            "year_quarter": 20032,
            "year": 2003,
            "quarter": 2,
            "eps": 0.79,
            "eps_growth_year": null,
            "eps_4q": null,
            "eps_4q_growth_year": null,
            "roe": 5.06,
            "roe_4q": 7.1499999999999995,
            "gross_profit": 62527,
            "gross_margin": 34.13,
            "gross_margin_4q_avg": 15.51,
            "net_income": 17432,
            "revenue": 183178,
            "common_shares": 221000,
            "book_valuer_per_share": 15.85,
            "book_valuer_per_share_4q_avg": 11.53,
            "equity": 350306,
            "current_ratio": 142.47,
            "debt_ratio": 44.31,
            "inventory_turnover_ratio": 1.05,
            "account_receivable_turnover_ratio": null,
            "reinvestment_rate": null,
            "research_to_sale_ratio": null,
            "price_fair": 110.6,
            "eps_avg_yearly": 3.16,
            "eps_latest_yearly": 3.16,
            "eps_growth_yearly": 587.5
        },
        "20033": {
            "year_quarter": 20033,
            "year": 2003,
            "quarter": 3,
            "eps": 1.16,
            "eps_growth_year": null,
            "eps_4q": null,
            "eps_4q_growth_year": null,
            "roe": 7.06,
            "roe_4q": 14.209999999999999,
            "gross_profit": 55051,
            "gross_margin": 33.98,
            "gross_margin_4q_avg": 24.01,
            "net_income": 25633,
            "revenue": 162006,
            "common_shares": 221000,
            "book_valuer_per_share": 17.01,
            "book_valuer_per_share_4q_avg": 15.79,
            "equity": 375938,
            "current_ratio": 161.34,
            "debt_ratio": 37.81,
            "inventory_turnover_ratio": 0.96,
            "account_receivable_turnover_ratio": null,
            "reinvestment_rate": null,
            "research_to_sale_ratio": null,
            "price_fair": 136.5,
            "eps_avg_yearly": 3.9,
            "eps_latest_yearly": 4.64,
            "eps_growth_yearly": 387.42
        },
        "20034": {
            "year_quarter": 20034,
            "year": 2003,
            "quarter": 4,
            "eps": 0.8,
            "eps_growth_year": null,
            "eps_4q": 2.69,
            "eps_4q_growth_year": null,
            "roe": 5.48,
            "roe_4q": 19.689999999999998,
            "gross_profit": 58472,
            "gross_margin": 31.96,
            "gross_margin_4q_avg": 32,
            "net_income": 21182,
            "revenue": 182939,
            "common_shares": 265200,
            "book_valuer_per_share": 14.81,
            "book_valuer_per_share_4q_avg": 15.74,
            "equity": 396890,
            "current_ratio": 161.68,
            "debt_ratio": 44.79,
            "inventory_turnover_ratio": 0.97,
            "account_receivable_turnover_ratio": null,
            "reinvestment_rate": null,
            "research_to_sale_ratio": null,
            "price_fair": 128.33,
            "eps_avg_yearly": 3.67,
            "eps_latest_yearly": 3.2,
            "eps_growth_yearly": 216.9
        },
        "20041": {
            "year_quarter": 20041,
            "year": 2004,
            "quarter": 1,
            "eps": 0.99,
            "eps_growth_year": 209.38,
            "eps_4q": 3.4,
            "eps_4q_growth_year": null,
            "roe": 6.47,
            "roe_4q": 24.069999999999997,
            "gross_profit": 57131,
            "gross_margin": 33.26,
            "gross_margin_4q_avg": 33.33,
            "net_income": 26384,
            "revenue": 171751,
            "common_shares": 265200,
            "book_valuer_per_share": 15.77,
            "book_valuer_per_share_4q_avg": 15.86,
            "equity": 418277,
            "current_ratio": 173.6,
            "debt_ratio": 38.45,
            "inventory_turnover_ratio": 0.84,
            "account_receivable_turnover_ratio": null,
            "reinvestment_rate": null,
            "research_to_sale_ratio": null,
            "price_fair": 130.9,
            "eps_avg_yearly": 3.74,
            "eps_latest_yearly": 3.96,
            "eps_growth_yearly": 186.43
        },
        "20042": {
            "year_quarter": 20042,
            "year": 2004,
            "quarter": 2,
            "eps": 1.2,
            "eps_growth_year": 51.9,
            "eps_4q": 3.96,
            "eps_4q_growth_year": null,
            "roe": 7.44,
            "roe_4q": 26.45,
            "gross_profit": 71709,
            "gross_margin": 33.35,
            "gross_margin_4q_avg": 33.14,
            "net_income": 31843,
            "revenue": 215051,
            "common_shares": 265200,
            "book_valuer_per_share": 16.48,
            "book_valuer_per_share_4q_avg": 16.02,
            "equity": 437170,
            "current_ratio": 145.44,
            "debt_ratio": 43.74,
            "inventory_turnover_ratio": 1.13,
            "account_receivable_turnover_ratio": null,
            "reinvestment_rate": null,
            "research_to_sale_ratio": null,
            "price_fair": 138.32,
            "eps_avg_yearly": 3.95,
            "eps_latest_yearly": 4.8,
            "eps_growth_yearly": 166.11
        },
        "20043": {
            "year_quarter": 20043,
            "year": 2004,
            "quarter": 3,
            "eps": 1.01,
            "eps_growth_year": -12.93,
            "eps_4q": 3.99,
            "eps_4q_growth_year": null,
            "roe": 5.96,
            "roe_4q": 25.35,
            "gross_profit": 67403,
            "gross_margin": 33.18,
            "gross_margin_4q_avg": 32.94,
            "net_income": 26915,
            "revenue": 203149,
            "common_shares": 265200,
            "book_valuer_per_share": 17.59,
            "book_valuer_per_share_4q_avg": 16.16,
            "equity": 466619,
            "current_ratio": 156.79,
            "debt_ratio": 41.59,
            "inventory_turnover_ratio": 0.95,
            "account_receivable_turnover_ratio": null,
            "reinvestment_rate": null,
            "research_to_sale_ratio": null,
            "price_fair": 138.83,
            "eps_avg_yearly": 3.97,
            "eps_latest_yearly": 4.04,
            "eps_growth_yearly": 127.87
        },
        "20044": {
            "year_quarter": 20044,
            "year": 2004,
            "quarter": 4,
            "eps": 0.7,
            "eps_growth_year": -12.5,
            "eps_4q": 3.34,
            "eps_4q_growth_year": 24.11,
            "roe": 4.7,
            "roe_4q": 24.57,
            "gross_profit": 66884,
            "gross_margin": 32.43,
            "gross_margin_4q_avg": 33.06,
            "net_income": 22570,
            "revenue": 206240,
            "common_shares": 324240,
            "book_valuer_per_share": 14.81,
            "book_valuer_per_share_4q_avg": 16.16,
            "equity": 493710,
            "current_ratio": 175.73,
            "debt_ratio": 44.17,
            "inventory_turnover_ratio": 0.72,
            "account_receivable_turnover_ratio": null,
            "reinvestment_rate": null,
            "research_to_sale_ratio": null,
            "price_fair": 133,
            "eps_avg_yearly": 3.8,
            "eps_latest_yearly": 2.8,
            "eps_growth_yearly": 92.06
        },
        "20051": {
            "year_quarter": 20051,
            "year": 2005,
            "quarter": 1,
            "eps": 0.7,
            "eps_growth_year": -29.29,
            "eps_4q": 3.2,
            "eps_4q_growth_year": -5.93,
            "roe": 4.53,
            "roe_4q": 22.630000000000003,
            "gross_profit": 65089,
            "gross_margin": 30.54,
            "gross_margin_4q_avg": 32.38,
            "net_income": 22779,
            "revenue": 213136,
            "common_shares": 324240,
            "book_valuer_per_share": 15.81,
            "book_valuer_per_share_4q_avg": 16.17,
            "equity": 512640,
            "current_ratio": 155.37,
            "debt_ratio": 39.61,
            "inventory_turnover_ratio": 0.73,
            "account_receivable_turnover_ratio": null,
            "reinvestment_rate": null,
            "research_to_sale_ratio": null,
            "price_fair": 128.63,
            "eps_avg_yearly": 3.68,
            "eps_latest_yearly": 2.8,
            "eps_growth_yearly": 80.56
        },
        "20052": {
            "year_quarter": 20052,
            "year": 2005,
            "quarter": 2,
            "eps": 0.83,
            "eps_growth_year": -30.83,
            "eps_4q": 3.07,
            "eps_4q_growth_year": -22.39,
            "roe": 5.29,
            "roe_4q": 20.48,
            "gross_profit": 71697,
            "gross_margin": 32.27,
            "gross_margin_4q_avg": 32.11,
            "net_income": 26751,
            "revenue": 222186,
            "common_shares": 324240,
            "book_valuer_per_share": 15.4,
            "book_valuer_per_share_4q_avg": 15.9,
            "equity": 499461,
            "current_ratio": 150.91,
            "debt_ratio": 42.43,
            "inventory_turnover_ratio": 0.87,
            "account_receivable_turnover_ratio": null,
            "reinvestment_rate": null,
            "research_to_sale_ratio": null,
            "price_fair": 127.24,
            "eps_avg_yearly": 3.64,
            "eps_latest_yearly": 3.32,
            "eps_growth_yearly": 79.86
        },
        "20053": {
            "year_quarter": 20053,
            "year": 2005,
            "quarter": 3,
            "eps": 0.69,
            "eps_growth_year": -31.68,
            "eps_4q": 2.92,
            "eps_4q_growth_year": -26.7,
            "roe": 4.34,
            "roe_4q": 18.86,
            "gross_profit": 59902,
            "gross_margin": 31,
            "gross_margin_4q_avg": 31.56,
            "net_income": 22265,
            "revenue": 193245,
            "common_shares": 324240,
            "book_valuer_per_share": 16.27,
            "book_valuer_per_share_4q_avg": 15.57,
            "equity": 527615,
            "current_ratio": 152.88,
            "debt_ratio": 40.17,
            "inventory_turnover_ratio": 0.75,
            "account_receivable_turnover_ratio": null,
            "reinvestment_rate": null,
            "research_to_sale_ratio": null,
            "price_fair": 124.18,
            "eps_avg_yearly": 3.55,
            "eps_latest_yearly": 2.76,
            "eps_growth_yearly": 65.13
        },
        "20054": {
            "year_quarter": 20054,
            "year": 2005,
            "quarter": 4,
            "eps": 0.43,
            "eps_growth_year": -38.57,
            "eps_4q": 2.34,
            "eps_4q_growth_year": -29.9,
            "roe": 2.94,
            "roe_4q": 17.1,
            "gross_profit": 65437,
            "gross_margin": 33.76,
            "gross_margin_4q_avg": 31.89,
            "net_income": 16149,
            "revenue": 193823,
            "common_shares": 379000,
            "book_valuer_per_share": 14.41,
            "book_valuer_per_share_4q_avg": 15.47,
            "equity": 571557,
            "current_ratio": 235.94,
            "debt_ratio": 48.22,
            "inventory_turnover_ratio": 0.56,
            "account_receivable_turnover_ratio": null,
            "reinvestment_rate": null,
            "research_to_sale_ratio": null,
            "price_fair": 118.36,
            "eps_avg_yearly": 3.38,
            "eps_latest_yearly": 1.72,
            "eps_growth_yearly": 45.5
        },
        "20061": {
            "year_quarter": 20061,
            "year": 2006,
            "quarter": 1,
            "eps": 0.62,
            "eps_growth_year": -11.43,
            "eps_4q": 2.34,
            "eps_4q_growth_year": -26.84,
            "roe": 4.11,
            "roe_4q": 16.68,
            "gross_profit": 67237,
            "gross_margin": 31.34,
            "gross_margin_4q_avg": 32.09,
            "net_income": 23482,
            "revenue": 214532,
            "common_shares": 380699,
            "book_valuer_per_share": 15.03,
            "book_valuer_per_share_4q_avg": 15.28,
            "equity": 572162,
            "current_ratio": 221.03,
            "debt_ratio": 42.01,
            "inventory_turnover_ratio": 0.64,
            "account_receivable_turnover_ratio": null,
            "reinvestment_rate": null,
            "research_to_sale_ratio": null,
            "price_fair": 115.73,
            "eps_avg_yearly": 3.31,
            "eps_latest_yearly": 2.48,
            "eps_growth_yearly": 56.44
        },
        "20062": {
            "year_quarter": 20062,
            "year": 2006,
            "quarter": 2,
            "eps": 0.51,
            "eps_growth_year": -38.55,
            "eps_4q": 2.11,
            "eps_4q_growth_year": -31.16,
            "roe": 3.47,
            "roe_4q": 14.86,
            "gross_profit": 72462,
            "gross_margin": 29.68,
            "gross_margin_4q_avg": 31.45,
            "net_income": 19668,
            "revenue": 244130,
            "common_shares": 388978,
            "book_valuer_per_share": 14.47,
            "book_valuer_per_share_4q_avg": 15.05,
            "equity": 562802,
            "current_ratio": 169.62,
            "debt_ratio": 45.75,
            "inventory_turnover_ratio": 0.89,
            "account_receivable_turnover_ratio": null,
            "reinvestment_rate": null,
            "research_to_sale_ratio": null,
            "price_fair": 112.32,
            "eps_avg_yearly": 3.21,
            "eps_latest_yearly": 2.04,
            "eps_growth_yearly": 46.64
        },
        "20063": {
            "year_quarter": 20063,
            "year": 2006,
            "quarter": 3,
            "eps": 0.34,
            "eps_growth_year": -50.72,
            "eps_4q": 1.74,
            "eps_4q_growth_year": -40.62,
            "roe": 2.51,
            "roe_4q": 13.03,
            "gross_profit": 60425,
            "gross_margin": 28.97,
            "gross_margin_4q_avg": 30.94,
            "net_income": 14438,
            "revenue": 208558,
            "common_shares": 425338,
            "book_valuer_per_share": 13.8,
            "book_valuer_per_share_4q_avg": 14.43,
            "equity": 587041,
            "current_ratio": 150.78,
            "debt_ratio": 46.87,
            "inventory_turnover_ratio": 0.72,
            "account_receivable_turnover_ratio": null,
            "reinvestment_rate": null,
            "research_to_sale_ratio": null,
            "price_fair": 107.7,
            "eps_avg_yearly": 3.08,
            "eps_latest_yearly": 1.36,
            "eps_growth_yearly": 33.78
        },
        "20064": {
            "year_quarter": 20064,
            "year": 2006,
            "quarter": 4,
            "eps": 0.14,
            "eps_growth_year": -67.44,
            "eps_4q": 1.46,
            "eps_4q_growth_year": -37.6,
            "roe": 1,
            "roe_4q": 11.09,
            "gross_profit": 52546,
            "gross_margin": 27.23,
            "gross_margin_4q_avg": 29.31,
            "net_income": 6102,
            "revenue": 192994,
            "common_shares": 427235,
            "book_valuer_per_share": 14.29,
            "book_valuer_per_share_4q_avg": 14.4,
            "equity": 638984,
            "current_ratio": 142.38,
            "debt_ratio": 47.77,
            "inventory_turnover_ratio": 0.56,
            "account_receivable_turnover_ratio": null,
            "reinvestment_rate": 44.84,
            "research_to_sale_ratio": null,
            "price_fair": 75.19,
            "eps_avg_yearly": 2.91,
            "eps_latest_yearly": 0.56,
            "eps_growth_yearly": 15.85
        },
        "20071": {
            "year_quarter": 20071,
            "year": 2007,
            "quarter": 1,
            "eps": 0.48,
            "eps_growth_year": -22.58,
            "eps_4q": 1.42,
            "eps_4q_growth_year": -39.2,
            "roe": 3.18,
            "roe_4q": 10.16,
            "gross_profit": 65108,
            "gross_margin": 28.2,
            "gross_margin_4q_avg": 28.52,
            "net_income": 20466,
            "revenue": 230904,
            "common_shares": 432165,
            "book_valuer_per_share": 14.96,
            "book_valuer_per_share_4q_avg": 14.38,
            "equity": 646503,
            "current_ratio": 107.48,
            "debt_ratio": 44.71,
            "inventory_turnover_ratio": 0.66,
            "account_receivable_turnover_ratio": null,
            "reinvestment_rate": 26.79,
            "research_to_sale_ratio": null,
            "price_fair": 99.66,
            "eps_avg_yearly": 2.85,
            "eps_latest_yearly": 1.92,
            "eps_growth_yearly": 75.57
        },
        "20072": {
            "year_quarter": 20072,
            "year": 2007,
            "quarter": 2,
            "eps": 0.57,
            "eps_growth_year": 11.76,
            "eps_4q": 1.52,
            "eps_4q_growth_year": -28.21,
            "roe": 3.82,
            "roe_4q": 10.51,
            "gross_profit": 74446,
            "gross_margin": 30.62,
            "gross_margin_4q_avg": 28.76,
            "net_income": 24646,
            "revenue": 243108,
            "common_shares": 438044,
            "book_valuer_per_share": 14.7,
            "book_valuer_per_share_4q_avg": 14.44,
            "equity": 643895,
            "current_ratio": 101.89,
            "debt_ratio": 49.56,
            "inventory_turnover_ratio": 0.7,
            "account_receivable_turnover_ratio": null,
            "reinvestment_rate": 30.36,
            "research_to_sale_ratio": null,
            "price_fair": 97.74,
            "eps_avg_yearly": 2.79,
            "eps_latest_yearly": 2.28,
            "eps_growth_yearly": 43.54
        },
        "20073": {
            "year_quarter": 20073,
            "year": 2007,
            "quarter": 3,
            "eps": 0.23,
            "eps_growth_year": -32.35,
            "eps_4q": 1.34,
            "eps_4q_growth_year": -22.96,
            "roe": 1.44,
            "roe_4q": 9.44,
            "gross_profit": 58317,
            "gross_margin": 28.73,
            "gross_margin_4q_avg": 28.7,
            "net_income": 10633,
            "revenue": 203015,
            "common_shares": 573308,
            "book_valuer_per_share": 14.44,
            "book_valuer_per_share_4q_avg": 14.6,
            "equity": 828118,
            "current_ratio": 128.1,
            "debt_ratio": 42.43,
            "inventory_turnover_ratio": 0.53,
            "account_receivable_turnover_ratio": null,
            "reinvestment_rate": 31.52,
            "research_to_sale_ratio": null,
            "price_fair": 68.91,
            "eps_avg_yearly": 2.56,
            "eps_latest_yearly": 0.92,
            "eps_growth_yearly": 16.92
        },
        "20074": {
            "year_quarter": 20074,
            "year": 2007,
            "quarter": 4,
            "eps": 0.2,
            "eps_growth_year": 42.86,
            "eps_4q": 1.4,
            "eps_4q_growth_year": -4.46,
            "roe": 1.11,
            "roe_4q": 9.549999999999999,
            "gross_profit": 57978,
            "gross_margin": 25.91,
            "gross_margin_4q_avg": 28.37,
            "net_income": 9321,
            "revenue": 223794,
            "common_shares": 573308,
            "book_valuer_per_share": 14.73,
            "book_valuer_per_share_4q_avg": 14.71,
            "equity": 857834,
            "current_ratio": 189.95,
            "debt_ratio": 37.75,
            "inventory_turnover_ratio": 0.53,
            "account_receivable_turnover_ratio": null,
            "reinvestment_rate": 77.84,
            "research_to_sale_ratio": null,
            "price_fair": 75.71,
            "eps_avg_yearly": 2.41,
            "eps_latest_yearly": 0.8,
            "eps_growth_yearly": 21.42
        },
        "20081": {
            "year_quarter": 20081,
            "year": 2008,
            "quarter": 1,
            "eps": 0.13,
            "eps_growth_year": -72.92,
            "eps_4q": 0.86,
            "eps_4q_growth_year": -39.74,
            "roe": 0.92,
            "roe_4q": 7.29,
            "gross_profit": 76654,
            "gross_margin": 27,
            "gross_margin_4q_avg": 28.07,
            "net_income": 7888,
            "revenue": 283897,
            "common_shares": 573308,
            "book_valuer_per_share": 14.65,
            "book_valuer_per_share_4q_avg": 14.63,
            "equity": 853226,
            "current_ratio": 192.9,
            "debt_ratio": 39.59,
            "inventory_turnover_ratio": 0.61,
            "account_receivable_turnover_ratio": null,
            "reinvestment_rate": 90.96,
            "research_to_sale_ratio": null,
            "price_fair": 36.72,
            "eps_avg_yearly": 2.2,
            "eps_latest_yearly": 0.52,
            "eps_growth_yearly": 6.73
        },
        "20082": {
            "year_quarter": 20082,
            "year": 2008,
            "quarter": 2,
            "eps": 0.22,
            "eps_growth_year": -61.4,
            "eps_4q": 0.71,
            "eps_4q_growth_year": -53.37,
            "roe": 1.46,
            "roe_4q": 4.93,
            "gross_profit": 102438,
            "gross_margin": 26.26,
            "gross_margin_4q_avg": 26.98,
            "net_income": 12356,
            "revenue": 390078,
            "common_shares": 573308,
            "book_valuer_per_share": 14.43,
            "book_valuer_per_share_4q_avg": 14.56,
            "equity": 840818,
            "current_ratio": 168.85,
            "debt_ratio": 44.71,
            "inventory_turnover_ratio": 0.84,
            "account_receivable_turnover_ratio": null,
            "reinvestment_rate": 100.71,
            "research_to_sale_ratio": null,
            "price_fair": 56.03,
            "eps_avg_yearly": 1.95,
            "eps_latest_yearly": 0.88,
            "eps_growth_yearly": 18.73
        },
        "20083": {
            "year_quarter": 20083,
            "year": 2008,
            "quarter": 3,
            "eps": 0.19,
            "eps_growth_year": -17.39,
            "eps_4q": 0.65,
            "eps_4q_growth_year": -51.31,
            "roe": 1.36,
            "roe_4q": 4.8500000000000005,
            "gross_profit": 79996,
            "gross_margin": 22.7,
            "gross_margin_4q_avg": 25.47,
            "net_income": 11655,
            "revenue": 352354,
            "common_shares": 573308,
            "book_valuer_per_share": 15.06,
            "book_valuer_per_share_4q_avg": 14.72,
            "equity": 877706,
            "current_ratio": 163.46,
            "debt_ratio": 45.29,
            "inventory_turnover_ratio": 0.75,
            "account_receivable_turnover_ratio": null,
            "reinvestment_rate": 116.27,
            "research_to_sale_ratio": null,
            "price_fair": 51.1,
            "eps_avg_yearly": 1.75,
            "eps_latest_yearly": 0.76,
            "eps_growth_yearly": 19.28
        },
        "20084": {
            "year_quarter": 20084,
            "year": 2008,
            "quarter": 4,
            "eps": -0.25,
            "eps_growth_year": -225,
            "eps_4q": 0.23,
            "eps_4q_growth_year": -83.27,
            "roe": -1.69,
            "roe_4q": 2.0500000000000003,
            "gross_profit": 48353,
            "gross_margin": 20.09,
            "gross_margin_4q_avg": 24.01,
            "net_income": -14727,
            "revenue": 240675,
            "common_shares": 601973,
            "book_valuer_per_share": 14.16,
            "book_valuer_per_share_4q_avg": 14.58,
            "equity": 865742,
            "current_ratio": 168.76,
            "debt_ratio": 42.27,
            "inventory_turnover_ratio": 0.57,
            "account_receivable_turnover_ratio": 1.34,
            "reinvestment_rate": 140.57,
            "research_to_sale_ratio": null,
            "price_fair": 58.61,
            "eps_avg_yearly": 1.67,
            "eps_latest_yearly": 0.76,
            "eps_growth_yearly": 28.75
        },
        "20091": {
            "year_quarter": 20091,
            "year": 2009,
            "quarter": 1,
            "eps": 0.03,
            "eps_growth_year": -76.92,
            "eps_4q": 0.11,
            "eps_4q_growth_year": -86.7,
            "roe": 0.3,
            "roe_4q": 1.4300000000000002,
            "gross_profit": 62144,
            "gross_margin": 26.62,
            "gross_margin_4q_avg": 23.92,
            "net_income": 2616,
            "revenue": 233479,
            "common_shares": 603707,
            "book_valuer_per_share": 14.39,
            "book_valuer_per_share_4q_avg": 14.51,
            "equity": 882716,
            "current_ratio": 178.15,
            "debt_ratio": 43.1,
            "inventory_turnover_ratio": 0.6,
            "account_receivable_turnover_ratio": 0.66,
            "reinvestment_rate": 172.61,
            "research_to_sale_ratio": null,
            "price_fair": 55.8,
            "eps_avg_yearly": 1.59,
            "eps_latest_yearly": 0.76,
            "eps_growth_yearly": 30.81
        },
        "20092": {
            "year_quarter": 20092,
            "year": 2009,
            "quarter": 2,
            "eps": 0.16,
            "eps_growth_year": -27.27,
            "eps_4q": 0.11,
            "eps_4q_growth_year": -84.28,
            "roe": 1.15,
            "roe_4q": 1.12,
            "gross_profit": 91362,
            "gross_margin": 28.04,
            "gross_margin_4q_avg": 24.36,
            "net_income": 10163,
            "revenue": 325786,
            "common_shares": 603707,
            "book_valuer_per_share": 14.38,
            "book_valuer_per_share_4q_avg": 14.5,
            "equity": 883755,
            "current_ratio": 181.99,
            "debt_ratio": 42.11,
            "inventory_turnover_ratio": 0.86,
            "account_receivable_turnover_ratio": 0.86,
            "reinvestment_rate": 180.57,
            "research_to_sale_ratio": null,
            "price_fair": 49.1,
            "eps_avg_yearly": 1.4,
            "eps_latest_yearly": 0.64,
            "eps_growth_yearly": 149.31
        },
        "20093": {
            "year_quarter": 20093,
            "year": 2009,
            "quarter": 3,
            "eps": 0.21,
            "eps_growth_year": 10.53,
            "eps_4q": 0.15,
            "eps_4q_growth_year": -77.52,
            "roe": 1.41,
            "roe_4q": 1.1699999999999995,
            "gross_profit": 92210,
            "gross_margin": 29.94,
            "gross_margin_4q_avg": 26.17,
            "net_income": 12466,
            "revenue": 308022,
            "common_shares": 603707,
            "book_valuer_per_share": 14.48,
            "book_valuer_per_share_4q_avg": 14.35,
            "equity": 890247,
            "current_ratio": 190.63,
            "debt_ratio": 42.3,
            "inventory_turnover_ratio": 0.85,
            "account_receivable_turnover_ratio": 0.77,
            "reinvestment_rate": 176.71,
            "research_to_sale_ratio": null,
            "price_fair": 44.3,
            "eps_avg_yearly": 1.27,
            "eps_latest_yearly": 0.84,
            "eps_growth_yearly": 163.06
        },
        "20094": {
            "year_quarter": 20094,
            "year": 2009,
            "quarter": 4,
            "eps": 0.11,
            "eps_growth_year": null,
            "eps_4q": 0.51,
            "eps_4q_growth_year": 117.16,
            "roe": 0.85,
            "roe_4q": 3.7099999999999995,
            "gross_profit": 73584,
            "gross_margin": 27.02,
            "gross_margin_4q_avg": 27.91,
            "net_income": 7629,
            "revenue": 272289,
            "common_shares": 603707,
            "book_valuer_per_share": 14.55,
            "book_valuer_per_share_4q_avg": 14.45,
            "equity": 895956,
            "current_ratio": 180.64,
            "debt_ratio": 42.02,
            "inventory_turnover_ratio": 0.85,
            "account_receivable_turnover_ratio": 1.77,
            "reinvestment_rate": 162.27,
            "research_to_sale_ratio": null,
            "price_fair": 41.1,
            "eps_avg_yearly": 1.17,
            "eps_latest_yearly": 0.44,
            "eps_growth_yearly": 160.22
        },
        "20101": {
            "year_quarter": 20101,
            "year": 2010,
            "quarter": 1,
            "eps": 0.29,
            "eps_growth_year": 866.67,
            "eps_4q": 0.77,
            "eps_4q_growth_year": 573.78,
            "roe": 2.03,
            "roe_4q": 5.4399999999999995,
            "gross_profit": 88946,
            "gross_margin": 31.12,
            "gross_margin_4q_avg": 29.03,
            "net_income": 18570,
            "revenue": 285817,
            "common_shares": 603707,
            "book_valuer_per_share": 15.19,
            "book_valuer_per_share_4q_avg": 14.65,
            "equity": 936027,
            "current_ratio": 293.74,
            "debt_ratio": 39.98,
            "inventory_turnover_ratio": 0.86,
            "account_receivable_turnover_ratio": 0.86,
            "reinvestment_rate": 175.94,
            "research_to_sale_ratio": 3.87,
            "price_fair": 37.8,
            "eps_avg_yearly": 1.08,
            "eps_latest_yearly": 1.16,
            "eps_growth_yearly": 194.35
        },
        "20102": {
            "year_quarter": 20102,
            "year": 2010,
            "quarter": 2,
            "eps": 0.58,
            "eps_growth_year": 261.5,
            "eps_4q": 1.14,
            "eps_4q_growth_year": 924.82,
            "roe": 4,
            "roe_4q": 8.29,
            "gross_profit": 112378,
            "gross_margin": 30,
            "gross_margin_4q_avg": 29.52,
            "net_income": 39145,
            "revenue": 374653,
            "common_shares": 655228,
            "book_valuer_per_share": 15.29,
            "book_valuer_per_share_4q_avg": 14.88,
            "equity": 1022422,
            "current_ratio": 247.05,
            "debt_ratio": 37.19,
            "inventory_turnover_ratio": 1.07,
            "account_receivable_turnover_ratio": 0.96,
            "reinvestment_rate": 160.67,
            "research_to_sale_ratio": 3.18,
            "price_fair": 38.5,
            "eps_avg_yearly": 1.1,
            "eps_latest_yearly": 2.32,
            "eps_growth_yearly": 227.99
        },
        "20103": {
            "year_quarter": 20103,
            "year": 2010,
            "quarter": 3,
            "eps": 0.2,
            "eps_growth_year": -2.75,
            "eps_4q": 1.1,
            "eps_4q_growth_year": 650.95,
            "roe": 1.39,
            "roe_4q": 8.27,
            "gross_profit": 87358,
            "gross_margin": 28.48,
            "gross_margin_4q_avg": 29.16,
            "net_income": 14657,
            "revenue": 306748,
            "common_shares": 695677,
            "book_valuer_per_share": 15.31,
            "book_valuer_per_share_4q_avg": 15.09,
            "equity": 1087439,
            "current_ratio": 277.71,
            "debt_ratio": 30.44,
            "inventory_turnover_ratio": 0.84,
            "account_receivable_turnover_ratio": 0.76,
            "reinvestment_rate": 152.7,
            "research_to_sale_ratio": 5.18,
            "price_fair": 37.1,
            "eps_avg_yearly": 1.06,
            "eps_latest_yearly": 0.8,
            "eps_growth_yearly": 218.79
        },
        "20104": {
            "year_quarter": 20104,
            "year": 2010,
            "quarter": 4,
            "eps": 0.25,
            "eps_growth_year": 125.12,
            "eps_4q": 1.25,
            "eps_4q_growth_year": 146.56,
            "roe": 1.72,
            "roe_4q": 9.139999999999999,
            "gross_profit": 89885,
            "gross_margin": 27.02,
            "gross_margin_4q_avg": 29.16,
            "net_income": 18703,
            "revenue": 332622,
            "common_shares": 696998,
            "book_valuer_per_share": 15.24,
            "book_valuer_per_share_4q_avg": 15.26,
            "equity": 1082430,
            "current_ratio": 264.08,
            "debt_ratio": 31.92,
            "inventory_turnover_ratio": 0.99,
            "account_receivable_turnover_ratio": 0.88,
            "reinvestment_rate": 80.6,
            "research_to_sale_ratio": 4.67,
            "price_fair": 38.2,
            "eps_avg_yearly": 1.09,
            "eps_latest_yearly": 1,
            "eps_growth_yearly": 242.74
        },
        "20111": {
            "year_quarter": 20111,
            "year": 2011,
            "quarter": 1,
            "eps": 0.13,
            "eps_growth_year": -55.17,
            "eps_4q": 1.13,
            "eps_4q_growth_year": 46.86,
            "roe": 0.87,
            "roe_4q": 7.9799999999999995,
            "gross_profit": 72609,
            "gross_margin": 25.22,
            "gross_margin_4q_avg": 27.68,
            "net_income": 9535,
            "revenue": 287899,
            "common_shares": 697594,
            "book_valuer_per_share": 15.47,
            "book_valuer_per_share_4q_avg": 15.33,
            "equity": 1105084,
            "current_ratio": 234.32,
            "debt_ratio": 31.38,
            "inventory_turnover_ratio": 0.89,
            "account_receivable_turnover_ratio": 0.76,
            "reinvestment_rate": 132.48,
            "research_to_sale_ratio": 5.75,
            "price_fair": 34.7,
            "eps_avg_yearly": 0.99,
            "eps_latest_yearly": 0.52,
            "eps_growth_yearly": 159.64
        },
        "20112": {
            "year_quarter": 20112,
            "year": 2011,
            "quarter": 2,
            "eps": 0.06,
            "eps_growth_year": -89.49,
            "eps_4q": 0.65,
            "eps_4q_growth_year": -43.43,
            "roe": 0.37,
            "roe_4q": 4.35,
            "gross_profit": 87895,
            "gross_margin": 24.41,
            "gross_margin_4q_avg": 26.28,
            "net_income": 3969,
            "revenue": 360028,
            "common_shares": 697594,
            "book_valuer_per_share": 14.77,
            "book_valuer_per_share_4q_avg": 15.2,
            "equity": 1056003,
            "current_ratio": 212.93,
            "debt_ratio": 33.77,
            "inventory_turnover_ratio": 1.15,
            "account_receivable_turnover_ratio": 0.89,
            "reinvestment_rate": 153.46,
            "research_to_sale_ratio": 4.87,
            "price_fair": 29.6,
            "eps_avg_yearly": 0.85,
            "eps_latest_yearly": 0.24,
            "eps_growth_yearly": 138.9
        },
        "20113": {
            "year_quarter": 20113,
            "year": 2011,
            "quarter": 3,
            "eps": 0.1,
            "eps_growth_year": -51.79,
            "eps_4q": 0.54,
            "eps_4q_growth_year": -50.91,
            "roe": 0.76,
            "roe_4q": 3.7199999999999998,
            "gross_profit": 76688,
            "gross_margin": 25.37,
            "gross_margin_4q_avg": 25.51,
            "net_income": 8435,
            "revenue": 302295,
            "common_shares": 697594,
            "book_valuer_per_share": 15.17,
            "book_valuer_per_share_4q_avg": 15.16,
            "equity": 1165484,
            "current_ratio": 231.15,
            "debt_ratio": 29.46,
            "inventory_turnover_ratio": 1.05,
            "account_receivable_turnover_ratio": 0.75,
            "reinvestment_rate": 165.95,
            "research_to_sale_ratio": 5.77,
            "price_fair": 28.3,
            "eps_avg_yearly": 0.81,
            "eps_latest_yearly": 0.4,
            "eps_growth_yearly": 174.99
        },
        "20114": {
            "year_quarter": 20114,
            "year": 2011,
            "quarter": 4,
            "eps": -0.03,
            "eps_growth_year": -113.34,
            "eps_4q": 0.26,
            "eps_4q_growth_year": -79.27,
            "roe": -0.23,
            "roe_4q": 1.77,
            "gross_profit": 66698,
            "gross_margin": 24.6,
            "gross_margin_4q_avg": 24.9,
            "net_income": -2625,
            "revenue": 271126,
            "common_shares": 697594,
            "book_valuer_per_share": 14.98,
            "book_valuer_per_share_4q_avg": 15.1,
            "equity": 1151119,
            "current_ratio": 229.58,
            "debt_ratio": 29.43,
            "inventory_turnover_ratio": 0.96,
            "account_receivable_turnover_ratio": 0.81,
            "reinvestment_rate": 68.92,
            "research_to_sale_ratio": 6.98,
            "price_fair": 28.32,
            "eps_avg_yearly": 0.81,
            "eps_latest_yearly": 0.4,
            "eps_growth_yearly": 192.46
        },
        "20121": {
            "year_quarter": 20121,
            "year": 2012,
            "quarter": 1,
            "eps": 0.05,
            "eps_growth_year": -61.54,
            "eps_4q": 0.18,
            "eps_4q_growth_year": -84.14,
            "roe": 0.33,
            "roe_4q": 1.23,
            "gross_profit": 74432,
            "gross_margin": 26.26,
            "gross_margin_4q_avg": 25.16,
            "net_income": 3771,
            "revenue": 283480,
            "common_shares": 697594,
            "book_valuer_per_share": 14.97,
            "book_valuer_per_share_4q_avg": 14.97,
            "equity": 1147997,
            "current_ratio": 268.11,
            "debt_ratio": 27.48,
            "inventory_turnover_ratio": 0.97,
            "account_receivable_turnover_ratio": 0.93,
            "reinvestment_rate": 62.32,
            "research_to_sale_ratio": 4.74,
            "price_fair": 29.17,
            "eps_avg_yearly": 0.83,
            "eps_latest_yearly": 0.4,
            "eps_growth_yearly": 220.17
        },
        "20122": {
            "year_quarter": 20122,
            "year": 2012,
            "quarter": 2,
            "eps": 0.33,
            "eps_growth_year": 443.31,
            "eps_4q": 0.45,
            "eps_4q_growth_year": -30.52,
            "roe": 2.23,
            "roe_4q": 3.09,
            "gross_profit": 92806,
            "gross_margin": 27.35,
            "gross_margin_4q_avg": 25.9,
            "net_income": 25534,
            "revenue": 339370,
            "common_shares": 697594,
            "book_valuer_per_share": 14.85,
            "book_valuer_per_share_4q_avg": 14.99,
            "equity": 1137420,
            "current_ratio": 259.48,
            "debt_ratio": 31.41,
            "inventory_turnover_ratio": 1.17,
            "account_receivable_turnover_ratio": 0.99,
            "reinvestment_rate": 45.99,
            "research_to_sale_ratio": 4.2,
            "price_fair": 30.45,
            "eps_avg_yearly": 0.87,
            "eps_latest_yearly": 1.32,
            "eps_growth_yearly": 383.76
        },
        "20123": {
            "year_quarter": 20123,
            "year": 2012,
            "quarter": 3,
            "eps": 0.13,
            "eps_growth_year": 28.77,
            "eps_4q": 0.48,
            "eps_4q_growth_year": -11.68,
            "roe": 0.83,
            "roe_4q": 3.16,
            "gross_profit": 81556,
            "gross_margin": 26.44,
            "gross_margin_4q_avg": 26.16,
            "net_income": 9496,
            "revenue": 308419,
            "common_shares": 697594,
            "book_valuer_per_share": 14.93,
            "book_valuer_per_share_4q_avg": 14.93,
            "equity": 1142871,
            "current_ratio": 279.18,
            "debt_ratio": 29.35,
            "inventory_turnover_ratio": 1.08,
            "account_receivable_turnover_ratio": 0.85,
            "reinvestment_rate": 29.54,
            "research_to_sale_ratio": 4.51,
            "price_fair": 29.75,
            "eps_avg_yearly": 0.85,
            "eps_latest_yearly": 0.52,
            "eps_growth_yearly": 368.1
        },
        "20124": {
            "year_quarter": 20124,
            "year": 2012,
            "quarter": 4,
            "eps": 0.12,
            "eps_growth_year": null,
            "eps_4q": 0.63,
            "eps_4q_growth_year": 144.44,
            "roe": 0.63,
            "roe_4q": 4.02,
            "gross_profit": 79312,
            "gross_margin": 27.03,
            "gross_margin_4q_avg": 26.77,
            "net_income": 7285,
            "revenue": 293434,
            "common_shares": 697594,
            "book_valuer_per_share": 15.1,
            "book_valuer_per_share_4q_avg": 14.96,
            "equity": 1156319,
            "current_ratio": 293.97,
            "debt_ratio": 27.89,
            "inventory_turnover_ratio": 1.01,
            "account_receivable_turnover_ratio": 0.84,
            "reinvestment_rate": 4.47,
            "research_to_sale_ratio": 5.44,
            "price_fair": 28.75,
            "eps_avg_yearly": 0.82,
            "eps_latest_yearly": 0.48,
            "eps_growth_yearly": 337.42
        },
        "20131": {
            "year_quarter": 20131,
            "year": 2013,
            "quarter": 1,
            "eps": 0.23,
            "eps_growth_year": 360,
            "eps_4q": 0.81,
            "eps_4q_growth_year": 352.19,
            "roe": 1.45,
            "roe_4q": 5.140000000000001,
            "gross_profit": 82959,
            "gross_margin": 28.7,
            "gross_margin_4q_avg": 27.38,
            "net_income": 16983,
            "revenue": 289064,
            "common_shares": 697594,
            "book_valuer_per_share": 15.45,
            "book_valuer_per_share_4q_avg": 15.08,
            "equity": 1184339,
            "current_ratio": 271.41,
            "debt_ratio": 29.37,
            "inventory_turnover_ratio": 1,
            "account_receivable_turnover_ratio": 0.88,
            "reinvestment_rate": 0.05,
            "research_to_sale_ratio": 6.26,
            "price_fair": 29,
            "eps_avg_yearly": 0.83,
            "eps_latest_yearly": 0.92,
            "eps_growth_yearly": 339.51
        },
        "20132": {
            "year_quarter": 20132,
            "year": 2013,
            "quarter": 2,
            "eps": 0.39,
            "eps_growth_year": 18.1,
            "eps_4q": 0.86,
            "eps_4q_growth_year": 92.78,
            "roe": 2.6,
            "roe_4q": 5.51,
            "gross_profit": 110895,
            "gross_margin": 31.12,
            "gross_margin_4q_avg": 28.32,
            "net_income": 30644,
            "revenue": 356392,
            "common_shares": 697594,
            "book_valuer_per_share": 15.34,
            "book_valuer_per_share_4q_avg": 15.21,
            "equity": 1176969,
            "current_ratio": 239.84,
            "debt_ratio": 32.09,
            "inventory_turnover_ratio": 1.08,
            "account_receivable_turnover_ratio": 1.04,
            "reinvestment_rate": 4.22,
            "research_to_sale_ratio": 4.93,
            "price_fair": 31.3,
            "eps_avg_yearly": 0.89,
            "eps_latest_yearly": 1.56,
            "eps_growth_yearly": 235.57
        },
        "20133": {
            "year_quarter": 20133,
            "year": 2013,
            "quarter": 3,
            "eps": 0.27,
            "eps_growth_year": 112.95,
            "eps_4q": 1.01,
            "eps_4q_growth_year": 110.83,
            "roe": 1.84,
            "roe_4q": 6.5200000000000005,
            "gross_profit": 104174,
            "gross_margin": 30.24,
            "gross_margin_4q_avg": 29.27,
            "net_income": 21821,
            "revenue": 344541,
            "common_shares": 697594,
            "book_valuer_per_share": 15.55,
            "book_valuer_per_share_4q_avg": 15.36,
            "equity": 1193087,
            "current_ratio": 289.63,
            "debt_ratio": 27.08,
            "inventory_turnover_ratio": 1.03,
            "account_receivable_turnover_ratio": 0.94,
            "reinvestment_rate": 5.63,
            "research_to_sale_ratio": 5.17,
            "price_fair": 31.9,
            "eps_avg_yearly": 0.91,
            "eps_latest_yearly": 1.08,
            "eps_growth_yearly": 217.85
        },
        "20134": {
            "year_quarter": 20134,
            "year": 2013,
            "quarter": 4,
            "eps": 0.35,
            "eps_growth_year": 183.65,
            "eps_4q": 1.22,
            "eps_4q_growth_year": 93.01,
            "roe": 2.26,
            "roe_4q": 8.149999999999999,
            "gross_profit": 104814,
            "gross_margin": 30.65,
            "gross_margin_4q_avg": 30.18,
            "net_income": 26220,
            "revenue": 341972,
            "common_shares": 697594,
            "book_valuer_per_share": 15.8,
            "book_valuer_per_share_4q_avg": 15.54,
            "equity": 1126236,
            "current_ratio": 252.84,
            "debt_ratio": 31.07,
            "inventory_turnover_ratio": 1.12,
            "account_receivable_turnover_ratio": 0.95,
            "reinvestment_rate": -2.55,
            "research_to_sale_ratio": 5.44,
            "price_fair": 34.3,
            "eps_avg_yearly": 0.98,
            "eps_latest_yearly": 1.4,
            "eps_growth_yearly": 239.92
        },
        "20141": {
            "year_quarter": 20141,
            "year": 2014,
            "quarter": 1,
            "eps": 0.34,
            "eps_growth_year": 47.83,
            "eps_4q": 1.33,
            "eps_4q_growth_year": 64.7,
            "roe": 2.14,
            "roe_4q": 8.84,
            "gross_profit": 103561,
            "gross_margin": 32.28,
            "gross_margin_4q_avg": 31.07,
            "net_income": 24602,
            "revenue": 320813,
            "common_shares": 705286,
            "book_valuer_per_share": 16.1,
            "book_valuer_per_share_4q_avg": 15.7,
            "equity": 1168335,
            "current_ratio": 285.05,
            "debt_ratio": 26.62,
            "inventory_turnover_ratio": 1.02,
            "account_receivable_turnover_ratio": 0.89,
            "reinvestment_rate": -1.68,
            "research_to_sale_ratio": 5.03,
            "price_fair": 34.8,
            "eps_avg_yearly": 0.99,
            "eps_latest_yearly": 1.36,
            "eps_growth_yearly": 192.35
        },
        "20142": {
            "year_quarter": 20142,
            "year": 2014,
            "quarter": 2,
            "eps": 0.5,
            "eps_growth_year": 28.21,
            "eps_4q": 1.43,
            "eps_4q_growth_year": 65.13,
            "roe": 3.05,
            "roe_4q": 9.29,
            "gross_profit": 127280,
            "gross_margin": 34.41,
            "gross_margin_4q_avg": 31.9,
            "net_income": 35169,
            "revenue": 369866,
            "common_shares": 715592,
            "book_valuer_per_share": 15.46,
            "book_valuer_per_share_4q_avg": 15.73,
            "equity": 1138816,
            "current_ratio": 244.57,
            "debt_ratio": 29.82,
            "inventory_turnover_ratio": 1.12,
            "account_receivable_turnover_ratio": 0.98,
            "reinvestment_rate": -6.42,
            "research_to_sale_ratio": 4.46,
            "price_fair": 34,
            "eps_avg_yearly": 0.97,
            "eps_latest_yearly": 2,
            "eps_growth_yearly": 177.23
        },
        "20143": {
            "year_quarter": 20143,
            "year": 2014,
            "quarter": 3,
            "eps": 0.36,
            "eps_growth_year": 33.33,
            "eps_4q": 1.6,
            "eps_4q_growth_year": 58.93,
            "roe": 2.35,
            "roe_4q": 9.8,
            "gross_profit": 109901,
            "gross_margin": 32.6,
            "gross_margin_4q_avg": 32.49,
            "net_income": 25886,
            "revenue": 337110,
            "common_shares": 720045,
            "book_valuer_per_share": 15.11,
            "book_valuer_per_share_4q_avg": 15.62,
            "equity": 1061061,
            "current_ratio": 243.34,
            "debt_ratio": 34.99,
            "inventory_turnover_ratio": 1.06,
            "account_receivable_turnover_ratio": 0.86,
            "reinvestment_rate": -5.23,
            "research_to_sale_ratio": 4.56,
            "price_fair": 35.6,
            "eps_avg_yearly": 1.02,
            "eps_latest_yearly": 1.44,
            "eps_growth_yearly": 187.95
        },
        "20144": {
            "year_quarter": 20144,
            "year": 2014,
            "quarter": 4,
            "eps": 0.5,
            "eps_growth_year": 43.08,
            "eps_4q": 1.74,
            "eps_4q_growth_year": 42.46,
            "roe": 3.31,
            "roe_4q": 10.850000000000001,
            "gross_profit": 113700,
            "gross_margin": 32.9,
            "gross_margin_4q_avg": 33.05,
            "net_income": 35811,
            "revenue": 345581,
            "common_shares": 720045,
            "book_valuer_per_share": 15.72,
            "book_valuer_per_share_4q_avg": 15.6,
            "equity": 1100429,
            "current_ratio": 283.86,
            "debt_ratio": 31.57,
            "inventory_turnover_ratio": 1.11,
            "account_receivable_turnover_ratio": 0.88,
            "reinvestment_rate": 1.24,
            "research_to_sale_ratio": 4.21,
            "price_fair": 38.1,
            "eps_avg_yearly": 1.09,
            "eps_latest_yearly": 2,
            "eps_growth_yearly": 191.92
        },
        "20151": {
            "year_quarter": 20151,
            "year": 2015,
            "quarter": 1,
            "eps": 0.28,
            "eps_growth_year": -17.65,
            "eps_4q": 1.68,
            "eps_4q_growth_year": 25.96,
            "roe": 1.81,
            "roe_4q": 10.52,
            "gross_profit": 103978,
            "gross_margin": 31.84,
            "gross_margin_4q_avg": 32.94,
            "net_income": 20103,
            "revenue": 326515,
            "common_shares": 720045,
            "book_valuer_per_share": 15.93,
            "book_valuer_per_share_4q_avg": 15.56,
            "equity": 1115604,
            "current_ratio": 271.7,
            "debt_ratio": 32.56,
            "inventory_turnover_ratio": 1.02,
            "account_receivable_turnover_ratio": 0.85,
            "reinvestment_rate": -2.15,
            "research_to_sale_ratio": 3.69,
            "price_fair": 39.6,
            "eps_avg_yearly": 1.13,
            "eps_latest_yearly": 1.12,
            "eps_growth_yearly": 193.06
        },
        "20152": {
            "year_quarter": 20152,
            "year": 2015,
            "quarter": 2,
            "eps": 0.44,
            "eps_growth_year": -12,
            "eps_4q": 1.6,
            "eps_4q_growth_year": 12.25,
            "roe": 2.79,
            "roe_4q": 10.26,
            "gross_profit": 128590,
            "gross_margin": 34.15,
            "gross_margin_4q_avg": 32.87,
            "net_income": 30048,
            "revenue": 376528,
            "common_shares": 720045,
            "book_valuer_per_share": 14.81,
            "book_valuer_per_share_4q_avg": 15.39,
            "equity": 1039192,
            "current_ratio": 226.02,
            "debt_ratio": 37.56,
            "inventory_turnover_ratio": 1.09,
            "account_receivable_turnover_ratio": 0.98,
            "reinvestment_rate": -6.25,
            "research_to_sale_ratio": 3.26,
            "price_fair": 43.4,
            "eps_avg_yearly": 1.24,
            "eps_latest_yearly": 1.76,
            "eps_growth_yearly": 224.77
        },
        "20153": {
            "year_quarter": 20153,
            "year": 2015,
            "quarter": 3,
            "eps": 0.6,
            "eps_growth_year": 66.67,
            "eps_4q": 1.85,
            "eps_4q_growth_year": 15.56,
            "roe": 3.78,
            "roe_4q": 11.690000000000001,
            "gross_profit": 129254,
            "gross_margin": 33.51,
            "gross_margin_4q_avg": 33.1,
            "net_income": 39962,
            "revenue": 385666,
            "common_shares": 720045,
            "book_valuer_per_share": 15.52,
            "book_valuer_per_share_4q_avg": 15.5,
            "equity": 1074862,
            "current_ratio": 266.52,
            "debt_ratio": 32.85,
            "inventory_turnover_ratio": 1.1,
            "account_receivable_turnover_ratio": 0.93,
            "reinvestment_rate": -5.32,
            "research_to_sale_ratio": 3.56,
            "price_fair": 48.4,
            "eps_avg_yearly": 1.38,
            "eps_latest_yearly": 2.4,
            "eps_growth_yearly": 216.11
        },
        "20154": {
            "year_quarter": 20154,
            "year": 2015,
            "quarter": 4,
            "eps": 0.49,
            "eps_growth_year": -1.75,
            "eps_4q": 1.83,
            "eps_4q_growth_year": 5.08,
            "roe": 3.04,
            "roe_4q": 11.42,
            "gross_profit": 123347,
            "gross_margin": 33.25,
            "gross_margin_4q_avg": 33.19,
            "net_income": 33215,
            "revenue": 370927,
            "common_shares": 720045,
            "book_valuer_per_share": 15.92,
            "book_valuer_per_share_4q_avg": 15.55,
            "equity": 1109778,
            "current_ratio": 278,
            "debt_ratio": 31.92,
            "inventory_turnover_ratio": 1.07,
            "account_receivable_turnover_ratio": 0.89,
            "reinvestment_rate": -7.84,
            "research_to_sale_ratio": 3.72,
            "price_fair": 49.75,
            "eps_avg_yearly": 1.42,
            "eps_latest_yearly": 1.96,
            "eps_growth_yearly": 196.82
        },
        "20161": {
            "year_quarter": 20161,
            "year": 2016,
            "quarter": 1,
            "eps": 0.47,
            "eps_growth_year": 67.86,
            "eps_4q": 2.02,
            "eps_4q_growth_year": 20.16,
            "roe": 2.66,
            "roe_4q": 12.27,
            "gross_profit": 124592,
            "gross_margin": 32.63,
            "gross_margin_4q_avg": 33.39,
            "net_income": 30475,
            "revenue": 381793,
            "common_shares": 720045,
            "book_valuer_per_share": 16.5,
            "book_valuer_per_share_4q_avg": 15.69,
            "equity": 1181835,
            "current_ratio": 267.95,
            "debt_ratio": 32.62,
            "inventory_turnover_ratio": 1.12,
            "account_receivable_turnover_ratio": 0.96,
            "reinvestment_rate": -1.36,
            "research_to_sale_ratio": 3.6,
            "price_fair": 50.75,
            "eps_avg_yearly": 1.45,
            "eps_latest_yearly": 1.88,
            "eps_growth_yearly": 183.49
        },
        "20162": {
            "year_quarter": 20162,
            "year": 2016,
            "quarter": 2,
            "eps": 0.54,
            "eps_growth_year": 22.73,
            "eps_4q": 2.09,
            "eps_4q_growth_year": 30.23,
            "roe": 3.18,
            "roe_4q": 12.659999999999998,
            "gross_profit": 144815,
            "gross_margin": 32.88,
            "gross_margin_4q_avg": 33.07,
            "net_income": 35980,
            "revenue": 440439,
            "common_shares": 720045,
            "book_valuer_per_share": 15.4,
            "book_valuer_per_share_4q_avg": 15.84,
            "equity": 1084227,
            "current_ratio": 210.95,
            "debt_ratio": 38.85,
            "inventory_turnover_ratio": 1.22,
            "account_receivable_turnover_ratio": 1.02,
            "reinvestment_rate": -3.69,
            "research_to_sale_ratio": 3.36,
            "price_fair": 52.59,
            "eps_avg_yearly": 1.5,
            "eps_latest_yearly": 2.16,
            "eps_growth_yearly": 47.22
        },
        "20163": {
            "year_quarter": 20163,
            "year": 2016,
            "quarter": 3,
            "eps": 0.33,
            "eps_growth_year": -45,
            "eps_4q": 1.82,
            "eps_4q_growth_year": -1.22,
            "roe": 2.12,
            "roe_4q": 11,
            "gross_profit": 127797,
            "gross_margin": 32.37,
            "gross_margin_4q_avg": 32.78,
            "net_income": 23135,
            "revenue": 394851,
            "common_shares": 720045,
            "book_valuer_per_share": 15.55,
            "book_valuer_per_share_4q_avg": 15.84,
            "equity": 1096006,
            "current_ratio": 245.92,
            "debt_ratio": 35.36,
            "inventory_turnover_ratio": 1.1,
            "account_receivable_turnover_ratio": 0.85,
            "reinvestment_rate": 1.14,
            "research_to_sale_ratio": 3.25,
            "price_fair": 54.34,
            "eps_avg_yearly": 1.55,
            "eps_latest_yearly": 1.32,
            "eps_growth_yearly": 52.65
        },
        "20164": {
            "year_quarter": 20164,
            "year": 2016,
            "quarter": 4,
            "eps": 0.52,
            "eps_growth_year": 5.18,
            "eps_4q": 1.86,
            "eps_4q_growth_year": 1.36,
            "roe": 3.16,
            "roe_4q": 11.120000000000001,
            "gross_profit": 142073,
            "gross_margin": 32.54,
            "gross_margin_4q_avg": 32.61,
            "net_income": 35166,
            "revenue": 436573,
            "common_shares": 720045,
            "book_valuer_per_share": 16.09,
            "book_valuer_per_share_4q_avg": 15.89,
            "equity": 1132847,
            "current_ratio": 254.64,
            "debt_ratio": 33.77,
            "inventory_turnover_ratio": 1.24,
            "account_receivable_turnover_ratio": 0.93,
            "reinvestment_rate": -1.19,
            "research_to_sale_ratio": 2.66,
            "price_fair": 57.84,
            "eps_avg_yearly": 1.65,
            "eps_latest_yearly": 2.08,
            "eps_growth_yearly": 68.96
        },
        "20171": {
            "year_quarter": 20171,
            "year": 2017,
            "quarter": 1,
            "eps": 0.4,
            "eps_growth_year": -14.89,
            "eps_4q": 1.79,
            "eps_4q_growth_year": -11.4,
            "roe": 2.39,
            "roe_4q": 10.850000000000001,
            "gross_profit": 140650,
            "gross_margin": 31.49,
            "gross_margin_4q_avg": 32.32,
            "net_income": 27168,
            "revenue": 446594,
            "common_shares": 720045,
            "book_valuer_per_share": 16.2,
            "book_valuer_per_share_4q_avg": 15.81,
            "equity": 1138134,
            "current_ratio": 255.28,
            "debt_ratio": 32.47,
            "inventory_turnover_ratio": 1.26,
            "account_receivable_turnover_ratio": 0.93,
            "reinvestment_rate": -3.53,
            "research_to_sale_ratio": 3,
            "price_fair": 59.33,
            "eps_avg_yearly": 1.7,
            "eps_latest_yearly": 1.6,
            "eps_growth_yearly": 40.28
        },
        "20172": {
            "year_quarter": 20172,
            "year": 2017,
            "quarter": 2,
            "eps": 0.56,
            "eps_growth_year": 3.7,
            "eps_4q": 1.81,
            "eps_4q_growth_year": -13.21,
            "roe": 3.54,
            "roe_4q": 11.21,
            "gross_profit": 152770,
            "gross_margin": 32.07,
            "gross_margin_4q_avg": 32.12,
            "net_income": 38933,
            "revenue": 476400,
            "common_shares": 720045,
            "book_valuer_per_share": 15.1,
            "book_valuer_per_share_4q_avg": 15.74,
            "equity": 1062098,
            "current_ratio": 203.49,
            "debt_ratio": 38.55,
            "inventory_turnover_ratio": 1.25,
            "account_receivable_turnover_ratio": 0.94,
            "reinvestment_rate": -3.36,
            "research_to_sale_ratio": 3.3,
            "price_fair": 60.81,
            "eps_avg_yearly": 1.74,
            "eps_latest_yearly": 2.24,
            "eps_growth_yearly": 32.89
        },
        "20173": {
            "year_quarter": 20173,
            "year": 2017,
            "quarter": 3,
            "eps": 0.53,
            "eps_growth_year": 60.61,
            "eps_4q": 2.01,
            "eps_4q_growth_year": 10.17,
            "roe": 3.49,
            "roe_4q": 12.58,
            "gross_profit": 150327,
            "gross_margin": 32.71,
            "gross_margin_4q_avg": 32.2,
            "net_income": 37825,
            "revenue": 459523,
            "common_shares": 720045,
            "book_valuer_per_share": 15.68,
            "book_valuer_per_share_4q_avg": 15.77,
            "equity": 1102781,
            "current_ratio": 201.62,
            "debt_ratio": 37.82,
            "inventory_turnover_ratio": 1.16,
            "account_receivable_turnover_ratio": 0.85,
            "reinvestment_rate": 1.32,
            "research_to_sale_ratio": 3.12,
            "price_fair": 63.09,
            "eps_avg_yearly": 1.8,
            "eps_latest_yearly": 2.12,
            "eps_growth_yearly": 39.24
        },
        "20174": {
            "year_quarter": 20174,
            "year": 2017,
            "quarter": 4,
            "eps": 0.49,
            "eps_growth_year": -5.48,
            "eps_4q": 1.98,
            "eps_4q_growth_year": 6.7,
            "roe": 3.01,
            "roe_4q": 12.43,
            "gross_profit": 151972,
            "gross_margin": 32.75,
            "gross_margin_4q_avg": 32.26,
            "net_income": 33643,
            "revenue": 463988,
            "common_shares": 678885,
            "book_valuer_per_share": 16.14,
            "book_valuer_per_share_4q_avg": 15.78,
            "equity": 1133790,
            "current_ratio": 268.75,
            "debt_ratio": 38.42,
            "inventory_turnover_ratio": 1.16,
            "account_receivable_turnover_ratio": 0.83,
            "reinvestment_rate": 6.65,
            "research_to_sale_ratio": 3.04,
            "price_fair": 64.31,
            "eps_avg_yearly": 1.84,
            "eps_latest_yearly": 1.96,
            "eps_growth_yearly": 29.95
        },
        "20181": {
            "year_quarter": 20181,
            "year": 2018,
            "quarter": 1,
            "eps": 0.34,
            "eps_growth_year": -15,
            "eps_4q": 1.92,
            "eps_4q_growth_year": 7.46,
            "roe": 2.12,
            "roe_4q": 12.16,
            "gross_profit": 150144,
            "gross_margin": 33.22,
            "gross_margin_4q_avg": 32.69,
            "net_income": 24226,
            "revenue": 451956,
            "common_shares": 678885,
            "book_valuer_per_share": 16.46,
            "book_valuer_per_share_4q_avg": 15.85,
            "equity": 1156085,
            "current_ratio": 247.04,
            "debt_ratio": 40.52,
            "inventory_turnover_ratio": 1.04,
            "account_receivable_turnover_ratio": 0.83,
            "reinvestment_rate": 10.51,
            "research_to_sale_ratio": 3.13,
            "price_fair": 60.65,
            "eps_avg_yearly": 1.84,
            "eps_latest_yearly": 1.36,
            "eps_growth_yearly": 23.01
        },
        "20182": {
            "year_quarter": 20182,
            "year": 2018,
            "quarter": 2,
            "eps": 0.5,
            "eps_growth_year": -10.71,
            "eps_4q": 1.86,
            "eps_4q_growth_year": 2.73,
            "roe": 3.09,
            "roe_4q": 11.709999999999999,
            "gross_profit": 167307,
            "gross_margin": 33.12,
            "gross_margin_4q_avg": 32.95,
            "net_income": 34629,
            "revenue": 505136,
            "common_shares": 678885,
            "book_valuer_per_share": 15.5,
            "book_valuer_per_share_4q_avg": 15.95,
            "equity": 1088310,
            "current_ratio": 200.74,
            "debt_ratio": 45.3,
            "inventory_turnover_ratio": 1.15,
            "account_receivable_turnover_ratio": 0.91,
            "reinvestment_rate": 19.51,
            "research_to_sale_ratio": 3.2,
            "price_fair": 60.65,
            "eps_avg_yearly": 1.84,
            "eps_latest_yearly": 2,
            "eps_growth_yearly": 23.01
        },
        "20183": {
            "year_quarter": 20183,
            "year": 2018,
            "quarter": 3,
            "eps": 0.34,
            "eps_growth_year": -35.85,
            "eps_4q": 1.67,
            "eps_4q_growth_year": -16.74,
            "roe": 2.1,
            "roe_4q": 10.32,
            "gross_profit": 153173,
            "gross_margin": 32.87,
            "gross_margin_4q_avg": 32.99,
            "net_income": 22991,
            "revenue": 466038,
            "common_shares": 678885,
            "book_valuer_per_share": 15.66,
            "book_valuer_per_share_4q_avg": 15.94,
            "equity": 1098022,
            "current_ratio": 247.45,
            "debt_ratio": 44.43,
            "inventory_turnover_ratio": 1.11,
            "account_receivable_turnover_ratio": 0.81,
            "reinvestment_rate": 28.22,
            "research_to_sale_ratio": 3.68,
            "price_fair": 58.65,
            "eps_avg_yearly": 1.83,
            "eps_latest_yearly": 1.36,
            "eps_growth_yearly": 22.01
        },
        "20184": {
            "year_quarter": 20184,
            "year": 2018,
            "quarter": 4,
            "eps": 0.42,
            "eps_growth_year": -14.95,
            "eps_4q": 1.6,
            "eps_4q_growth_year": -19.25,
            "roe": 2.57,
            "roe_4q": 9.879999999999999,
            "gross_profit": 149429,
            "gross_margin": 29.46,
            "gross_margin_4q_avg": 32.17,
            "net_income": 28751,
            "revenue": 507303,
            "common_shares": 678885,
            "book_valuer_per_share": 16.19,
            "book_valuer_per_share_4q_avg": 15.95,
            "equity": 1135379,
            "current_ratio": 191.33,
            "debt_ratio": 43.74,
            "inventory_turnover_ratio": 1.27,
            "account_receivable_turnover_ratio": 0.89,
            "reinvestment_rate": 40.27,
            "research_to_sale_ratio": 4.15,
            "price_fair": 51.05,
            "eps_avg_yearly": 1.81,
            "eps_latest_yearly": 1.68,
            "eps_growth_yearly": 18.17
        },
        "20191": {
            "year_quarter": 20191,
            "year": 2019,
            "quarter": 1,
            "eps": 0.45,
            "eps_growth_year": 32.35,
            "eps_4q": 1.71,
            "eps_4q_growth_year": -11.06,
            "roe": 2.75,
            "roe_4q": 10.51,
            "gross_profit": 143149,
            "gross_margin": 32.5,
            "gross_margin_4q_avg": 31.99,
            "net_income": 31702,
            "revenue": 440440,
            "common_shares": 678885,
            "book_valuer_per_share": 16.74,
            "book_valuer_per_share_4q_avg": 16.02,
            "equity": 1174356,
            "current_ratio": 218.8,
            "debt_ratio": 43.24,
            "inventory_turnover_ratio": 1.08,
            "account_receivable_turnover_ratio": 0.79,
            "reinvestment_rate": 43.69,
            "research_to_sale_ratio": 4.55,
            "price_fair": 64.93,
            "eps_avg_yearly": 1.86,
            "eps_latest_yearly": 1.8,
            "eps_growth_yearly": 30.95
        },
        "20192": {
            "year_quarter": 20192,
            "year": 2019,
            "quarter": 2,
            "eps": 0.54,
            "eps_growth_year": 8,
            "eps_4q": 1.75,
            "eps_4q_growth_year": -6,
            "roe": 3.22,
            "roe_4q": 10.64,
            "gross_profit": 170686,
            "gross_margin": 34.8,
            "gross_margin_4q_avg": 32.41,
            "net_income": 36968,
            "revenue": 490485,
            "common_shares": 678885,
            "book_valuer_per_share": 16.02,
            "book_valuer_per_share_4q_avg": 16.15,
            "equity": 1122286,
            "current_ratio": 185.49,
            "debt_ratio": 46.9,
            "inventory_turnover_ratio": 1.23,
            "account_receivable_turnover_ratio": 0.9,
            "reinvestment_rate": 50.43,
            "research_to_sale_ratio": 5.7,
            "price_fair": 59.53,
            "eps_avg_yearly": 1.88,
            "eps_latest_yearly": 2.16,
            "eps_growth_yearly": 21.67
        },
        "20193": {
            "year_quarter": 20193,
            "year": 2019,
            "quarter": 3,
            "eps": 0.53,
            "eps_growth_year": 55.88,
            "eps_4q": 1.93,
            "eps_4q_growth_year": 15.37,
            "roe": 3.21,
            "roe_4q": 11.75,
            "gross_profit": 171781,
            "gross_margin": 36.78,
            "gross_margin_4q_avg": 33.39,
            "net_income": 36454,
            "revenue": 466992,
            "common_shares": 678885,
            "book_valuer_per_share": 16.42,
            "book_valuer_per_share_4q_avg": 16.34,
            "equity": 1150500,
            "current_ratio": 209.61,
            "debt_ratio": 43.67,
            "inventory_turnover_ratio": 1.17,
            "account_receivable_turnover_ratio": 0.85,
            "reinvestment_rate": 45.47,
            "research_to_sale_ratio": 5.1,
            "price_fair": 41.19,
            "eps_avg_yearly": 1.86,
            "eps_latest_yearly": 2.12,
            "eps_growth_yearly": 12.11
        }
    },
    "months": {
        "2004-02": {
            "month": "2004-02",
            "price": "30.17",
            "revenue": 59608
        },
        "2004-03": {
            "month": "2004-03",
            "price": "31.42",
            "revenue": 73747
        },
        "2004-04": {
            "month": "2004-04",
            "price": "33.97",
            "revenue": 72005
        },
        "2004-06": {
            "month": "2004-06",
            "price": "34.97",
            "revenue": 71730
        },
        "2004-07": {
            "month": "2004-07",
            "price": "31.71",
            "revenue": 68980
        },
        "2004-08": {
            "month": "2004-08",
            "price": "32.73",
            "revenue": 64211
        },
        "2004-09": {
            "month": "2004-09",
            "price": "33.73",
            "revenue": 73374
        },
        "2004-11": {
            "month": "2004-11",
            "price": "26.65",
            "revenue": 75336
        },
        "2004-12": {
            "month": "2004-12",
            "price": "28.49",
            "revenue": 72162
        },
        "2005-02": {
            "month": "2005-02",
            "price": "30.05",
            "revenue": 56034
        },
        "2005-03": {
            "month": "2005-03",
            "price": "31.86",
            "revenue": 88782
        },
        "2005-04": {
            "month": "2005-04",
            "price": "27.61",
            "revenue": 75393
        },
        "2005-05": {
            "month": "2005-05",
            "price": "25.67",
            "revenue": 82455
        },
        "2005-06": {
            "month": "2005-06",
            "price": "26.48",
            "revenue": 65852
        },
        "2005-07": {
            "month": "2005-07",
            "price": "25.51",
            "revenue": 65040
        },
        "2005-08": {
            "month": "2005-08",
            "price": "24.40",
            "revenue": 68375
        },
        "2005-09": {
            "month": "2005-09",
            "price": "23.80",
            "revenue": 60034
        },
        "2005-10": {
            "month": "2005-10",
            "price": "25.89",
            "revenue": 69401
        },
        "2005-11": {
            "month": "2005-11",
            "price": "22.87",
            "revenue": 62271
        },
        "2005-12": {
            "month": "2005-12",
            "price": "21.27",
            "revenue": 69162
        },
        "2006-01": {
            "month": "2006-01",
            "price": "20.52",
            "revenue": 56577
        },
        "2006-02": {
            "month": "2006-02",
            "price": "21.02",
            "revenue": 65921
        },
        "2006-03": {
            "month": "2006-03",
            "price": "20.87",
            "revenue": 88843
        },
        "2006-04": {
            "month": "2006-04",
            "price": "23.38",
            "revenue": 75672
        },
        "2006-05": {
            "month": "2006-05",
            "price": "22.65",
            "revenue": 76044
        },
        "2006-06": {
            "month": "2006-06",
            "price": "20.99",
            "revenue": 89196
        },
        "2006-07": {
            "month": "2006-07",
            "price": "21.04",
            "revenue": 64782
        },
        "2006-08": {
            "month": "2006-08",
            "price": "19.70",
            "revenue": 76774
        },
        "2006-09": {
            "month": "2006-09",
            "price": "17.42",
            "revenue": 67683
        },
        "2006-10": {
            "month": "2006-10",
            "price": "17.07",
            "revenue": 67339
        },
        "2006-11": {
            "month": "2006-11",
            "price": "17.74",
            "revenue": 61854
        },
        "2006-12": {
            "month": "2006-12",
            "price": "17.94",
            "revenue": 64666
        },
        "2007-01": {
            "month": "2007-01",
            "price": "17.93",
            "revenue": 82840
        },
        "2007-02": {
            "month": "2007-02",
            "price": "17.77",
            "revenue": 54305
        },
        "2007-03": {
            "month": "2007-03",
            "price": "18.76",
            "revenue": 93759
        },
        "2007-04": {
            "month": "2007-04",
            "price": "19.90",
            "revenue": 78897
        },
        "2007-05": {
            "month": "2007-05",
            "price": "18.89",
            "revenue": 91721
        },
        "2007-06": {
            "month": "2007-06",
            "price": "19.81",
            "revenue": 72491
        },
        "2007-07": {
            "month": "2007-07",
            "price": "21.95",
            "revenue": 66974
        },
        "2007-08": {
            "month": "2007-08",
            "price": "18.76",
            "revenue": 80720
        },
        "2007-09": {
            "month": "2007-09",
            "price": "17.81",
            "revenue": 55321
        },
        "2007-10": {
            "month": "2007-10",
            "price": "16.84",
            "revenue": 67585
        },
        "2007-11": {
            "month": "2007-11",
            "price": "14.86",
            "revenue": 85925
        },
        "2007-12": {
            "month": "2007-12",
            "price": "14.08",
            "revenue": 70284
        },
        "2008-01": {
            "month": "2008-01",
            "price": "13.28",
            "revenue": 89001
        },
        "2008-02": {
            "month": "2008-02",
            "price": "12.46",
            "revenue": 70718
        },
        "2008-03": {
            "month": "2008-03",
            "price": "12.81",
            "revenue": 124715
        },
        "2008-04": {
            "month": "2008-04",
            "price": "14.09",
            "revenue": 143638
        },
        "2008-05": {
            "month": "2008-05",
            "price": "14.44",
            "revenue": 120436
        },
        "2008-06": {
            "month": "2008-06",
            "price": "13.07",
            "revenue": 124933
        },
        "2008-07": {
            "month": "2008-07",
            "price": "11.35",
            "revenue": 136837
        },
        "2008-08": {
            "month": "2008-08",
            "price": "11.08",
            "revenue": 115215
        },
        "2008-09": {
            "month": "2008-09",
            "price": "9.85",
            "revenue": 100078
        },
        "2008-10": {
            "month": "2008-10",
            "price": "9.14",
            "revenue": 87467
        },
        "2008-11": {
            "month": "2008-11",
            "price": "7.44",
            "revenue": 76163
        },
        "2008-12": {
            "month": "2008-12",
            "price": "7.28",
            "revenue": 74474
        },
        "2009-01": {
            "month": "2009-01",
            "price": "6.43",
            "revenue": 45611
        },
        "2009-02": {
            "month": "2009-02",
            "price": "6.13",
            "revenue": 82790
        },
        "2009-03": {
            "month": "2009-03",
            "price": "6.86",
            "revenue": 105623
        },
        "2009-04": {
            "month": "2009-04",
            "price": "7.71",
            "revenue": 113159
        },
        "2009-05": {
            "month": "2009-05",
            "price": "8.01",
            "revenue": 94591
        },
        "2009-06": {
            "month": "2009-06",
            "price": "8.27",
            "revenue": 121956
        },
        "2009-07": {
            "month": "2009-07",
            "price": "8.83",
            "revenue": 102308
        },
        "2009-08": {
            "month": "2009-08",
            "price": "9.61",
            "revenue": 96368
        },
        "2009-09": {
            "month": "2009-09",
            "price": "10.71",
            "revenue": 104542
        },
        "2009-10": {
            "month": "2009-10",
            "price": "10.90",
            "revenue": 86309
        },
        "2009-11": {
            "month": "2009-11",
            "price": "10.70",
            "revenue": 93929
        },
        "2009-12": {
            "month": "2009-12",
            "price": "11.92",
            "revenue": 92251
        },
        "2010-01": {
            "month": "2010-01",
            "price": "14.91",
            "revenue": 96087
        },
        "2010-02": {
            "month": "2010-02",
            "price": "14.38",
            "revenue": 69604
        },
        "2010-03": {
            "month": "2010-03",
            "price": "16.99",
            "revenue": 120665
        },
        "2010-04": {
            "month": "2010-04",
            "price": "22.12",
            "revenue": 126271
        },
        "2010-05": {
            "month": "2010-05",
            "price": "20.01",
            "revenue": 125819
        },
        "2010-06": {
            "month": "2010-06",
            "price": "19.29",
            "revenue": 122275
        },
        "2010-07": {
            "month": "2010-07",
            "price": "20.52",
            "revenue": 112807
        },
        "2010-08": {
            "month": "2010-08",
            "price": "22.18",
            "revenue": 94410
        },
        "2010-09": {
            "month": "2010-09",
            "price": "20.79",
            "revenue": 98691
        },
        "2010-10": {
            "month": "2010-10",
            "price": "19.93",
            "revenue": 106399
        },
        "2010-11": {
            "month": "2010-11",
            "price": "17.57",
            "revenue": 111014
        },
        "2010-12": {
            "month": "2010-12",
            "price": "17.57",
            "revenue": 118983
        },
        "2011-01": {
            "month": "2011-01",
            "price": "17.76",
            "revenue": 86602
        },
        "2011-02": {
            "month": "2011-02",
            "price": "17.40",
            "revenue": 69541
        },
        "2011-03": {
            "month": "2011-03",
            "price": "16.63",
            "revenue": 131084
        },
        "2011-04": {
            "month": "2011-04",
            "price": "17.18",
            "revenue": 112678
        },
        "2011-05": {
            "month": "2011-05",
            "price": "15.85",
            "revenue": 129080
        },
        "2011-06": {
            "month": "2011-06",
            "price": "14.78",
            "revenue": 118331
        },
        "2011-07": {
            "month": "2011-07",
            "price": "13.41",
            "revenue": 107913
        },
        "2011-08": {
            "month": "2011-08",
            "price": "11.20",
            "revenue": 96152
        },
        "2011-09": {
            "month": "2011-09",
            "price": "10.51",
            "revenue": 96563
        },
        "2011-10": {
            "month": "2011-10",
            "price": "11.32",
            "revenue": 87238
        },
        "2011-11": {
            "month": "2011-11",
            "price": "11.65",
            "revenue": 92917
        },
        "2011-12": {
            "month": "2011-12",
            "price": "12.20",
            "revenue": 88516
        },
        "2012-01": {
            "month": "2012-01",
            "price": "11.11",
            "revenue": 75721
        },
        "2012-02": {
            "month": "2012-02",
            "price": "15.15",
            "revenue": 98765
        },
        "2012-03": {
            "month": "2012-03",
            "price": "15.27",
            "revenue": 111185
        },
        "2012-04": {
            "month": "2012-04",
            "price": "13.05",
            "revenue": 105330
        },
        "2012-05": {
            "month": "2012-05",
            "price": "12.30",
            "revenue": 123815
        },
        "2012-06": {
            "month": "2012-06",
            "price": "11.81",
            "revenue": 110540
        },
        "2012-07": {
            "month": "2012-07",
            "price": "11.96",
            "revenue": 101055
        },
        "2012-08": {
            "month": "2012-08",
            "price": "11.62",
            "revenue": 97148
        },
        "2012-09": {
            "month": "2012-09",
            "price": "12.83",
            "revenue": 109641
        },
        "2012-10": {
            "month": "2012-10",
            "price": "12.39",
            "revenue": 103337
        },
        "2012-11": {
            "month": "2012-11",
            "price": "12.48",
            "revenue": 95112
        },
        "2012-12": {
            "month": "2012-12",
            "price": "13.92",
            "revenue": 99952
        },
        "2013-01": {
            "month": "2013-01",
            "price": "15.81",
            "revenue": 95902
        },
        "2013-02": {
            "month": "2013-02",
            "price": "14.99",
            "revenue": 66070
        },
        "2013-03": {
            "month": "2013-03",
            "price": "15.40",
            "revenue": 126415
        },
        "2013-04": {
            "month": "2013-04",
            "price": "15.60",
            "revenue": 122037
        },
        "2013-05": {
            "month": "2013-05",
            "price": "15.54",
            "revenue": 123762
        },
        "2013-06": {
            "month": "2013-06",
            "price": "15.04",
            "revenue": 111040
        },
        "2013-07": {
            "month": "2013-07",
            "price": "14.77",
            "revenue": 117255
        },
        "2013-08": {
            "month": "2013-08",
            "price": "14.77",
            "revenue": 105951
        },
        "2013-09": {
            "month": "2013-09",
            "price": "15.26",
            "revenue": 122351
        },
        "2013-10": {
            "month": "2013-10",
            "price": "17.23",
            "revenue": 109102
        },
        "2013-11": {
            "month": "2013-11",
            "price": "16.51",
            "revenue": 124595
        },
        "2013-12": {
            "month": "2013-12",
            "price": "17.68",
            "revenue": 106582
        },
        "2014-01": {
            "month": "2014-01",
            "price": "18.18",
            "revenue": 101137
        },
        "2014-02": {
            "month": "2014-02",
            "price": "17.44",
            "revenue": 87800
        },
        "2014-03": {
            "month": "2014-03",
            "price": "18.04",
            "revenue": 131129
        },
        "2014-04": {
            "month": "2014-04",
            "price": "18.60",
            "revenue": 132165
        },
        "2014-05": {
            "month": "2014-05",
            "price": "19.70",
            "revenue": 126214
        },
        "2014-06": {
            "month": "2014-06",
            "price": "21.95",
            "revenue": 113479
        },
        "2014-07": {
            "month": "2014-07",
            "price": "30.63",
            "revenue": 103697
        },
        "2014-08": {
            "month": "2014-08",
            "price": "28.84",
            "revenue": 110734
        },
        "2014-09": {
            "month": "2014-09",
            "price": "31.24",
            "revenue": 124147
        },
        "2014-10": {
            "month": "2014-10",
            "price": "30.38",
            "revenue": 115104
        },
        "2014-11": {
            "month": "2014-11",
            "price": "26.80",
            "revenue": 111194
        },
        "2014-12": {
            "month": "2014-12",
            "price": "27.33",
            "revenue": 115158
        },
        "2015-01": {
            "month": "2015-01",
            "price": "27.59",
            "revenue": 111454
        },
        "2015-02": {
            "month": "2015-02",
            "price": "28.22",
            "revenue": 82169
        },
        "2015-03": {
            "month": "2015-03",
            "price": "28.08",
            "revenue": 133167
        },
        "2015-04": {
            "month": "2015-04",
            "price": "25.62",
            "revenue": 137016
        },
        "2015-05": {
            "month": "2015-05",
            "price": "22.80",
            "revenue": 115939
        },
        "2015-06": {
            "month": "2015-06",
            "price": "22.10",
            "revenue": 123060
        },
        "2015-07": {
            "month": "2015-07",
            "price": "20.76",
            "revenue": 125029
        },
        "2015-08": {
            "month": "2015-08",
            "price": "18.36",
            "revenue": 125398
        },
        "2015-09": {
            "month": "2015-09",
            "price": "19.96",
            "revenue": 135477
        },
        "2015-10": {
            "month": "2015-10",
            "price": "21.31",
            "revenue": 126890
        },
        "2015-11": {
            "month": "2015-11",
            "price": "22.01",
            "revenue": 121986
        },
        "2015-12": {
            "month": "2015-12",
            "price": "21.97",
            "revenue": 122051
        },
        "2016-01": {
            "month": "2016-01",
            "price": "19.74",
            "revenue": 136872
        },
        "2016-02": {
            "month": "2016-02",
            "price": "21.24",
            "revenue": 96741
        },
        "2016-03": {
            "month": "2016-03",
            "price": "22.78",
            "revenue": 148180
        },
        "2016-04": {
            "month": "2016-04",
            "price": "23.75",
            "revenue": 145251
        },
        "2016-05": {
            "month": "2016-05",
            "price": "23.11",
            "revenue": 147681
        },
        "2016-06": {
            "month": "2016-06",
            "price": "22.81",
            "revenue": 147507
        },
        "2016-07": {
            "month": "2016-07",
            "price": "23.41",
            "revenue": 124583
        },
        "2016-08": {
            "month": "2016-08",
            "price": "23.22",
            "revenue": 136637
        },
        "2016-09": {
            "month": "2016-09",
            "price": "22.62",
            "revenue": 135231
        },
        "2016-10": {
            "month": "2016-10",
            "price": "21.71",
            "revenue": 142551
        },
        "2016-11": {
            "month": "2016-11",
            "price": "21.42",
            "revenue": 130818
        },
        "2016-12": {
            "month": "2016-12",
            "price": "22.08",
            "revenue": 162157
        },
        "2017-01": {
            "month": "2017-01",
            "price": "22.14",
            "revenue": 119580
        },
        "2017-02": {
            "month": "2017-02",
            "price": "22.54",
            "revenue": 144112
        },
        "2017-03": {
            "month": "2017-03",
            "price": "23.58",
            "revenue": 182911
        },
        "2017-04": {
            "month": "2017-04",
            "price": "24.66",
            "revenue": 155468
        },
        "2017-05": {
            "month": "2017-05",
            "price": "24.62",
            "revenue": 167943
        },
        "2017-06": {
            "month": "2017-06",
            "price": "24.78",
            "revenue": 152980
        },
        "2017-07": {
            "month": "2017-07",
            "price": "23.43",
            "revenue": 134889
        },
        "2017-08": {
            "month": "2017-08",
            "price": "23.63",
            "revenue": 162002
        },
        "2017-09": {
            "month": "2017-09",
            "price": "24.19",
            "revenue": 162633
        },
        "2017-10": {
            "month": "2017-10",
            "price": "24.00",
            "revenue": 151300
        },
        "2017-11": {
            "month": "2017-11",
            "price": "24.48",
            "revenue": 152696
        },
        "2017-12": {
            "month": "2017-12",
            "price": "27.47",
            "revenue": 159981
        },
        "2018-01": {
            "month": "2018-01",
            "price": "29.37",
            "revenue": 165503
        },
        "2018-02": {
            "month": "2018-02",
            "price": "27.38",
            "revenue": 110998
        },
        "2018-03": {
            "month": "2018-03",
            "price": "26.55",
            "revenue": 175740
        },
        "2018-04": {
            "month": "2018-04",
            "price": "25.42",
            "revenue": 177321
        },
        "2018-05": {
            "month": "2018-05",
            "price": "25.26",
            "revenue": 161395
        },
        "2018-06": {
            "month": "2018-06",
            "price": "25.16",
            "revenue": 166135
        },
        "2018-07": {
            "month": "2018-07",
            "price": "23.97",
            "revenue": 158823
        },
        "2018-08": {
            "month": "2018-08",
            "price": "23.31",
            "revenue": 153449
        },
        "2018-09": {
            "month": "2018-09",
            "price": "22.84",
            "revenue": 153766
        },
        "2018-10": {
            "month": "2018-10",
            "price": "22.17",
            "revenue": 161720
        },
        "2018-11": {
            "month": "2018-11",
            "price": "20.26",
            "revenue": 166657
        },
        "2018-12": {
            "month": "2018-12",
            "price": "20.80",
            "revenue": 178926
        },
        "2019-01": {
            "month": "2019-01",
            "price": "21.32",
            "revenue": 144334
        },
        "2019-02": {
            "month": "2019-02",
            "price": "23.47",
            "revenue": 125579
        },
        "2019-03": {
            "month": "2019-03",
            "price": "25.66",
            "revenue": 170600
        },
        "2019-04": {
            "month": "2019-04",
            "price": "27.30",
            "revenue": 164367
        },
        "2019-05": {
            "month": "2019-05",
            "price": "27.32",
            "revenue": 177754
        },
        "2019-06": {
            "month": "2019-06",
            "price": "27.23",
            "revenue": 148291
        },
        "2019-07": {
            "month": "2019-07",
            "price": "26.13",
            "revenue": 156494
        },
        "2019-08": {
            "month": "2019-08",
            "price": "25.93",
            "revenue": 151710
        },
        "2019-09": {
            "month": "2019-09",
            "price": "25.92",
            "revenue": 158788
        },
        "2019-10": {
            "month": "2019-10",
            "price": "26.05",
            "revenue": 169567
        }
    }
}
