{
    "summary": {
        "stock_name": "杏昌",
        "stock_id": "1788",
        "category": "生技醫療",
        "main_business": "醫療器材、生化試藥及西藥之買賣業務",
        "website_url": "http://www.hiclearance.com.tw",
        "ceo": "陳國師",
        "pe_ratio": 34,
        "report_year_from": 2003,
        "report_year_to": 2023,
        "age": 20,
        "eps_negative_percentage": 0,
        "eps_growth_avg": {
            "last_all": 12.62,
            "last_2y": 9.97,
            "last_4y": 5.26,
            "last_8y": 4.68,
            "last_12y": 6.41,
            "last_16y": null,
            "last_20y": null,
            "at_2006_last_3y": null,
            "at_2007_last_3y": null,
            "at_2008_last_3y": null,
            "at_2009_last_3y": null,
            "at_2010_last_3y": null,
            "at_2011_last_3y": 28.46,
            "at_2012_last_3y": 7.64,
            "at_2013_last_3y": 10.3,
            "at_2014_last_3y": 7.52,
            "at_2015_last_3y": 8.09,
            "at_2016_last_3y": 2.78,
            "at_2017_last_3y": 3.95,
            "at_2018_last_3y": 3.11,
            "at_2019_last_3y": 3.28,
            "at_2020_last_3y": 10.81,
            "at_2021_last_3y": 6.35,
            "at_2022_last_3y": 7.34,
            "at_2023_last_3y": 7.34,
            "at_2006_last_all": null,
            "at_2007_last_all": null,
            "at_2008_last_all": null,
            "at_2009_last_all": 52.97,
            "at_2010_last_all": 39.13,
            "at_2011_last_all": 28.46,
            "at_2012_last_all": 26.11,
            "at_2013_last_all": 24.52,
            "at_2014_last_all": 21.07,
            "at_2015_last_all": 18.27,
            "at_2016_last_all": 15.74,
            "at_2017_last_all": 16.3,
            "at_2018_last_all": 14.54,
            "at_2019_last_all": 13.28,
            "at_2020_last_all": 14.22,
            "at_2021_last_all": 13.45,
            "at_2022_last_all": 12.62,
            "at_2023_last_all": 12.62
        },
        "latest_eps": 4.21,
        "latest_price": 145,
        "latest_roe": 13.3,
        "latest_gross_margin": 25.35,
        "latest_equity": 2975074,
        "latest_revenue": 972979,
        "latest_gross_profit": 246613,
        "latest_net_income": 85298,
        "latest_debt_ratio": 39.08,
        "latest_current_ratio": 199.93,
        "latest_account_receivable_turnover_ratio": 0.81,
        "latest_inventory_turnover_ratio": 1.05,
        "latest_reinvestment_rate": 36.7,
        "latest_research_to_sale_ratio": null
    },
    "eps_dividends": {
        "2001": {
            "cash": 0,
            "stock": 0,
            "eps": 0
        },
        "2002": {
            "cash": 0,
            "stock": 0,
            "eps": 0
        },
        "2003": {
            "cash": 0,
            "stock": 0,
            "eps": 0
        },
        "2004": {
            "cash": 0,
            "stock": 0,
            "eps": 0
        },
        "2005": {
            "cash": 3,
            "stock": 0,
            "eps": 0
        },
        "2006": {
            "cash": 4,
            "stock": 0,
            "eps": 0
        },
        "2007": {
            "cash": 4,
            "stock": 0,
            "eps": 1.83
        },
        "2008": {
            "cash": 4,
            "stock": 0,
            "eps": 4.04
        },
        "2009": {
            "cash": 3,
            "stock": 0,
            "eps": 4.28
        },
        "2010": {
            "cash": 3,
            "stock": 0,
            "eps": 4.77
        },
        "2011": {
            "cash": 4,
            "stock": 0,
            "eps": 4.6
        },
        "2012": {
            "cash": 4,
            "stock": 0,
            "eps": 5.37
        },
        "2013": {
            "cash": 4,
            "stock": 0,
            "eps": 6.26
        },
        "2014": {
            "cash": 5,
            "stock": 0,
            "eps": 6.28
        },
        "2015": {
            "cash": 5,
            "stock": 0,
            "eps": 6.2
        },
        "2016": {
            "cash": 5,
            "stock": 0,
            "eps": 5.92
        },
        "2017": {
            "cash": 5,
            "stock": 0,
            "eps": 7.18
        },
        "2018": {
            "cash": 6,
            "stock": 0,
            "eps": 6.96
        },
        "2019": {
            "cash": 6,
            "stock": 0,
            "eps": 6.92
        },
        "2020": {
            "cash": 6,
            "stock": 0,
            "eps": 8.69
        },
        "2021": {
            "cash": 7,
            "stock": 0,
            "eps": 8.99
        },
        "2022": {
            "cash": 7,
            "stock": 0,
            "eps": 9.07
        },
        "2023": {
            "cash": 7,
            "stock": 0,
            "eps": 2.11
        }
    },
    "dividends": {
        "2005-04-20": {
            "cash": 3.2,
            "stock": 0
        },
        "2006-04-25": {
            "cash": 3.5,
            "stock": 0
        },
        "2007-05-09": {
            "cash": 3.5,
            "stock": 0
        },
        "2008-04-09": {
            "cash": 3.8,
            "stock": 0
        },
        "2009-03-24": {
            "cash": 3,
            "stock": 0
        },
        "2010-04-06": {
            "cash": 3.2,
            "stock": 0
        },
        "2011-03-29": {
            "cash": 3.5,
            "stock": 0
        },
        "2012-05-03": {
            "cash": 3.5,
            "stock": 0
        },
        "2013-06-28": {
            "cash": 4,
            "stock": 0
        },
        "2014-06-25": {
            "cash": 5,
            "stock": 0
        },
        "2015-07-17": {
            "cash": 5,
            "stock": 0
        },
        "2016-08-03": {
            "cash": 5,
            "stock": 0
        },
        "2017-07-26": {
            "cash": 5,
            "stock": 0
        },
        "2018-08-08": {
            "cash": 6,
            "stock": 0
        },
        "2019-08-16": {
            "cash": 6,
            "stock": 0
        },
        "2020-08-07": {
            "cash": 6,
            "stock": 0
        },
        "2021-08-26": {
            "cash": 7,
            "stock": 0
        },
        "2022-08-16": {
            "cash": 7,
            "stock": 0
        },
        "2023-05-03": {
            "cash": 7,
            "stock": 0
        }
    },
    "prices": {
        "200101": "無",
        "200102": "無",
        "200103": "無",
        "200104": "無",
        "200105": "無",
        "200106": "無",
        "200107": "無",
        "200108": "無",
        "200109": "無",
        "200110": "無",
        "200111": "無",
        "200112": "無",
        "200201": "無",
        "200202": "無",
        "200203": "無",
        "200204": "無",
        "200205": "無",
        "200206": "無",
        "200207": "無",
        "200208": "無",
        "200209": "無",
        "200210": "無",
        "200211": "無",
        "200212": "無",
        "200301": "無",
        "200302": "無",
        "200303": "無",
        "200304": "無",
        "200305": "無",
        "200306": "無",
        "200307": "無",
        "200308": "無",
        "200309": "無",
        "200310": "無",
        "200311": "無",
        "200312": "無",
        "200401": "無",
        "200402": "無",
        "200403": "無",
        "200404": "無",
        "200405": "無",
        "200406": "無",
        "200407": "無",
        "200408": "無",
        "200409": "33.10",
        "200410": "33.58",
        "200411": "無",
        "200412": "35.08",
        "200501": "33.50",
        "200502": "33.00",
        "200503": "無",
        "200504": "無",
        "200505": "無",
        "200506": "無",
        "200507": "34.27",
        "200508": "34.51",
        "200509": "35.00",
        "200510": "35.30",
        "200511": "無",
        "200512": "無",
        "200601": "無",
        "200602": "無",
        "200603": "35.50",
        "200604": "33.66",
        "200605": "38.13",
        "200606": "37.81",
        "200607": "37.72",
        "200608": "36.00",
        "200609": "無",
        "200610": "無",
        "200611": "37.10",
        "200612": "38.50",
        "200701": "38.98",
        "200702": "38.20",
        "200703": "39.71",
        "200704": "39.44",
        "200705": "43.93",
        "200706": "64.28",
        "200707": "69.99",
        "200708": "67.26",
        "200709": "62.18",
        "200710": "57.62",
        "200711": "55.82",
        "200712": "46.04",
        "200801": "46.75",
        "200802": "49.68",
        "200803": "46.05",
        "200804": "49.18",
        "200805": "53.44",
        "200806": "48.74",
        "200807": "46.99",
        "200808": "42.94",
        "200809": "41.55",
        "200810": "36.51",
        "200811": "35.44",
        "200812": "36.10",
        "200901": "38.51",
        "200902": "40.37",
        "200903": "51.99",
        "200904": "63.91",
        "200905": "64.99",
        "200906": "68.32",
        "200907": "99.12",
        "200908": "77.32",
        "200909": "75.02",
        "200910": "70.80",
        "200911": "62.15",
        "200912": "64.00",
        "201001": "64.32",
        "201002": "58.76",
        "201003": "61.25",
        "201004": "65.17",
        "201005": "67.08",
        "201006": "63.48",
        "201007": "72.88",
        "201008": "91.84",
        "201009": "95.85",
        "201010": "132.29",
        "201011": "131.20",
        "201012": "129.09",
        "201101": "114.15",
        "201102": "106.21",
        "201103": "102.96",
        "201104": "106.64",
        "201105": "119.50",
        "201106": "104.33",
        "201107": "104.52",
        "201108": "83.55",
        "201109": "78.03",
        "201110": "81.82",
        "201111": "76.19",
        "201112": "64.34",
        "201201": "66.26",
        "201202": "80.82",
        "201203": "79.39",
        "201204": "71.86",
        "201205": "73.63",
        "201206": "73.26",
        "201207": "74.10",
        "201208": "74.86",
        "201209": "74.33",
        "201210": "72.50",
        "201211": "68.39",
        "201212": "73.79",
        "201301": "77.16",
        "201302": "77.07",
        "201303": "81.50",
        "201304": "81.23",
        "201305": "85.48",
        "201306": "85.13",
        "201307": "86.71",
        "201308": "84.70",
        "201309": "85.68",
        "201310": "91.55",
        "201311": "89.37",
        "201312": "91.28",
        "201401": "90.73",
        "201402": "90.49",
        "201403": "99.45",
        "201404": "98.21",
        "201405": "95.48",
        "201406": "99.22",
        "201407": "98.89",
        "201408": "91.49",
        "201409": "90.98",
        "201410": "93.68",
        "201411": "93.96",
        "201412": "95.32",
        "201501": "94.20",
        "201502": "94.45",
        "201503": "94.90",
        "201504": "94.09",
        "201505": "94.62",
        "201506": "90.76",
        "201507": "89.85",
        "201508": "87.59",
        "201509": "88.57",
        "201510": "89.63",
        "201511": "92.50",
        "201512": "101.50",
        "201601": "100.45",
        "201602": "99.64",
        "201603": "101.16",
        "201604": "99.12",
        "201605": "97.30",
        "201606": "98.46",
        "201607": "93.30",
        "201608": "91.60",
        "201609": "90.34",
        "201610": "88.97",
        "201611": "88.00",
        "201612": "90.77",
        "201701": "93.50",
        "201702": "95.84",
        "201703": "99.25",
        "201704": "97.64",
        "201705": "97.64",
        "201706": "96.08",
        "201707": "92.49",
        "201708": "92.32",
        "201709": "92.97",
        "201710": "94.85",
        "201711": "96.68",
        "201712": "96.09",
        "201801": "96.35",
        "201802": "96.37",
        "201803": "100.27",
        "201804": "105.53",
        "201805": "104.50",
        "201806": "104.02",
        "201807": "100.94",
        "201808": "99.88",
        "201809": "99.68",
        "201810": "98.01",
        "201811": "97.98",
        "201812": "98.32",
        "201901": "99.07",
        "201902": "103.23",
        "201903": "105.35",
        "201904": "105.65",
        "201905": "104.09",
        "201906": "104.05",
        "201907": "106.63",
        "201908": "101.81",
        "201909": "102.84",
        "201910": "104.38",
        "201911": "105.02",
        "201912": "104.80",
        "202001": "105.40",
        "202002": "105.08",
        "202003": "102.02",
        "202004": "103.42",
        "202005": "108.05",
        "202006": "110.88",
        "202007": "109.85",
        "202008": "109.24",
        "202009": "109.93",
        "202010": "110.24",
        "202011": "118.64",
        "202012": "121.37",
        "202101": "121.88",
        "202102": "123.19",
        "202103": "129.00",
        "202104": "132.53",
        "202105": "135.83",
        "202106": "135.45",
        "202107": "138.84",
        "202108": "134.23",
        "202109": "134.48",
        "202110": "135.62",
        "202111": "138.41",
        "202112": "140.77",
        "202201": "143.25",
        "202202": "145.40",
        "202203": "146.15",
        "202204": "148.16",
        "202205": "153.69",
        "202206": "159.62",
        "202207": "153.83",
        "202208": "158.30",
        "202209": "159.71",
        "202210": "145.82",
        "202211": "140.20",
        "202212": "143.43",
        "202301": "142.62",
        "202302": "145.47",
        "202303": "144.24",
        "202304": "143.79",
        "202305": "144.54"
    },
    "quarters": {
        "20011": {
            "year_quarter": 20011,
            "year": 2001,
            "quarter": 1,
            "eps": null,
            "eps_growth_year": null,
            "eps_4q": null,
            "eps_4q_growth_year": null,
            "roe": null,
            "roe_4q": 0,
            "gross_profit": null,
            "gross_margin": null,
            "gross_margin_4q_avg": 0,
            "net_income": null,
            "revenue": null,
            "common_shares": null,
            "book_valuer_per_share": null,
            "book_valuer_per_share_4q_avg": 0,
            "equity": null,
            "current_ratio": null,
            "debt_ratio": null,
            "inventory_turnover_ratio": null,
            "account_receivable_turnover_ratio": null,
            "reinvestment_rate": null,
            "research_to_sale_ratio": null,
            "price_fair": 0,
            "eps_avg_yearly": 0,
            "eps_latest_yearly": 0,
            "eps_growth_yearly": 0
        },
        "20012": {
            "year_quarter": 20012,
            "year": 2001,
            "quarter": 2,
            "eps": null,
            "eps_growth_year": null,
            "eps_4q": null,
            "eps_4q_growth_year": null,
            "roe": null,
            "roe_4q": 0,
            "gross_profit": null,
            "gross_margin": null,
            "gross_margin_4q_avg": 0,
            "net_income": null,
            "revenue": null,
            "common_shares": null,
            "book_valuer_per_share": null,
            "book_valuer_per_share_4q_avg": 0,
            "equity": null,
            "current_ratio": null,
            "debt_ratio": null,
            "inventory_turnover_ratio": null,
            "account_receivable_turnover_ratio": null,
            "reinvestment_rate": null,
            "research_to_sale_ratio": null,
            "price_fair": 0,
            "eps_avg_yearly": 0,
            "eps_latest_yearly": 0,
            "eps_growth_yearly": 0
        },
        "20013": {
            "year_quarter": 20013,
            "year": 2001,
            "quarter": 3,
            "eps": null,
            "eps_growth_year": null,
            "eps_4q": null,
            "eps_4q_growth_year": null,
            "roe": null,
            "roe_4q": 0,
            "gross_profit": null,
            "gross_margin": null,
            "gross_margin_4q_avg": 0,
            "net_income": null,
            "revenue": null,
            "common_shares": null,
            "book_valuer_per_share": null,
            "book_valuer_per_share_4q_avg": 0,
            "equity": null,
            "current_ratio": null,
            "debt_ratio": null,
            "inventory_turnover_ratio": null,
            "account_receivable_turnover_ratio": null,
            "reinvestment_rate": null,
            "research_to_sale_ratio": null,
            "price_fair": 0,
            "eps_avg_yearly": 0,
            "eps_latest_yearly": 0,
            "eps_growth_yearly": 0
        },
        "20014": {
            "year_quarter": 20014,
            "year": 2001,
            "quarter": 4,
            "eps": null,
            "eps_growth_year": null,
            "eps_4q": null,
            "eps_4q_growth_year": null,
            "roe": null,
            "roe_4q": 0,
            "gross_profit": null,
            "gross_margin": null,
            "gross_margin_4q_avg": 0,
            "net_income": null,
            "revenue": null,
            "common_shares": 150000,
            "book_valuer_per_share": 13.84,
            "book_valuer_per_share_4q_avg": 3.46,
            "equity": 207526,
            "current_ratio": 108.16,
            "debt_ratio": 69.68,
            "inventory_turnover_ratio": null,
            "account_receivable_turnover_ratio": null,
            "reinvestment_rate": null,
            "research_to_sale_ratio": null,
            "price_fair": 0,
            "eps_avg_yearly": 0,
            "eps_latest_yearly": 0,
            "eps_growth_yearly": 0
        },
        "20021": {
            "year_quarter": 20021,
            "year": 2002,
            "quarter": 1,
            "eps": null,
            "eps_growth_year": null,
            "eps_4q": null,
            "eps_4q_growth_year": null,
            "roe": null,
            "roe_4q": 0,
            "gross_profit": null,
            "gross_margin": null,
            "gross_margin_4q_avg": 0,
            "net_income": null,
            "revenue": null,
            "common_shares": null,
            "book_valuer_per_share": null,
            "book_valuer_per_share_4q_avg": 3.46,
            "equity": null,
            "current_ratio": null,
            "debt_ratio": null,
            "inventory_turnover_ratio": null,
            "account_receivable_turnover_ratio": null,
            "reinvestment_rate": null,
            "research_to_sale_ratio": null,
            "price_fair": 0,
            "eps_avg_yearly": 0,
            "eps_latest_yearly": 0,
            "eps_growth_yearly": 0
        },
        "20022": {
            "year_quarter": 20022,
            "year": 2002,
            "quarter": 2,
            "eps": null,
            "eps_growth_year": null,
            "eps_4q": null,
            "eps_4q_growth_year": null,
            "roe": null,
            "roe_4q": 0,
            "gross_profit": null,
            "gross_margin": null,
            "gross_margin_4q_avg": 0,
            "net_income": null,
            "revenue": null,
            "common_shares": null,
            "book_valuer_per_share": null,
            "book_valuer_per_share_4q_avg": 3.46,
            "equity": null,
            "current_ratio": null,
            "debt_ratio": null,
            "inventory_turnover_ratio": null,
            "account_receivable_turnover_ratio": null,
            "reinvestment_rate": null,
            "research_to_sale_ratio": null,
            "price_fair": 0,
            "eps_avg_yearly": 0,
            "eps_latest_yearly": 0,
            "eps_growth_yearly": 0
        },
        "20023": {
            "year_quarter": 20023,
            "year": 2002,
            "quarter": 3,
            "eps": null,
            "eps_growth_year": null,
            "eps_4q": null,
            "eps_4q_growth_year": null,
            "roe": null,
            "roe_4q": 0,
            "gross_profit": null,
            "gross_margin": null,
            "gross_margin_4q_avg": 0,
            "net_income": null,
            "revenue": null,
            "common_shares": null,
            "book_valuer_per_share": null,
            "book_valuer_per_share_4q_avg": 3.46,
            "equity": null,
            "current_ratio": null,
            "debt_ratio": null,
            "inventory_turnover_ratio": null,
            "account_receivable_turnover_ratio": null,
            "reinvestment_rate": null,
            "research_to_sale_ratio": null,
            "price_fair": 0,
            "eps_avg_yearly": 0,
            "eps_latest_yearly": 0,
            "eps_growth_yearly": 0
        },
        "20024": {
            "year_quarter": 20024,
            "year": 2002,
            "quarter": 4,
            "eps": null,
            "eps_growth_year": null,
            "eps_4q": null,
            "eps_4q_growth_year": null,
            "roe": null,
            "roe_4q": 0,
            "gross_profit": null,
            "gross_margin": null,
            "gross_margin_4q_avg": 0,
            "net_income": null,
            "revenue": null,
            "common_shares": 200000,
            "book_valuer_per_share": 15.31,
            "book_valuer_per_share_4q_avg": 3.83,
            "equity": 306149,
            "current_ratio": 113.11,
            "debt_ratio": 62.98,
            "inventory_turnover_ratio": null,
            "account_receivable_turnover_ratio": null,
            "reinvestment_rate": null,
            "research_to_sale_ratio": null,
            "price_fair": 0,
            "eps_avg_yearly": 0,
            "eps_latest_yearly": 0,
            "eps_growth_yearly": 0
        },
        "20031": {
            "year_quarter": 20031,
            "year": 2003,
            "quarter": 1,
            "eps": null,
            "eps_growth_year": null,
            "eps_4q": null,
            "eps_4q_growth_year": null,
            "roe": null,
            "roe_4q": 0,
            "gross_profit": null,
            "gross_margin": null,
            "gross_margin_4q_avg": 0,
            "net_income": null,
            "revenue": null,
            "common_shares": null,
            "book_valuer_per_share": null,
            "book_valuer_per_share_4q_avg": 3.83,
            "equity": null,
            "current_ratio": null,
            "debt_ratio": null,
            "inventory_turnover_ratio": null,
            "account_receivable_turnover_ratio": null,
            "reinvestment_rate": null,
            "research_to_sale_ratio": null,
            "price_fair": 0,
            "eps_avg_yearly": 0,
            "eps_latest_yearly": 0,
            "eps_growth_yearly": 0
        },
        "20032": {
            "year_quarter": 20032,
            "year": 2003,
            "quarter": 2,
            "eps": null,
            "eps_growth_year": null,
            "eps_4q": null,
            "eps_4q_growth_year": null,
            "roe": null,
            "roe_4q": 0,
            "gross_profit": null,
            "gross_margin": null,
            "gross_margin_4q_avg": 0,
            "net_income": null,
            "revenue": null,
            "common_shares": null,
            "book_valuer_per_share": null,
            "book_valuer_per_share_4q_avg": 3.83,
            "equity": null,
            "current_ratio": null,
            "debt_ratio": null,
            "inventory_turnover_ratio": null,
            "account_receivable_turnover_ratio": null,
            "reinvestment_rate": null,
            "research_to_sale_ratio": null,
            "price_fair": 0,
            "eps_avg_yearly": 0,
            "eps_latest_yearly": 0,
            "eps_growth_yearly": 0
        },
        "20033": {
            "year_quarter": 20033,
            "year": 2003,
            "quarter": 3,
            "eps": null,
            "eps_growth_year": null,
            "eps_4q": null,
            "eps_4q_growth_year": null,
            "roe": null,
            "roe_4q": 0,
            "gross_profit": null,
            "gross_margin": null,
            "gross_margin_4q_avg": 0,
            "net_income": null,
            "revenue": null,
            "common_shares": null,
            "book_valuer_per_share": null,
            "book_valuer_per_share_4q_avg": 3.83,
            "equity": null,
            "current_ratio": null,
            "debt_ratio": null,
            "inventory_turnover_ratio": null,
            "account_receivable_turnover_ratio": null,
            "reinvestment_rate": null,
            "research_to_sale_ratio": null,
            "price_fair": 0,
            "eps_avg_yearly": 0,
            "eps_latest_yearly": 0,
            "eps_growth_yearly": 0
        },
        "20034": {
            "year_quarter": 20034,
            "year": 2003,
            "quarter": 4,
            "eps": null,
            "eps_growth_year": null,
            "eps_4q": null,
            "eps_4q_growth_year": null,
            "roe": null,
            "roe_4q": 0,
            "gross_profit": null,
            "gross_margin": null,
            "gross_margin_4q_avg": 0,
            "net_income": null,
            "revenue": null,
            "common_shares": 250000,
            "book_valuer_per_share": 19.97,
            "book_valuer_per_share_4q_avg": 4.99,
            "equity": 499344,
            "current_ratio": 135.24,
            "debt_ratio": 55.97,
            "inventory_turnover_ratio": null,
            "account_receivable_turnover_ratio": null,
            "reinvestment_rate": null,
            "research_to_sale_ratio": null,
            "price_fair": 0,
            "eps_avg_yearly": 0,
            "eps_latest_yearly": 0,
            "eps_growth_yearly": 0
        },
        "20041": {
            "year_quarter": 20041,
            "year": 2004,
            "quarter": 1,
            "eps": null,
            "eps_growth_year": null,
            "eps_4q": null,
            "eps_4q_growth_year": null,
            "roe": null,
            "roe_4q": 0,
            "gross_profit": null,
            "gross_margin": null,
            "gross_margin_4q_avg": 0,
            "net_income": null,
            "revenue": null,
            "common_shares": null,
            "book_valuer_per_share": null,
            "book_valuer_per_share_4q_avg": 4.99,
            "equity": null,
            "current_ratio": null,
            "debt_ratio": null,
            "inventory_turnover_ratio": null,
            "account_receivable_turnover_ratio": null,
            "reinvestment_rate": null,
            "research_to_sale_ratio": null,
            "price_fair": 0,
            "eps_avg_yearly": 0,
            "eps_latest_yearly": 0,
            "eps_growth_yearly": 0
        },
        "20042": {
            "year_quarter": 20042,
            "year": 2004,
            "quarter": 2,
            "eps": null,
            "eps_growth_year": null,
            "eps_4q": null,
            "eps_4q_growth_year": null,
            "roe": null,
            "roe_4q": 0,
            "gross_profit": null,
            "gross_margin": null,
            "gross_margin_4q_avg": 0,
            "net_income": null,
            "revenue": null,
            "common_shares": null,
            "book_valuer_per_share": null,
            "book_valuer_per_share_4q_avg": 4.99,
            "equity": null,
            "current_ratio": null,
            "debt_ratio": null,
            "inventory_turnover_ratio": null,
            "account_receivable_turnover_ratio": null,
            "reinvestment_rate": null,
            "research_to_sale_ratio": null,
            "price_fair": 0,
            "eps_avg_yearly": 0,
            "eps_latest_yearly": 0,
            "eps_growth_yearly": 0
        },
        "20043": {
            "year_quarter": 20043,
            "year": 2004,
            "quarter": 3,
            "eps": null,
            "eps_growth_year": null,
            "eps_4q": null,
            "eps_4q_growth_year": null,
            "roe": null,
            "roe_4q": 0,
            "gross_profit": null,
            "gross_margin": null,
            "gross_margin_4q_avg": 0,
            "net_income": null,
            "revenue": null,
            "common_shares": null,
            "book_valuer_per_share": null,
            "book_valuer_per_share_4q_avg": 4.99,
            "equity": null,
            "current_ratio": null,
            "debt_ratio": null,
            "inventory_turnover_ratio": null,
            "account_receivable_turnover_ratio": null,
            "reinvestment_rate": null,
            "research_to_sale_ratio": null,
            "price_fair": 0,
            "eps_avg_yearly": 0,
            "eps_latest_yearly": 0,
            "eps_growth_yearly": 0
        },
        "20044": {
            "year_quarter": 20044,
            "year": 2004,
            "quarter": 4,
            "eps": null,
            "eps_growth_year": null,
            "eps_4q": null,
            "eps_4q_growth_year": null,
            "roe": null,
            "roe_4q": 0,
            "gross_profit": null,
            "gross_margin": null,
            "gross_margin_4q_avg": 0,
            "net_income": null,
            "revenue": null,
            "common_shares": 250000,
            "book_valuer_per_share": 21.7,
            "book_valuer_per_share_4q_avg": 5.43,
            "equity": 542452,
            "current_ratio": 158.41,
            "debt_ratio": 48.05,
            "inventory_turnover_ratio": null,
            "account_receivable_turnover_ratio": null,
            "reinvestment_rate": null,
            "research_to_sale_ratio": null,
            "price_fair": 0,
            "eps_avg_yearly": 0,
            "eps_latest_yearly": 0,
            "eps_growth_yearly": 0
        },
        "20051": {
            "year_quarter": 20051,
            "year": 2005,
            "quarter": 1,
            "eps": null,
            "eps_growth_year": null,
            "eps_4q": null,
            "eps_4q_growth_year": null,
            "roe": null,
            "roe_4q": 0,
            "gross_profit": null,
            "gross_margin": null,
            "gross_margin_4q_avg": 0,
            "net_income": null,
            "revenue": null,
            "common_shares": null,
            "book_valuer_per_share": null,
            "book_valuer_per_share_4q_avg": 5.43,
            "equity": null,
            "current_ratio": null,
            "debt_ratio": null,
            "inventory_turnover_ratio": null,
            "account_receivable_turnover_ratio": null,
            "reinvestment_rate": null,
            "research_to_sale_ratio": null,
            "price_fair": 0,
            "eps_avg_yearly": 0,
            "eps_latest_yearly": 0,
            "eps_growth_yearly": 0
        },
        "20052": {
            "year_quarter": 20052,
            "year": 2005,
            "quarter": 2,
            "eps": null,
            "eps_growth_year": null,
            "eps_4q": null,
            "eps_4q_growth_year": null,
            "roe": null,
            "roe_4q": 0,
            "gross_profit": null,
            "gross_margin": null,
            "gross_margin_4q_avg": 0,
            "net_income": null,
            "revenue": null,
            "common_shares": null,
            "book_valuer_per_share": null,
            "book_valuer_per_share_4q_avg": 5.43,
            "equity": null,
            "current_ratio": null,
            "debt_ratio": null,
            "inventory_turnover_ratio": null,
            "account_receivable_turnover_ratio": null,
            "reinvestment_rate": null,
            "research_to_sale_ratio": null,
            "price_fair": 0,
            "eps_avg_yearly": 0,
            "eps_latest_yearly": 0,
            "eps_growth_yearly": 0
        },
        "20053": {
            "year_quarter": 20053,
            "year": 2005,
            "quarter": 3,
            "eps": null,
            "eps_growth_year": null,
            "eps_4q": null,
            "eps_4q_growth_year": null,
            "roe": null,
            "roe_4q": 0,
            "gross_profit": null,
            "gross_margin": null,
            "gross_margin_4q_avg": 0,
            "net_income": null,
            "revenue": null,
            "common_shares": null,
            "book_valuer_per_share": null,
            "book_valuer_per_share_4q_avg": 5.43,
            "equity": null,
            "current_ratio": null,
            "debt_ratio": null,
            "inventory_turnover_ratio": null,
            "account_receivable_turnover_ratio": null,
            "reinvestment_rate": null,
            "research_to_sale_ratio": null,
            "price_fair": 0,
            "eps_avg_yearly": 0,
            "eps_latest_yearly": 0,
            "eps_growth_yearly": 0
        },
        "20054": {
            "year_quarter": 20054,
            "year": 2005,
            "quarter": 4,
            "eps": null,
            "eps_growth_year": null,
            "eps_4q": null,
            "eps_4q_growth_year": null,
            "roe": null,
            "roe_4q": 0,
            "gross_profit": null,
            "gross_margin": null,
            "gross_margin_4q_avg": 0,
            "net_income": null,
            "revenue": null,
            "common_shares": 250000,
            "book_valuer_per_share": 22.36,
            "book_valuer_per_share_4q_avg": 5.59,
            "equity": 559106,
            "current_ratio": 160.26,
            "debt_ratio": 48.13,
            "inventory_turnover_ratio": null,
            "account_receivable_turnover_ratio": null,
            "reinvestment_rate": null,
            "research_to_sale_ratio": null,
            "price_fair": 0,
            "eps_avg_yearly": 0,
            "eps_latest_yearly": 0,
            "eps_growth_yearly": 0
        },
        "20061": {
            "year_quarter": 20061,
            "year": 2006,
            "quarter": 1,
            "eps": null,
            "eps_growth_year": null,
            "eps_4q": null,
            "eps_4q_growth_year": null,
            "roe": null,
            "roe_4q": 0,
            "gross_profit": null,
            "gross_margin": null,
            "gross_margin_4q_avg": 0,
            "net_income": null,
            "revenue": null,
            "common_shares": null,
            "book_valuer_per_share": null,
            "book_valuer_per_share_4q_avg": 5.59,
            "equity": null,
            "current_ratio": null,
            "debt_ratio": null,
            "inventory_turnover_ratio": null,
            "account_receivable_turnover_ratio": null,
            "reinvestment_rate": null,
            "research_to_sale_ratio": null,
            "price_fair": 0,
            "eps_avg_yearly": 0,
            "eps_latest_yearly": 0,
            "eps_growth_yearly": 0
        },
        "20062": {
            "year_quarter": 20062,
            "year": 2006,
            "quarter": 2,
            "eps": null,
            "eps_growth_year": null,
            "eps_4q": null,
            "eps_4q_growth_year": null,
            "roe": null,
            "roe_4q": 0,
            "gross_profit": null,
            "gross_margin": null,
            "gross_margin_4q_avg": 0,
            "net_income": null,
            "revenue": null,
            "common_shares": null,
            "book_valuer_per_share": null,
            "book_valuer_per_share_4q_avg": 5.59,
            "equity": null,
            "current_ratio": null,
            "debt_ratio": null,
            "inventory_turnover_ratio": null,
            "account_receivable_turnover_ratio": null,
            "reinvestment_rate": null,
            "research_to_sale_ratio": null,
            "price_fair": 0,
            "eps_avg_yearly": 0,
            "eps_latest_yearly": 0,
            "eps_growth_yearly": 0
        },
        "20063": {
            "year_quarter": 20063,
            "year": 2006,
            "quarter": 3,
            "eps": null,
            "eps_growth_year": null,
            "eps_4q": null,
            "eps_4q_growth_year": null,
            "roe": null,
            "roe_4q": 0,
            "gross_profit": null,
            "gross_margin": null,
            "gross_margin_4q_avg": 0,
            "net_income": null,
            "revenue": null,
            "common_shares": null,
            "book_valuer_per_share": null,
            "book_valuer_per_share_4q_avg": 5.59,
            "equity": null,
            "current_ratio": null,
            "debt_ratio": null,
            "inventory_turnover_ratio": null,
            "account_receivable_turnover_ratio": null,
            "reinvestment_rate": null,
            "research_to_sale_ratio": null,
            "price_fair": 0,
            "eps_avg_yearly": 0,
            "eps_latest_yearly": 0,
            "eps_growth_yearly": 0
        },
        "20064": {
            "year_quarter": 20064,
            "year": 2006,
            "quarter": 4,
            "eps": null,
            "eps_growth_year": null,
            "eps_4q": null,
            "eps_4q_growth_year": null,
            "roe": null,
            "roe_4q": 0,
            "gross_profit": null,
            "gross_margin": null,
            "gross_margin_4q_avg": 0,
            "net_income": null,
            "revenue": null,
            "common_shares": 250000,
            "book_valuer_per_share": 23.04,
            "book_valuer_per_share_4q_avg": 5.76,
            "equity": 600405,
            "current_ratio": 145.78,
            "debt_ratio": 49.22,
            "inventory_turnover_ratio": null,
            "account_receivable_turnover_ratio": null,
            "reinvestment_rate": null,
            "research_to_sale_ratio": null,
            "price_fair": 0,
            "eps_avg_yearly": 0,
            "eps_latest_yearly": 0,
            "eps_growth_yearly": 0
        },
        "20071": {
            "year_quarter": 20071,
            "year": 2007,
            "quarter": 1,
            "eps": null,
            "eps_growth_year": null,
            "eps_4q": null,
            "eps_4q_growth_year": null,
            "roe": null,
            "roe_4q": 0,
            "gross_profit": null,
            "gross_margin": null,
            "gross_margin_4q_avg": 0,
            "net_income": null,
            "revenue": null,
            "common_shares": null,
            "book_valuer_per_share": null,
            "book_valuer_per_share_4q_avg": 5.76,
            "equity": null,
            "current_ratio": null,
            "debt_ratio": null,
            "inventory_turnover_ratio": null,
            "account_receivable_turnover_ratio": null,
            "reinvestment_rate": null,
            "research_to_sale_ratio": null,
            "price_fair": 0,
            "eps_avg_yearly": 0,
            "eps_latest_yearly": 0,
            "eps_growth_yearly": 0
        },
        "20072": {
            "year_quarter": 20072,
            "year": 2007,
            "quarter": 2,
            "eps": null,
            "eps_growth_year": null,
            "eps_4q": null,
            "eps_4q_growth_year": null,
            "roe": null,
            "roe_4q": 0,
            "gross_profit": null,
            "gross_margin": null,
            "gross_margin_4q_avg": 0,
            "net_income": null,
            "revenue": null,
            "common_shares": null,
            "book_valuer_per_share": null,
            "book_valuer_per_share_4q_avg": 5.76,
            "equity": null,
            "current_ratio": null,
            "debt_ratio": null,
            "inventory_turnover_ratio": null,
            "account_receivable_turnover_ratio": null,
            "reinvestment_rate": null,
            "research_to_sale_ratio": null,
            "price_fair": 0,
            "eps_avg_yearly": 0,
            "eps_latest_yearly": 0,
            "eps_growth_yearly": 0
        },
        "20073": {
            "year_quarter": 20073,
            "year": 2007,
            "quarter": 3,
            "eps": 1.12,
            "eps_growth_year": null,
            "eps_4q": null,
            "eps_4q_growth_year": null,
            "roe": 4.83,
            "roe_4q": 4.83,
            "gross_profit": 91025,
            "gross_margin": 21.81,
            "gross_margin_4q_avg": 5.45,
            "net_income": 28063,
            "revenue": 417373,
            "common_shares": 250000,
            "book_valuer_per_share": 23.26,
            "book_valuer_per_share_4q_avg": 11.58,
            "equity": 581491,
            "current_ratio": 136.91,
            "debt_ratio": 51.28,
            "inventory_turnover_ratio": 1.52,
            "account_receivable_turnover_ratio": null,
            "reinvestment_rate": null,
            "research_to_sale_ratio": null,
            "price_fair": 0,
            "eps_avg_yearly": 0,
            "eps_latest_yearly": 0,
            "eps_growth_yearly": 0
        },
        "20074": {
            "year_quarter": 20074,
            "year": 2007,
            "quarter": 4,
            "eps": 0.71,
            "eps_growth_year": null,
            "eps_4q": null,
            "eps_4q_growth_year": null,
            "roe": 2.97,
            "roe_4q": 7.800000000000001,
            "gross_profit": 78548,
            "gross_margin": 17.31,
            "gross_margin_4q_avg": 9.78,
            "net_income": 17773,
            "revenue": 453770,
            "common_shares": 250000,
            "book_valuer_per_share": 24.62,
            "book_valuer_per_share_4q_avg": 11.97,
            "equity": 615490,
            "current_ratio": 132.67,
            "debt_ratio": 51.32,
            "inventory_turnover_ratio": 1.87,
            "account_receivable_turnover_ratio": null,
            "reinvestment_rate": null,
            "research_to_sale_ratio": null,
            "price_fair": 8.52,
            "eps_avg_yearly": 2.84,
            "eps_latest_yearly": 2.84,
            "eps_growth_yearly": -146.43
        },
        "20081": {
            "year_quarter": 20081,
            "year": 2008,
            "quarter": 1,
            "eps": 1.28,
            "eps_growth_year": null,
            "eps_4q": null,
            "eps_4q_growth_year": null,
            "roe": 5.18,
            "roe_4q": 12.98,
            "gross_profit": 80545,
            "gross_margin": 19.86,
            "gross_margin_4q_avg": 14.75,
            "net_income": 33304,
            "revenue": 405608,
            "common_shares": 260000,
            "book_valuer_per_share": 25.82,
            "book_valuer_per_share_4q_avg": 18.43,
            "equity": 671398,
            "current_ratio": 150.11,
            "debt_ratio": 46.29,
            "inventory_turnover_ratio": 1.63,
            "account_receivable_turnover_ratio": null,
            "reinvestment_rate": null,
            "research_to_sale_ratio": null,
            "price_fair": 139.3,
            "eps_avg_yearly": 3.98,
            "eps_latest_yearly": 5.12,
            "eps_growth_yearly": 87.35
        },
        "20082": {
            "year_quarter": 20082,
            "year": 2008,
            "quarter": 2,
            "eps": 1.5,
            "eps_growth_year": null,
            "eps_4q": 4.55,
            "eps_4q_growth_year": null,
            "roe": 6.09,
            "roe_4q": 19.07,
            "gross_profit": 75353,
            "gross_margin": 17.28,
            "gross_margin_4q_avg": 19.07,
            "net_income": 38931,
            "revenue": 436045,
            "common_shares": 260000,
            "book_valuer_per_share": 23.37,
            "book_valuer_per_share_4q_avg": 24.27,
            "equity": 607683,
            "current_ratio": 134.86,
            "debt_ratio": 51.63,
            "inventory_turnover_ratio": 1.73,
            "account_receivable_turnover_ratio": null,
            "reinvestment_rate": null,
            "research_to_sale_ratio": null,
            "price_fair": 162.87,
            "eps_avg_yearly": 4.65,
            "eps_latest_yearly": 6,
            "eps_growth_yearly": 81.15
        },
        "20083": {
            "year_quarter": 20083,
            "year": 2008,
            "quarter": 3,
            "eps": 0.99,
            "eps_growth_year": -11.61,
            "eps_4q": 4.47,
            "eps_4q_growth_year": null,
            "roe": 4.12,
            "roe_4q": 18.36,
            "gross_profit": 80588,
            "gross_margin": 19.07,
            "gross_margin_4q_avg": 18.38,
            "net_income": 25615,
            "revenue": 422623,
            "common_shares": 260000,
            "book_valuer_per_share": 24.44,
            "book_valuer_per_share_4q_avg": 24.56,
            "equity": 635319,
            "current_ratio": 116.09,
            "debt_ratio": 56.87,
            "inventory_turnover_ratio": 1.54,
            "account_receivable_turnover_ratio": null,
            "reinvestment_rate": null,
            "research_to_sale_ratio": null,
            "price_fair": 156.8,
            "eps_avg_yearly": 4.48,
            "eps_latest_yearly": 3.96,
            "eps_growth_yearly": 26.86
        },
        "20084": {
            "year_quarter": 20084,
            "year": 2008,
            "quarter": 4,
            "eps": 0.27,
            "eps_growth_year": -61.97,
            "eps_4q": 4.08,
            "eps_4q_growth_year": null,
            "roe": 1.08,
            "roe_4q": 16.47,
            "gross_profit": 81550,
            "gross_margin": 17.76,
            "gross_margin_4q_avg": 18.49,
            "net_income": 6933,
            "revenue": 459298,
            "common_shares": 260000,
            "book_valuer_per_share": 24.73,
            "book_valuer_per_share_4q_avg": 24.59,
            "equity": 643001,
            "current_ratio": 120.55,
            "debt_ratio": 54.87,
            "inventory_turnover_ratio": 1.79,
            "account_receivable_turnover_ratio": null,
            "reinvestment_rate": null,
            "research_to_sale_ratio": null,
            "price_fair": 11.4,
            "eps_avg_yearly": 3.8,
            "eps_latest_yearly": 1.08,
            "eps_growth_yearly": -36.69
        },
        "20091": {
            "year_quarter": 20091,
            "year": 2009,
            "quarter": 1,
            "eps": 0.8,
            "eps_growth_year": -37.5,
            "eps_4q": 3.56,
            "eps_4q_growth_year": null,
            "roe": 3.17,
            "roe_4q": 14.46,
            "gross_profit": 64458,
            "gross_margin": 15.34,
            "gross_margin_4q_avg": 17.36,
            "net_income": 20716,
            "revenue": 420123,
            "common_shares": 260000,
            "book_valuer_per_share": 25.58,
            "book_valuer_per_share_4q_avg": 24.53,
            "equity": 665082,
            "current_ratio": 126.64,
            "debt_ratio": 51.98,
            "inventory_turnover_ratio": 1.94,
            "account_receivable_turnover_ratio": 1.3,
            "reinvestment_rate": null,
            "research_to_sale_ratio": null,
            "price_fair": 129.5,
            "eps_avg_yearly": 3.7,
            "eps_latest_yearly": 3.2,
            "eps_growth_yearly": 100.29
        },
        "20092": {
            "year_quarter": 20092,
            "year": 2009,
            "quarter": 2,
            "eps": 1.3,
            "eps_growth_year": -13.33,
            "eps_4q": 3.35,
            "eps_4q_growth_year": -26.33,
            "roe": 5.26,
            "roe_4q": 13.629999999999999,
            "gross_profit": 83350,
            "gross_margin": 17.56,
            "gross_margin_4q_avg": 17.43,
            "net_income": 33757,
            "revenue": 474558,
            "common_shares": 260000,
            "book_valuer_per_share": 23.81,
            "book_valuer_per_share_4q_avg": 24.64,
            "equity": 619174,
            "current_ratio": 115.87,
            "debt_ratio": 57.26,
            "inventory_turnover_ratio": 2.24,
            "account_receivable_turnover_ratio": 0.72,
            "reinvestment_rate": null,
            "research_to_sale_ratio": null,
            "price_fair": 137,
            "eps_avg_yearly": 3.91,
            "eps_latest_yearly": 5.2,
            "eps_growth_yearly": 121.67
        },
        "20093": {
            "year_quarter": 20093,
            "year": 2009,
            "quarter": 3,
            "eps": 0.7,
            "eps_growth_year": -29.29,
            "eps_4q": 3.03,
            "eps_4q_growth_year": -32.22,
            "roe": 2.64,
            "roe_4q": 12.15,
            "gross_profit": 75861,
            "gross_margin": 16.23,
            "gross_margin_4q_avg": 16.72,
            "net_income": 18531,
            "revenue": 467292,
            "common_shares": 292500,
            "book_valuer_per_share": 26.67,
            "book_valuer_per_share_4q_avg": 25.2,
            "equity": 782904,
            "current_ratio": 145.47,
            "debt_ratio": 46.24,
            "inventory_turnover_ratio": 2.37,
            "account_receivable_turnover_ratio": 0.68,
            "reinvestment_rate": null,
            "research_to_sale_ratio": null,
            "price_fair": 132.13,
            "eps_avg_yearly": 3.78,
            "eps_latest_yearly": 2.8,
            "eps_growth_yearly": 83.39
        },
        "20094": {
            "year_quarter": 20094,
            "year": 2009,
            "quarter": 4,
            "eps": 1.48,
            "eps_growth_year": 448.15,
            "eps_4q": 4.16,
            "eps_4q_growth_year": 1.91,
            "roe": 5.05,
            "roe_4q": 16.119999999999997,
            "gross_profit": 88282,
            "gross_margin": 18.09,
            "gross_margin_4q_avg": 16.81,
            "net_income": 40546,
            "revenue": 488057,
            "common_shares": 292500,
            "book_valuer_per_share": 28.07,
            "book_valuer_per_share_4q_avg": 26.03,
            "equity": 823682,
            "current_ratio": 148.08,
            "debt_ratio": 44.6,
            "inventory_turnover_ratio": 2.47,
            "account_receivable_turnover_ratio": 0.7,
            "reinvestment_rate": null,
            "research_to_sale_ratio": null,
            "price_fair": 140.47,
            "eps_avg_yearly": 4.01,
            "eps_latest_yearly": 5.92,
            "eps_growth_yearly": 123.65
        },
        "20101": {
            "year_quarter": 20101,
            "year": 2010,
            "quarter": 1,
            "eps": 1.19,
            "eps_growth_year": 48.75,
            "eps_4q": 4.37,
            "eps_4q_growth_year": 22.84,
            "roe": 4.14,
            "roe_4q": 17.09,
            "gross_profit": 85070,
            "gross_margin": 17.79,
            "gross_margin_4q_avg": 17.42,
            "net_income": 34719,
            "revenue": 478099,
            "common_shares": 292500,
            "book_valuer_per_share": 29.25,
            "book_valuer_per_share_4q_avg": 26.95,
            "equity": 855575,
            "current_ratio": 154.35,
            "debt_ratio": 42.93,
            "inventory_turnover_ratio": 2.33,
            "account_receivable_turnover_ratio": 1.35,
            "reinvestment_rate": null,
            "research_to_sale_ratio": null,
            "price_fair": 143.08,
            "eps_avg_yearly": 4.09,
            "eps_latest_yearly": 4.76,
            "eps_growth_yearly": 103.44
        },
        "20102": {
            "year_quarter": 20102,
            "year": 2010,
            "quarter": 2,
            "eps": 1.26,
            "eps_growth_year": -3.05,
            "eps_4q": 4.48,
            "eps_4q_growth_year": 33.68,
            "roe": 4.13,
            "roe_4q": 15.96,
            "gross_profit": 93766,
            "gross_margin": 18.28,
            "gross_margin_4q_avg": 17.6,
            "net_income": 35246,
            "revenue": 512966,
            "common_shares": 292500,
            "book_valuer_per_share": 27.33,
            "book_valuer_per_share_4q_avg": 27.83,
            "equity": 849412,
            "current_ratio": 139.28,
            "debt_ratio": 46.83,
            "inventory_turnover_ratio": 2.45,
            "account_receivable_turnover_ratio": 0.71,
            "reinvestment_rate": null,
            "research_to_sale_ratio": null,
            "price_fair": 146.11,
            "eps_avg_yearly": 4.17,
            "eps_latest_yearly": 5.04,
            "eps_growth_yearly": 96.18
        },
        "20103": {
            "year_quarter": 20103,
            "year": 2010,
            "quarter": 3,
            "eps": 1.12,
            "eps_growth_year": 59.88,
            "eps_4q": 4.96,
            "eps_4q_growth_year": 63.65,
            "roe": 3.64,
            "roe_4q": 16.96,
            "gross_profit": 85465,
            "gross_margin": 17.28,
            "gross_margin_4q_avg": 17.86,
            "net_income": 31468,
            "revenue": 494463,
            "common_shares": 292500,
            "book_valuer_per_share": 28.42,
            "book_valuer_per_share_4q_avg": 28.27,
            "equity": 879982,
            "current_ratio": 146.68,
            "debt_ratio": 45.33,
            "inventory_turnover_ratio": 2.21,
            "account_receivable_turnover_ratio": 0.67,
            "reinvestment_rate": null,
            "research_to_sale_ratio": 0.09,
            "price_fair": 147,
            "eps_avg_yearly": 4.2,
            "eps_latest_yearly": 4.48,
            "eps_growth_yearly": 84.46
        },
        "20104": {
            "year_quarter": 20104,
            "year": 2010,
            "quarter": 4,
            "eps": 1.2,
            "eps_growth_year": -18.59,
            "eps_4q": 4.77,
            "eps_4q_growth_year": 14.74,
            "roe": 3.57,
            "roe_4q": 15.48,
            "gross_profit": 87722,
            "gross_margin": 16.31,
            "gross_margin_4q_avg": 17.42,
            "net_income": 31999,
            "revenue": 537704,
            "common_shares": 292500,
            "book_valuer_per_share": 29.57,
            "book_valuer_per_share_4q_avg": 28.64,
            "equity": 910393,
            "current_ratio": 154.59,
            "debt_ratio": 42.55,
            "inventory_turnover_ratio": 2.45,
            "account_receivable_turnover_ratio": 0.74,
            "reinvestment_rate": null,
            "research_to_sale_ratio": 0.21,
            "price_fair": 148.62,
            "eps_avg_yearly": 4.25,
            "eps_latest_yearly": 4.8,
            "eps_growth_yearly": 80.16
        },
        "20111": {
            "year_quarter": 20111,
            "year": 2011,
            "quarter": 1,
            "eps": 1.45,
            "eps_growth_year": 21.85,
            "eps_4q": 5.04,
            "eps_4q_growth_year": 15.14,
            "roe": 4.39,
            "roe_4q": 15.73,
            "gross_profit": 93797,
            "gross_margin": 18.24,
            "gross_margin_4q_avg": 17.53,
            "net_income": 40848,
            "revenue": 514263,
            "common_shares": 292500,
            "book_valuer_per_share": 31.01,
            "book_valuer_per_share_4q_avg": 29.08,
            "equity": 950823,
            "current_ratio": 157.97,
            "debt_ratio": 41.28,
            "inventory_turnover_ratio": 2.49,
            "account_receivable_turnover_ratio": 0.7,
            "reinvestment_rate": null,
            "research_to_sale_ratio": 0.23,
            "price_fair": 152.5,
            "eps_avg_yearly": 4.36,
            "eps_latest_yearly": 5.8,
            "eps_growth_yearly": 80.39
        },
        "20112": {
            "year_quarter": 20112,
            "year": 2011,
            "quarter": 2,
            "eps": 1.21,
            "eps_growth_year": -3.66,
            "eps_4q": 4.99,
            "eps_4q_growth_year": 11.38,
            "roe": 3.71,
            "roe_4q": 15.31,
            "gross_profit": 96781,
            "gross_margin": 18.22,
            "gross_margin_4q_avg": 17.51,
            "net_income": 33974,
            "revenue": 531281,
            "common_shares": 292500,
            "book_valuer_per_share": 28.7,
            "book_valuer_per_share_4q_avg": 29.43,
            "equity": 881701,
            "current_ratio": 145.75,
            "debt_ratio": 46.13,
            "inventory_turnover_ratio": 2.58,
            "account_receivable_turnover_ratio": 0.7,
            "reinvestment_rate": 85.09,
            "research_to_sale_ratio": 0.03,
            "price_fair": 153.63,
            "eps_avg_yearly": 4.39,
            "eps_latest_yearly": 4.84,
            "eps_growth_yearly": 70.62
        },
        "20113": {
            "year_quarter": 20113,
            "year": 2011,
            "quarter": 3,
            "eps": 0.72,
            "eps_growth_year": -35.41,
            "eps_4q": 4.59,
            "eps_4q_growth_year": -7.33,
            "roe": 2.19,
            "roe_4q": 13.86,
            "gross_profit": 95589,
            "gross_margin": 17.95,
            "gross_margin_4q_avg": 17.68,
            "net_income": 19590,
            "revenue": 532464,
            "common_shares": 292500,
            "book_valuer_per_share": 29.57,
            "book_valuer_per_share_4q_avg": 29.71,
            "equity": 905532,
            "current_ratio": 151.42,
            "debt_ratio": 44.08,
            "inventory_turnover_ratio": 2.63,
            "account_receivable_turnover_ratio": 0.67,
            "reinvestment_rate": 49.22,
            "research_to_sale_ratio": 0.03,
            "price_fair": 150.33,
            "eps_avg_yearly": 4.3,
            "eps_latest_yearly": 2.88,
            "eps_growth_yearly": 56.08
        },
        "20114": {
            "year_quarter": 20114,
            "year": 2011,
            "quarter": 4,
            "eps": 1.22,
            "eps_growth_year": 1.16,
            "eps_4q": 4.05,
            "eps_4q_growth_year": -15.1,
            "roe": 3.73,
            "roe_4q": 14.02,
            "gross_profit": 97194,
            "gross_margin": 17.63,
            "gross_margin_4q_avg": 18.01,
            "net_income": 42212,
            "revenue": 551169,
            "common_shares": 350000,
            "book_valuer_per_share": 37.59,
            "book_valuer_per_share_4q_avg": 31.72,
            "equity": 1356012,
            "current_ratio": 212.36,
            "debt_ratio": 34.86,
            "inventory_turnover_ratio": 2.53,
            "account_receivable_turnover_ratio": 0.68,
            "reinvestment_rate": 29.08,
            "research_to_sale_ratio": 0.04,
            "price_fair": 154.79,
            "eps_avg_yearly": 4.42,
            "eps_latest_yearly": 4.88,
            "eps_growth_yearly": 82.59
        },
        "20121": {
            "year_quarter": 20121,
            "year": 2012,
            "quarter": 1,
            "eps": 1.37,
            "eps_growth_year": -5.52,
            "eps_4q": 4.21,
            "eps_4q_growth_year": -16.38,
            "roe": 3.35,
            "roe_4q": 12.98,
            "gross_profit": 95891,
            "gross_margin": 16.94,
            "gross_margin_4q_avg": 17.69,
            "net_income": 46568,
            "revenue": 565903,
            "common_shares": 350000,
            "book_valuer_per_share": 38.91,
            "book_valuer_per_share_4q_avg": 33.69,
            "equity": 1425195,
            "current_ratio": 221.01,
            "debt_ratio": 33.86,
            "inventory_turnover_ratio": 2.49,
            "account_receivable_turnover_ratio": 0.67,
            "reinvestment_rate": 45.98,
            "research_to_sale_ratio": 0.03,
            "price_fair": 155.58,
            "eps_avg_yearly": 4.45,
            "eps_latest_yearly": 5.48,
            "eps_growth_yearly": 65.59
        },
        "20122": {
            "year_quarter": 20122,
            "year": 2012,
            "quarter": 2,
            "eps": 0.9,
            "eps_growth_year": -26.02,
            "eps_4q": 4.09,
            "eps_4q_growth_year": -17.94,
            "roe": 2.14,
            "roe_4q": 11.41,
            "gross_profit": 102952,
            "gross_margin": 17.71,
            "gross_margin_4q_avg": 17.56,
            "net_income": 29519,
            "revenue": 581364,
            "common_shares": 350000,
            "book_valuer_per_share": 36.32,
            "book_valuer_per_share_4q_avg": 35.6,
            "equity": 1332708,
            "current_ratio": 195.77,
            "debt_ratio": 38.33,
            "inventory_turnover_ratio": 2.31,
            "account_receivable_turnover_ratio": 0.67,
            "reinvestment_rate": 46.73,
            "research_to_sale_ratio": 0.03,
            "price_fair": 150.33,
            "eps_avg_yearly": 4.3,
            "eps_latest_yearly": 3.6,
            "eps_growth_yearly": 52.72
        },
        "20123": {
            "year_quarter": 20123,
            "year": 2012,
            "quarter": 3,
            "eps": 1,
            "eps_growth_year": 37.95,
            "eps_4q": 4.49,
            "eps_4q_growth_year": -2.3,
            "roe": 2.43,
            "roe_4q": 11.65,
            "gross_profit": 107205,
            "gross_margin": 18.32,
            "gross_margin_4q_avg": 17.65,
            "net_income": 32809,
            "revenue": 585053,
            "common_shares": 350000,
            "book_valuer_per_share": 37.29,
            "book_valuer_per_share_4q_avg": 37.53,
            "equity": 1364527,
            "current_ratio": 218.06,
            "debt_ratio": 33.66,
            "inventory_turnover_ratio": 2.09,
            "account_receivable_turnover_ratio": 0.66,
            "reinvestment_rate": 15.02,
            "research_to_sale_ratio": 0.03,
            "price_fair": 150.41,
            "eps_avg_yearly": 4.3,
            "eps_latest_yearly": 4,
            "eps_growth_yearly": 64
        },
        "20124": {
            "year_quarter": 20124,
            "year": 2012,
            "quarter": 4,
            "eps": 2.1,
            "eps_growth_year": 72.3,
            "eps_4q": 5.37,
            "eps_4q_growth_year": 32.54,
            "roe": 5.8,
            "roe_4q": 13.72,
            "gross_profit": 135969,
            "gross_margin": 20.95,
            "gross_margin_4q_avg": 18.48,
            "net_income": 80402,
            "revenue": 649131,
            "common_shares": 350000,
            "book_valuer_per_share": 39.38,
            "book_valuer_per_share_4q_avg": 37.98,
            "equity": 1409587,
            "current_ratio": 211.78,
            "debt_ratio": 35.84,
            "inventory_turnover_ratio": 1.94,
            "account_receivable_turnover_ratio": 0.71,
            "reinvestment_rate": 15.74,
            "research_to_sale_ratio": 0.05,
            "price_fair": 166.43,
            "eps_avg_yearly": 4.76,
            "eps_latest_yearly": 8.4,
            "eps_growth_yearly": 109.68
        },
        "20131": {
            "year_quarter": 20131,
            "year": 2013,
            "quarter": 1,
            "eps": 1.85,
            "eps_growth_year": 35.04,
            "eps_4q": 5.85,
            "eps_4q_growth_year": 38.88,
            "roe": 4.72,
            "roe_4q": 15.09,
            "gross_profit": 152652,
            "gross_margin": 23.55,
            "gross_margin_4q_avg": 20.13,
            "net_income": 67791,
            "revenue": 648165,
            "common_shares": 350000,
            "book_valuer_per_share": 40.91,
            "book_valuer_per_share_4q_avg": 38.48,
            "equity": 1465944,
            "current_ratio": 217.29,
            "debt_ratio": 34.71,
            "inventory_turnover_ratio": 1.66,
            "account_receivable_turnover_ratio": 0.68,
            "reinvestment_rate": 16.36,
            "research_to_sale_ratio": 0,
            "price_fair": 175.61,
            "eps_avg_yearly": 5.02,
            "eps_latest_yearly": 7.4,
            "eps_growth_yearly": 57.63
        },
        "20132": {
            "year_quarter": 20132,
            "year": 2013,
            "quarter": 2,
            "eps": 1.15,
            "eps_growth_year": 28.02,
            "eps_4q": 6.1,
            "eps_4q_growth_year": 49.06,
            "roe": 2.81,
            "roe_4q": 15.759999999999998,
            "gross_profit": 149420,
            "gross_margin": 22.64,
            "gross_margin_4q_avg": 21.37,
            "net_income": 39784,
            "revenue": 659892,
            "common_shares": 350000,
            "book_valuer_per_share": 38.07,
            "book_valuer_per_share_4q_avg": 38.91,
            "equity": 1366120,
            "current_ratio": 183.25,
            "debt_ratio": 41.09,
            "inventory_turnover_ratio": 1.68,
            "account_receivable_turnover_ratio": 0.67,
            "reinvestment_rate": 16.79,
            "research_to_sale_ratio": 0,
            "price_fair": 174.3,
            "eps_avg_yearly": 4.98,
            "eps_latest_yearly": 4.6,
            "eps_growth_yearly": 32.55
        },
        "20133": {
            "year_quarter": 20133,
            "year": 2013,
            "quarter": 3,
            "eps": 1.71,
            "eps_growth_year": 71.49,
            "eps_4q": 6.81,
            "eps_4q_growth_year": 51.81,
            "roe": 4.15,
            "roe_4q": 17.48,
            "gross_profit": 154775,
            "gross_margin": 23.96,
            "gross_margin_4q_avg": 22.78,
            "net_income": 57913,
            "revenue": 645968,
            "common_shares": 350000,
            "book_valuer_per_share": 39.75,
            "book_valuer_per_share_4q_avg": 39.53,
            "equity": 1423073,
            "current_ratio": 208.66,
            "debt_ratio": 35.97,
            "inventory_turnover_ratio": 1.47,
            "account_receivable_turnover_ratio": 0.63,
            "reinvestment_rate": 15.83,
            "research_to_sale_ratio": 0,
            "price_fair": 183.14,
            "eps_avg_yearly": 5.23,
            "eps_latest_yearly": 6.84,
            "eps_growth_yearly": 56.26
        },
        "20134": {
            "year_quarter": 20134,
            "year": 2013,
            "quarter": 4,
            "eps": 1.55,
            "eps_growth_year": -26.32,
            "eps_4q": 6.26,
            "eps_4q_growth_year": 16.6,
            "roe": 3.82,
            "roe_4q": 15.5,
            "gross_profit": 159173,
            "gross_margin": 22.87,
            "gross_margin_4q_avg": 23.26,
            "net_income": 55476,
            "revenue": 695866,
            "common_shares": 350000,
            "book_valuer_per_share": 41.38,
            "book_valuer_per_share_4q_avg": 40.03,
            "equity": 1481268,
            "current_ratio": 204.09,
            "debt_ratio": 36.97,
            "inventory_turnover_ratio": 1.54,
            "account_receivable_turnover_ratio": 0.66,
            "reinvestment_rate": 15.03,
            "research_to_sale_ratio": 0,
            "price_fair": 183.75,
            "eps_avg_yearly": 5.25,
            "eps_latest_yearly": 6.2,
            "eps_growth_yearly": 26.06
        },
        "20141": {
            "year_quarter": 20141,
            "year": 2014,
            "quarter": 1,
            "eps": 1.39,
            "eps_growth_year": -24.86,
            "eps_4q": 5.8,
            "eps_4q_growth_year": -0.89,
            "roe": 3.1,
            "roe_4q": 13.88,
            "gross_profit": 150274,
            "gross_margin": 23.48,
            "gross_margin_4q_avg": 23.24,
            "net_income": 46666,
            "revenue": 640020,
            "common_shares": 350000,
            "book_valuer_per_share": 42.89,
            "book_valuer_per_share_4q_avg": 40.52,
            "equity": 1529169,
            "current_ratio": 233.08,
            "debt_ratio": 31.76,
            "inventory_turnover_ratio": 1.47,
            "account_receivable_turnover_ratio": 0.61,
            "reinvestment_rate": 8.75,
            "research_to_sale_ratio": null,
            "price_fair": 185.5,
            "eps_avg_yearly": 5.3,
            "eps_latest_yearly": 5.56,
            "eps_growth_yearly": 28.38
        },
        "20142": {
            "year_quarter": 20142,
            "year": 2014,
            "quarter": 2,
            "eps": 1.57,
            "eps_growth_year": 36.52,
            "eps_4q": 6.21,
            "eps_4q_growth_year": 1.8,
            "roe": 3.71,
            "roe_4q": 14.780000000000001,
            "gross_profit": 158623,
            "gross_margin": 23.16,
            "gross_margin_4q_avg": 23.37,
            "net_income": 54448,
            "revenue": 685037,
            "common_shares": 350000,
            "book_valuer_per_share": 39.42,
            "book_valuer_per_share_4q_avg": 40.86,
            "equity": 1407144,
            "current_ratio": 184.94,
            "debt_ratio": 40.47,
            "inventory_turnover_ratio": 1.53,
            "account_receivable_turnover_ratio": 0.69,
            "reinvestment_rate": 4.16,
            "research_to_sale_ratio": null,
            "price_fair": 188.21,
            "eps_avg_yearly": 5.38,
            "eps_latest_yearly": 6.28,
            "eps_growth_yearly": 30.15
        },
        "20143": {
            "year_quarter": 20143,
            "year": 2014,
            "quarter": 3,
            "eps": 1.69,
            "eps_growth_year": -1.17,
            "eps_4q": 6.19,
            "eps_4q_growth_year": -9.1,
            "roe": 4.06,
            "roe_4q": 14.69,
            "gross_profit": 153445,
            "gross_margin": 22.74,
            "gross_margin_4q_avg": 23.06,
            "net_income": 58410,
            "revenue": 674797,
            "common_shares": 350000,
            "book_valuer_per_share": 41.15,
            "book_valuer_per_share_4q_avg": 41.21,
            "equity": 1467037,
            "current_ratio": 210.34,
            "debt_ratio": 35.11,
            "inventory_turnover_ratio": 1.43,
            "account_receivable_turnover_ratio": 0.7,
            "reinvestment_rate": 6.9,
            "research_to_sale_ratio": null,
            "price_fair": 193.2,
            "eps_avg_yearly": 5.52,
            "eps_latest_yearly": 6.76,
            "eps_growth_yearly": 34.83
        },
        "20144": {
            "year_quarter": 20144,
            "year": 2014,
            "quarter": 4,
            "eps": 1.63,
            "eps_growth_year": 5.35,
            "eps_4q": 6.28,
            "eps_4q_growth_year": 0.25,
            "roe": 3.75,
            "roe_4q": 14.62,
            "gross_profit": 147201,
            "gross_margin": 21.27,
            "gross_margin_4q_avg": 22.66,
            "net_income": 56084,
            "revenue": 691987,
            "common_shares": 350000,
            "book_valuer_per_share": 42.78,
            "book_valuer_per_share_4q_avg": 41.56,
            "equity": 1523172,
            "current_ratio": 205.42,
            "debt_ratio": 36.58,
            "inventory_turnover_ratio": 1.47,
            "account_receivable_turnover_ratio": 0.7,
            "reinvestment_rate": 6.14,
            "research_to_sale_ratio": null,
            "price_fair": 196.96,
            "eps_avg_yearly": 5.63,
            "eps_latest_yearly": 6.52,
            "eps_growth_yearly": 32.16
        },
        "20151": {
            "year_quarter": 20151,
            "year": 2015,
            "quarter": 1,
            "eps": 1.79,
            "eps_growth_year": 28.78,
            "eps_4q": 6.68,
            "eps_4q_growth_year": 15.16,
            "roe": 3.98,
            "roe_4q": 15.5,
            "gross_profit": 143682,
            "gross_margin": 22.83,
            "gross_margin_4q_avg": 22.5,
            "net_income": 61903,
            "revenue": 629367,
            "common_shares": 350000,
            "book_valuer_per_share": 44.54,
            "book_valuer_per_share_4q_avg": 41.97,
            "equity": 1584239,
            "current_ratio": 224.71,
            "debt_ratio": 34.38,
            "inventory_turnover_ratio": 1.24,
            "account_receivable_turnover_ratio": 0.63,
            "reinvestment_rate": -3.33,
            "research_to_sale_ratio": null,
            "price_fair": 199.94,
            "eps_avg_yearly": 5.71,
            "eps_latest_yearly": 7.16,
            "eps_growth_yearly": 29.41
        },
        "20152": {
            "year_quarter": 20152,
            "year": 2015,
            "quarter": 2,
            "eps": 1.44,
            "eps_growth_year": -8.28,
            "eps_4q": 6.55,
            "eps_4q_growth_year": 5.36,
            "roe": 3.25,
            "roe_4q": 15.04,
            "gross_profit": 152972,
            "gross_margin": 22.2,
            "gross_margin_4q_avg": 22.26,
            "net_income": 49460,
            "revenue": 689061,
            "common_shares": 350000,
            "book_valuer_per_share": 40.96,
            "book_valuer_per_share_4q_avg": 42.36,
            "equity": 1457624,
            "current_ratio": 192.79,
            "debt_ratio": 40.03,
            "inventory_turnover_ratio": 1.31,
            "account_receivable_turnover_ratio": 0.7,
            "reinvestment_rate": -1.6,
            "research_to_sale_ratio": null,
            "price_fair": 201.95,
            "eps_avg_yearly": 5.77,
            "eps_latest_yearly": 5.76,
            "eps_growth_yearly": 28.66
        },
        "20153": {
            "year_quarter": 20153,
            "year": 2015,
            "quarter": 3,
            "eps": 1.39,
            "eps_growth_year": -17.75,
            "eps_4q": 6.25,
            "eps_4q_growth_year": 0.92,
            "roe": 3.32,
            "roe_4q": 14.3,
            "gross_profit": 146108,
            "gross_margin": 21.63,
            "gross_margin_4q_avg": 21.98,
            "net_income": 48914,
            "revenue": 675638,
            "common_shares": 350000,
            "book_valuer_per_share": 42.48,
            "book_valuer_per_share_4q_avg": 42.69,
            "equity": 1486687,
            "current_ratio": 205.43,
            "debt_ratio": 37.47,
            "inventory_turnover_ratio": 1.23,
            "account_receivable_turnover_ratio": 0.7,
            "reinvestment_rate": -1.33,
            "research_to_sale_ratio": null,
            "price_fair": 207.81,
            "eps_avg_yearly": 5.94,
            "eps_latest_yearly": 5.56,
            "eps_growth_yearly": 37.91
        },
        "20154": {
            "year_quarter": 20154,
            "year": 2015,
            "quarter": 4,
            "eps": 1.58,
            "eps_growth_year": -3.29,
            "eps_4q": 6.2,
            "eps_4q_growth_year": -1.26,
            "roe": 3.66,
            "roe_4q": 14.21,
            "gross_profit": 140497,
            "gross_margin": 18.84,
            "gross_margin_4q_avg": 21.38,
            "net_income": 55170,
            "revenue": 745850,
            "common_shares": 350000,
            "book_valuer_per_share": 43.6,
            "book_valuer_per_share_4q_avg": 42.9,
            "equity": 1526003,
            "current_ratio": 209.45,
            "debt_ratio": 37.23,
            "inventory_turnover_ratio": 1.36,
            "account_receivable_turnover_ratio": 0.76,
            "reinvestment_rate": -3.31,
            "research_to_sale_ratio": null,
            "price_fair": 204.75,
            "eps_avg_yearly": 6.03,
            "eps_latest_yearly": 6.32,
            "eps_growth_yearly": 23.97
        },
        "20161": {
            "year_quarter": 20161,
            "year": 2016,
            "quarter": 1,
            "eps": 1.45,
            "eps_growth_year": -18.99,
            "eps_4q": 5.86,
            "eps_4q_growth_year": -12.21,
            "roe": 3.28,
            "roe_4q": 13.51,
            "gross_profit": 151217,
            "gross_margin": 22.07,
            "gross_margin_4q_avg": 21.19,
            "net_income": 50894,
            "revenue": 685098,
            "common_shares": 350000,
            "book_valuer_per_share": 45.01,
            "book_valuer_per_share_4q_avg": 43.01,
            "equity": 1575479,
            "current_ratio": 210.87,
            "debt_ratio": 37.45,
            "inventory_turnover_ratio": 1.14,
            "account_receivable_turnover_ratio": 0.7,
            "reinvestment_rate": -4.47,
            "research_to_sale_ratio": null,
            "price_fair": 174.4,
            "eps_avg_yearly": 6.05,
            "eps_latest_yearly": 5.8,
            "eps_growth_yearly": 18.84
        },
        "20162": {
            "year_quarter": 20162,
            "year": 2016,
            "quarter": 2,
            "eps": 1.1,
            "eps_growth_year": -23.61,
            "eps_4q": 5.52,
            "eps_4q_growth_year": -15.7,
            "roe": 2.55,
            "roe_4q": 12.81,
            "gross_profit": 157727,
            "gross_margin": 22.19,
            "gross_margin_4q_avg": 21.18,
            "net_income": 38486,
            "revenue": 710697,
            "common_shares": 350000,
            "book_valuer_per_share": 41.11,
            "book_valuer_per_share_4q_avg": 43.05,
            "equity": 1438867,
            "current_ratio": 185.34,
            "debt_ratio": 42.68,
            "inventory_turnover_ratio": 1.15,
            "account_receivable_turnover_ratio": 0.71,
            "reinvestment_rate": -4.62,
            "research_to_sale_ratio": null,
            "price_fair": 191.34,
            "eps_avg_yearly": 6.1,
            "eps_latest_yearly": 4.4,
            "eps_growth_yearly": 21.38
        },
        "20163": {
            "year_quarter": 20163,
            "year": 2016,
            "quarter": 3,
            "eps": 1.52,
            "eps_growth_year": 9.35,
            "eps_4q": 5.65,
            "eps_4q_growth_year": -9.55,
            "roe": 3.64,
            "roe_4q": 13.129999999999999,
            "gross_profit": 151065,
            "gross_margin": 21.19,
            "gross_margin_4q_avg": 21.07,
            "net_income": 53324,
            "revenue": 713022,
            "common_shares": 350000,
            "book_valuer_per_share": 42.57,
            "book_valuer_per_share_4q_avg": 43.07,
            "equity": 1489896,
            "current_ratio": 212.14,
            "debt_ratio": 36.65,
            "inventory_turnover_ratio": 1.27,
            "account_receivable_turnover_ratio": 0.71,
            "reinvestment_rate": -6.94,
            "research_to_sale_ratio": null,
            "price_fair": 217.96,
            "eps_avg_yearly": 6.23,
            "eps_latest_yearly": 6.08,
            "eps_growth_yearly": 28.15
        },
        "20164": {
            "year_quarter": 20164,
            "year": 2016,
            "quarter": 4,
            "eps": 1.85,
            "eps_growth_year": 17.55,
            "eps_4q": 5.93,
            "eps_4q_growth_year": -4.3,
            "roe": 4.26,
            "roe_4q": 13.729999999999999,
            "gross_profit": 137456,
            "gross_margin": 18.99,
            "gross_margin_4q_avg": 21.11,
            "net_income": 64853,
            "revenue": 723811,
            "common_shares": 350000,
            "book_valuer_per_share": 44.44,
            "book_valuer_per_share_4q_avg": 43.28,
            "equity": 1558037,
            "current_ratio": 214.81,
            "debt_ratio": 36.95,
            "inventory_turnover_ratio": 1.37,
            "account_receivable_turnover_ratio": 0.71,
            "reinvestment_rate": -9.49,
            "research_to_sale_ratio": null,
            "price_fair": 99.11,
            "eps_avg_yearly": 6.17,
            "eps_latest_yearly": 7.4,
            "eps_growth_yearly": 6.08
        },
        "20171": {
            "year_quarter": 20171,
            "year": 2017,
            "quarter": 1,
            "eps": 1.72,
            "eps_growth_year": 18.62,
            "eps_4q": 6.2,
            "eps_4q_growth_year": 5.72,
            "roe": 3.76,
            "roe_4q": 14.21,
            "gross_profit": 156501,
            "gross_margin": 22.06,
            "gross_margin_4q_avg": 21.11,
            "net_income": 59640,
            "revenue": 709402,
            "common_shares": 350000,
            "book_valuer_per_share": 46.02,
            "book_valuer_per_share_4q_avg": 43.54,
            "equity": 1612874,
            "current_ratio": 237.99,
            "debt_ratio": 33.3,
            "inventory_turnover_ratio": 1.34,
            "account_receivable_turnover_ratio": 0.7,
            "reinvestment_rate": -9.32,
            "research_to_sale_ratio": null,
            "price_fair": 106.06,
            "eps_avg_yearly": 6.13,
            "eps_latest_yearly": 6.88,
            "eps_growth_yearly": 7.3
        },
        "20172": {
            "year_quarter": 20172,
            "year": 2017,
            "quarter": 2,
            "eps": 1.81,
            "eps_growth_year": 64.55,
            "eps_4q": 6.91,
            "eps_4q_growth_year": 25.15,
            "roe": 4.05,
            "roe_4q": 15.71,
            "gross_profit": 167460,
            "gross_margin": 22.43,
            "gross_margin_4q_avg": 21.17,
            "net_income": 63131,
            "revenue": 746567,
            "common_shares": 350000,
            "book_valuer_per_share": 42.84,
            "book_valuer_per_share_4q_avg": 43.97,
            "equity": 1501406,
            "current_ratio": 195.67,
            "debt_ratio": 38.85,
            "inventory_turnover_ratio": 1.47,
            "account_receivable_turnover_ratio": 0.74,
            "reinvestment_rate": 0.61,
            "research_to_sale_ratio": null,
            "price_fair": 176.72,
            "eps_avg_yearly": 6.3,
            "eps_latest_yearly": 7.24,
            "eps_growth_yearly": 18.06
        },
        "20173": {
            "year_quarter": 20173,
            "year": 2017,
            "quarter": 3,
            "eps": 1.56,
            "eps_growth_year": 2.63,
            "eps_4q": 6.94,
            "eps_4q_growth_year": 22.78,
            "roe": 3.57,
            "roe_4q": 15.639999999999999,
            "gross_profit": 164817,
            "gross_margin": 21.81,
            "gross_margin_4q_avg": 21.32,
            "net_income": 54551,
            "revenue": 755813,
            "common_shares": 350000,
            "book_valuer_per_share": 44.4,
            "book_valuer_per_share_4q_avg": 44.43,
            "equity": 1555800,
            "current_ratio": 197.8,
            "debt_ratio": 38.86,
            "inventory_turnover_ratio": 1.38,
            "account_receivable_turnover_ratio": 0.73,
            "reinvestment_rate": 1.26,
            "research_to_sale_ratio": null,
            "price_fair": 77.85,
            "eps_avg_yearly": 6.26,
            "eps_latest_yearly": 6.24,
            "eps_growth_yearly": 2.44
        },
        "20174": {
            "year_quarter": 20174,
            "year": 2017,
            "quarter": 4,
            "eps": 2.09,
            "eps_growth_year": 12.54,
            "eps_4q": 7.17,
            "eps_4q_growth_year": 20.97,
            "roe": 4.7,
            "roe_4q": 16.08,
            "gross_profit": 179799,
            "gross_margin": 24.07,
            "gross_margin_4q_avg": 22.59,
            "net_income": 74719,
            "revenue": 747098,
            "common_shares": 350000,
            "book_valuer_per_share": 46.43,
            "book_valuer_per_share_4q_avg": 44.92,
            "equity": 1625074,
            "current_ratio": 202.71,
            "debt_ratio": 37.82,
            "inventory_turnover_ratio": 1.17,
            "account_receivable_turnover_ratio": 0.72,
            "reinvestment_rate": 1.35,
            "research_to_sale_ratio": null,
            "price_fair": 148.8,
            "eps_avg_yearly": 6.4,
            "eps_latest_yearly": 8.36,
            "eps_growth_yearly": 13.27
        },
        "20181": {
            "year_quarter": 20181,
            "year": 2018,
            "quarter": 1,
            "eps": 1.7,
            "eps_growth_year": -1.16,
            "eps_4q": 7.15,
            "eps_4q_growth_year": 15.38,
            "roe": 3.61,
            "roe_4q": 15.93,
            "gross_profit": 168364,
            "gross_margin": 21.84,
            "gross_margin_4q_avg": 22.54,
            "net_income": 59365,
            "revenue": 771056,
            "common_shares": 350000,
            "book_valuer_per_share": 47.66,
            "book_valuer_per_share_4q_avg": 45.33,
            "equity": 1668016,
            "current_ratio": 222.82,
            "debt_ratio": 33.86,
            "inventory_turnover_ratio": 1.27,
            "account_receivable_turnover_ratio": 0.76,
            "reinvestment_rate": 1.99,
            "research_to_sale_ratio": null,
            "price_fair": 137.11,
            "eps_avg_yearly": 6.47,
            "eps_latest_yearly": 6.8,
            "eps_growth_yearly": 11.18
        },
        "20182": {
            "year_quarter": 20182,
            "year": 2018,
            "quarter": 2,
            "eps": 1.96,
            "eps_growth_year": 8.29,
            "eps_4q": 7.3,
            "eps_4q_growth_year": 5.65,
            "roe": 4.29,
            "roe_4q": 16.17,
            "gross_profit": 181429,
            "gross_margin": 23.67,
            "gross_margin_4q_avg": 22.85,
            "net_income": 68518,
            "revenue": 766584,
            "common_shares": 350000,
            "book_valuer_per_share": 43.7,
            "book_valuer_per_share_4q_avg": 45.55,
            "equity": 1529510,
            "current_ratio": 180.01,
            "debt_ratio": 42.14,
            "inventory_turnover_ratio": 1.28,
            "account_receivable_turnover_ratio": 0.73,
            "reinvestment_rate": 1.32,
            "research_to_sale_ratio": null,
            "price_fair": 143.03,
            "eps_avg_yearly": 6.57,
            "eps_latest_yearly": 7.84,
            "eps_growth_yearly": 11.77
        },
        "20183": {
            "year_quarter": 20183,
            "year": 2018,
            "quarter": 3,
            "eps": 1.47,
            "eps_growth_year": -5.77,
            "eps_4q": 7.21,
            "eps_4q_growth_year": 3.88,
            "roe": 3.31,
            "roe_4q": 15.91,
            "gross_profit": 162832,
            "gross_margin": 21.26,
            "gross_margin_4q_avg": 22.71,
            "net_income": 51496,
            "revenue": 765813,
            "common_shares": 350000,
            "book_valuer_per_share": 45.17,
            "book_valuer_per_share_4q_avg": 45.74,
            "equity": 1580900,
            "current_ratio": 157.61,
            "debt_ratio": 43.76,
            "inventory_turnover_ratio": 1.33,
            "account_receivable_turnover_ratio": 0.71,
            "reinvestment_rate": 25.45,
            "research_to_sale_ratio": null,
            "price_fair": 88.67,
            "eps_avg_yearly": 6.52,
            "eps_latest_yearly": 5.88,
            "eps_growth_yearly": 3.61
        },
        "20184": {
            "year_quarter": 20184,
            "year": 2018,
            "quarter": 4,
            "eps": 1.83,
            "eps_growth_year": -12.22,
            "eps_4q": 6.96,
            "eps_4q_growth_year": -3.04,
            "roe": 3.98,
            "roe_4q": 15.19,
            "gross_profit": 171375,
            "gross_margin": 21.65,
            "gross_margin_4q_avg": 22.11,
            "net_income": 64070,
            "revenue": 791701,
            "common_shares": 350000,
            "book_valuer_per_share": 46.89,
            "book_valuer_per_share_4q_avg": 45.86,
            "equity": 1641010,
            "current_ratio": 160.16,
            "debt_ratio": 44.73,
            "inventory_turnover_ratio": 1.24,
            "account_receivable_turnover_ratio": 0.73,
            "reinvestment_rate": 27.94,
            "research_to_sale_ratio": null,
            "price_fair": 135.37,
            "eps_avg_yearly": 6.57,
            "eps_latest_yearly": 7.32,
            "eps_growth_yearly": 10.62
        },
        "20191": {
            "year_quarter": 20191,
            "year": 2019,
            "quarter": 1,
            "eps": 1.81,
            "eps_growth_year": 6.47,
            "eps_4q": 7.07,
            "eps_4q_growth_year": -1.16,
            "roe": 3.78,
            "roe_4q": 15.36,
            "gross_profit": 183895,
            "gross_margin": 22.81,
            "gross_margin_4q_avg": 22.35,
            "net_income": 63247,
            "revenue": 806251,
            "common_shares": 350000,
            "book_valuer_per_share": 48.71,
            "book_valuer_per_share_4q_avg": 46.12,
            "equity": 1704949,
            "current_ratio": 159.45,
            "debt_ratio": 52.33,
            "inventory_turnover_ratio": 1.1,
            "account_receivable_turnover_ratio": 0.75,
            "reinvestment_rate": 33.62,
            "research_to_sale_ratio": null,
            "price_fair": 117.55,
            "eps_avg_yearly": 6.57,
            "eps_latest_yearly": 7.24,
            "eps_growth_yearly": 7.89
        },
        "20192": {
            "year_quarter": 20192,
            "year": 2019,
            "quarter": 2,
            "eps": 1.66,
            "eps_growth_year": -15.31,
            "eps_4q": 6.59,
            "eps_4q_growth_year": -9.64,
            "roe": 3.48,
            "roe_4q": 14.55,
            "gross_profit": 189298,
            "gross_margin": 23.11,
            "gross_margin_4q_avg": 22.21,
            "net_income": 58553,
            "revenue": 819260,
            "common_shares": 360000,
            "book_valuer_per_share": 46.19,
            "book_valuer_per_share_4q_avg": 46.74,
            "equity": 1663001,
            "current_ratio": 194.93,
            "debt_ratio": 56.03,
            "inventory_turnover_ratio": 1.1,
            "account_receivable_turnover_ratio": 0.75,
            "reinvestment_rate": 31.99,
            "research_to_sale_ratio": null,
            "price_fair": 137.19,
            "eps_avg_yearly": 6.63,
            "eps_latest_yearly": 6.64,
            "eps_growth_yearly": 10.71
        },
        "20193": {
            "year_quarter": 20193,
            "year": 2019,
            "quarter": 3,
            "eps": 1.46,
            "eps_growth_year": -0.68,
            "eps_4q": 6.62,
            "eps_4q_growth_year": -8.21,
            "roe": 3.1,
            "roe_4q": 14.34,
            "gross_profit": 182299,
            "gross_margin": 22.61,
            "gross_margin_4q_avg": 22.55,
            "net_income": 52398,
            "revenue": 806394,
            "common_shares": 360000,
            "book_valuer_per_share": 47.64,
            "book_valuer_per_share_4q_avg": 47.36,
            "equity": 1714880,
            "current_ratio": 230.16,
            "debt_ratio": 51.63,
            "inventory_turnover_ratio": 1.15,
            "account_receivable_turnover_ratio": 0.71,
            "reinvestment_rate": 32.31,
            "research_to_sale_ratio": null,
            "price_fair": 123.32,
            "eps_avg_yearly": 6.64,
            "eps_latest_yearly": 5.84,
            "eps_growth_yearly": 8.56
        },
        "20194": {
            "year_quarter": 20194,
            "year": 2019,
            "quarter": 4,
            "eps": 1.99,
            "eps_growth_year": 8.56,
            "eps_4q": 6.83,
            "eps_4q_growth_year": -1.86,
            "roe": 4.09,
            "roe_4q": 14.45,
            "gross_profit": 180274,
            "gross_margin": 22.29,
            "gross_margin_4q_avg": 22.71,
            "net_income": 71539,
            "revenue": 808818,
            "common_shares": 360000,
            "book_valuer_per_share": 49.57,
            "book_valuer_per_share_4q_avg": 48.03,
            "equity": 1784446,
            "current_ratio": 222.93,
            "debt_ratio": 52.12,
            "inventory_turnover_ratio": 1.15,
            "account_receivable_turnover_ratio": 0.73,
            "reinvestment_rate": 33.66,
            "research_to_sale_ratio": null,
            "price_fair": 163.38,
            "eps_avg_yearly": 6.75,
            "eps_latest_yearly": 7.96,
            "eps_growth_yearly": 14.22
        },
        "20201": {
            "year_quarter": 20201,
            "year": 2020,
            "quarter": 1,
            "eps": 1.81,
            "eps_growth_year": 0,
            "eps_4q": 6.88,
            "eps_4q_growth_year": -2.61,
            "roe": 3.59,
            "roe_4q": 14.26,
            "gross_profit": 200228,
            "gross_margin": 24.27,
            "gross_margin_4q_avg": 23.07,
            "net_income": 65267,
            "revenue": 825036,
            "common_shares": 360000,
            "book_valuer_per_share": 51.49,
            "book_valuer_per_share_4q_avg": 48.72,
            "equity": 1853788,
            "current_ratio": 240.81,
            "debt_ratio": 50.17,
            "inventory_turnover_ratio": 1.12,
            "account_receivable_turnover_ratio": 0.77,
            "reinvestment_rate": 33.38,
            "research_to_sale_ratio": null,
            "price_fair": 164.17,
            "eps_avg_yearly": 6.84,
            "eps_latest_yearly": 7.24,
            "eps_growth_yearly": 14.02
        },
        "20202": {
            "year_quarter": 20202,
            "year": 2020,
            "quarter": 2,
            "eps": 2.24,
            "eps_growth_year": 34.94,
            "eps_4q": 7.5,
            "eps_4q_growth_year": 13.72,
            "roe": 4.53,
            "roe_4q": 15.31,
            "gross_profit": 216447,
            "gross_margin": 24.81,
            "gross_margin_4q_avg": 23.5,
            "net_income": 80763,
            "revenue": 872588,
            "common_shares": 360060,
            "book_valuer_per_share": 47.63,
            "book_valuer_per_share_4q_avg": 49.08,
            "equity": 1714990,
            "current_ratio": 203.29,
            "debt_ratio": 54.22,
            "inventory_turnover_ratio": 1.22,
            "account_receivable_turnover_ratio": 0.81,
            "reinvestment_rate": 35.7,
            "research_to_sale_ratio": null,
            "price_fair": 249.2,
            "eps_avg_yearly": 7.12,
            "eps_latest_yearly": 8.96,
            "eps_growth_yearly": 25.99
        },
        "20203": {
            "year_quarter": 20203,
            "year": 2020,
            "quarter": 3,
            "eps": 2.52,
            "eps_growth_year": 72.6,
            "eps_4q": 8.38,
            "eps_4q_growth_year": 26.55,
            "roe": 5.08,
            "roe_4q": 17.29,
            "gross_profit": 223237,
            "gross_margin": 25.52,
            "gross_margin_4q_avg": 24.22,
            "net_income": 91382,
            "revenue": 874841,
            "common_shares": 368863,
            "book_valuer_per_share": 51.13,
            "book_valuer_per_share_4q_avg": 49.96,
            "equity": 1885951,
            "current_ratio": 174.59,
            "debt_ratio": 54.02,
            "inventory_turnover_ratio": 1.12,
            "account_receivable_turnover_ratio": 0.81,
            "reinvestment_rate": 41.92,
            "research_to_sale_ratio": null,
            "price_fair": 217.94,
            "eps_avg_yearly": 7.37,
            "eps_latest_yearly": 10.08,
            "eps_growth_yearly": 19.57
        },
        "20204": {
            "year_quarter": 20204,
            "year": 2020,
            "quarter": 4,
            "eps": 2.12,
            "eps_growth_year": 6.88,
            "eps_4q": 8.44,
            "eps_4q_growth_year": 23.59,
            "roe": 4.1,
            "roe_4q": 17.3,
            "gross_profit": 209442,
            "gross_margin": 24.37,
            "gross_margin_4q_avg": 24.74,
            "net_income": 79882,
            "revenue": 859503,
            "common_shares": 376097,
            "book_valuer_per_share": 53.53,
            "book_valuer_per_share_4q_avg": 50.95,
            "equity": 2013130,
            "current_ratio": 167.87,
            "debt_ratio": 52.1,
            "inventory_turnover_ratio": 1.04,
            "account_receivable_turnover_ratio": 0.8,
            "reinvestment_rate": 55.02,
            "research_to_sale_ratio": null,
            "price_fair": 150.06,
            "eps_avg_yearly": 7.44,
            "eps_latest_yearly": 8.48,
            "eps_growth_yearly": 10.18
        },
        "20211": {
            "year_quarter": 20211,
            "year": 2021,
            "quarter": 1,
            "eps": 2.17,
            "eps_growth_year": 19.89,
            "eps_4q": 8.72,
            "eps_4q_growth_year": 26.73,
            "roe": 3.92,
            "roe_4q": 17.63,
            "gross_profit": 231475,
            "gross_margin": 26.25,
            "gross_margin_4q_avg": 25.24,
            "net_income": 81784,
            "revenue": 881836,
            "common_shares": 382749,
            "book_valuer_per_share": 56.31,
            "book_valuer_per_share_4q_avg": 52.15,
            "equity": 2155276,
            "current_ratio": 172.37,
            "debt_ratio": 49.2,
            "inventory_turnover_ratio": 1.02,
            "account_receivable_turnover_ratio": 0.81,
            "reinvestment_rate": 57.73,
            "research_to_sale_ratio": null,
            "price_fair": 170.04,
            "eps_avg_yearly": 7.55,
            "eps_latest_yearly": 8.68,
            "eps_growth_yearly": 12.52
        },
        "20212": {
            "year_quarter": 20212,
            "year": 2021,
            "quarter": 2,
            "eps": 2.41,
            "eps_growth_year": 7.59,
            "eps_4q": 8.91,
            "eps_4q_growth_year": 18.88,
            "roe": 4.16,
            "roe_4q": 17.259999999999998,
            "gross_profit": 256084,
            "gross_margin": 25.63,
            "gross_margin_4q_avg": 25.44,
            "net_income": 92426,
            "revenue": 999330,
            "common_shares": 387580,
            "book_valuer_per_share": 59.12,
            "book_valuer_per_share_4q_avg": 55.02,
            "equity": 2291256,
            "current_ratio": 156.21,
            "debt_ratio": 47.45,
            "inventory_turnover_ratio": 1.13,
            "account_receivable_turnover_ratio": 0.85,
            "reinvestment_rate": 53.01,
            "research_to_sale_ratio": null,
            "price_fair": 184.64,
            "eps_avg_yearly": 7.7,
            "eps_latest_yearly": 9.64,
            "eps_growth_yearly": 13.98
        },
        "20213": {
            "year_quarter": 20213,
            "year": 2021,
            "quarter": 3,
            "eps": 2.14,
            "eps_growth_year": -15.08,
            "eps_4q": 8.48,
            "eps_4q_growth_year": 1.24,
            "roe": 3.72,
            "roe_4q": 15.9,
            "gross_profit": 231677,
            "gross_margin": 25.73,
            "gross_margin_4q_avg": 25.5,
            "net_income": 83668,
            "revenue": 900547,
            "common_shares": 398317,
            "book_valuer_per_share": 55.44,
            "book_valuer_per_share_4q_avg": 56.1,
            "equity": 2208424,
            "current_ratio": 147.73,
            "debt_ratio": 48.93,
            "inventory_turnover_ratio": 1,
            "account_receivable_turnover_ratio": 0.71,
            "reinvestment_rate": 53.79,
            "research_to_sale_ratio": null,
            "price_fair": 193.23,
            "eps_avg_yearly": 7.85,
            "eps_latest_yearly": 8.56,
            "eps_growth_yearly": 14.63
        },
        "20214": {
            "year_quarter": 20214,
            "year": 2021,
            "quarter": 4,
            "eps": 2.27,
            "eps_growth_year": 6.71,
            "eps_4q": 8.71,
            "eps_4q_growth_year": 3.24,
            "roe": 4.02,
            "roe_4q": 15.82,
            "gross_profit": 249731,
            "gross_margin": 27.68,
            "gross_margin_4q_avg": 26.32,
            "net_income": 90716,
            "revenue": 902293,
            "common_shares": 400232,
            "book_valuer_per_share": 57.56,
            "book_valuer_per_share_4q_avg": 57.11,
            "equity": 2303847,
            "current_ratio": 152.52,
            "debt_ratio": 48.08,
            "inventory_turnover_ratio": 0.93,
            "account_receivable_turnover_ratio": 0.74,
            "reinvestment_rate": 55.55,
            "research_to_sale_ratio": null,
            "price_fair": 139.31,
            "eps_avg_yearly": 7.89,
            "eps_latest_yearly": 9.08,
            "eps_growth_yearly": 7.66
        },
        "20221": {
            "year_quarter": 20221,
            "year": 2022,
            "quarter": 1,
            "eps": 2.29,
            "eps_growth_year": 5.53,
            "eps_4q": 8.87,
            "eps_4q_growth_year": 1.73,
            "roe": 3.88,
            "roe_4q": 15.78,
            "gross_profit": 267032,
            "gross_margin": 27.2,
            "gross_margin_4q_avg": 26.56,
            "net_income": 91979,
            "revenue": 981882,
            "common_shares": 404386,
            "book_valuer_per_share": 60.2,
            "book_valuer_per_share_4q_avg": 58.08,
            "equity": 2434341,
            "current_ratio": 167.85,
            "debt_ratio": 43.52,
            "inventory_turnover_ratio": 1.09,
            "account_receivable_turnover_ratio": 0.84,
            "reinvestment_rate": 58.29,
            "research_to_sale_ratio": null,
            "price_fair": 181.18,
            "eps_avg_yearly": 8.04,
            "eps_latest_yearly": 9.16,
            "eps_growth_yearly": 12.54
        },
        "20222": {
            "year_quarter": 20222,
            "year": 2022,
            "quarter": 2,
            "eps": 3.01,
            "eps_growth_year": 24.9,
            "eps_4q": 9.58,
            "eps_4q_growth_year": 7.52,
            "roe": 5.18,
            "roe_4q": 16.799999999999997,
            "gross_profit": 322396,
            "gross_margin": 18.31,
            "gross_margin_4q_avg": 24.73,
            "net_income": 121979,
            "revenue": 1760519,
            "common_shares": 405210,
            "book_valuer_per_share": 56.26,
            "book_valuer_per_share_4q_avg": 57.37,
            "equity": 2279610,
            "current_ratio": 141.81,
            "debt_ratio": 50.27,
            "inventory_turnover_ratio": 2.23,
            "account_receivable_turnover_ratio": 1.44,
            "reinvestment_rate": 56.71,
            "research_to_sale_ratio": null,
            "price_fair": 220.6,
            "eps_avg_yearly": 8.3,
            "eps_latest_yearly": 12.04,
            "eps_growth_yearly": 16.58
        },
        "20223": {
            "year_quarter": 20223,
            "year": 2022,
            "quarter": 3,
            "eps": 1.65,
            "eps_growth_year": -22.9,
            "eps_4q": 9.17,
            "eps_4q_growth_year": 8.09,
            "roe": 2.88,
            "roe_4q": 15.959999999999997,
            "gross_profit": 225985,
            "gross_margin": 22.86,
            "gross_margin_4q_avg": 24.01,
            "net_income": 66717,
            "revenue": 988725,
            "common_shares": 405210,
            "book_valuer_per_share": 57.94,
            "book_valuer_per_share_4q_avg": 57.99,
            "equity": 2347755,
            "current_ratio": 149.15,
            "debt_ratio": 47.88,
            "inventory_turnover_ratio": 1.02,
            "account_receivable_turnover_ratio": 0.79,
            "reinvestment_rate": 38.88,
            "research_to_sale_ratio": null,
            "price_fair": 179.69,
            "eps_avg_yearly": 8.35,
            "eps_latest_yearly": 6.6,
            "eps_growth_yearly": 11.53
        },
        "20224": {
            "year_quarter": 20224,
            "year": 2022,
            "quarter": 4,
            "eps": 2.12,
            "eps_growth_year": -6.63,
            "eps_4q": 9.04,
            "eps_4q_growth_year": 3.82,
            "roe": 3.58,
            "roe_4q": 15.52,
            "gross_profit": 229927,
            "gross_margin": 23.99,
            "gross_margin_4q_avg": 23.09,
            "net_income": 85753,
            "revenue": 958561,
            "common_shares": 405210,
            "book_valuer_per_share": 60.2,
            "book_valuer_per_share_4q_avg": 58.65,
            "equity": 2439528,
            "current_ratio": 157.99,
            "debt_ratio": 45.89,
            "inventory_turnover_ratio": 0.95,
            "account_receivable_turnover_ratio": 0.79,
            "reinvestment_rate": 36.1,
            "research_to_sale_ratio": null,
            "price_fair": 189.66,
            "eps_avg_yearly": 8.42,
            "eps_latest_yearly": 8.48,
            "eps_growth_yearly": 12.53
        },
        "20231": {
            "year_quarter": 20231,
            "year": 2023,
            "quarter": 1,
            "eps": 2.11,
            "eps_growth_year": -7.86,
            "eps_4q": 4.21,
            "eps_4q_growth_year": -52.59,
            "roe": 3.15,
            "roe_4q": 14.79,
            "gross_profit": 246613,
            "gross_margin": 25.35,
            "gross_margin_4q_avg": 22.63,
            "net_income": 85298,
            "revenue": 972979,
            "common_shares": 405210,
            "book_valuer_per_share": 67.43,
            "book_valuer_per_share_4q_avg": 60.46,
            "equity": 2975074,
            "current_ratio": 199.93,
            "debt_ratio": 39.08,
            "inventory_turnover_ratio": 1.05,
            "account_receivable_turnover_ratio": 0.81,
            "reinvestment_rate": 36.7,
            "research_to_sale_ratio": null,
            "price_fair": 192.67,
            "eps_avg_yearly": 8.49,
            "eps_latest_yearly": 8.44,
            "eps_growth_yearly": 12.69
        }
    },
    "months": {
        "2004-09": {
            "month": "2004-09",
            "price": "33.10",
            "revenue": 110394
        },
        "2004-10": {
            "month": "2004-10",
            "price": "33.58",
            "revenue": 121720
        },
        "2004-12": {
            "month": "2004-12",
            "price": "35.08",
            "revenue": 126162
        },
        "2005-01": {
            "month": "2005-01",
            "price": "33.50",
            "revenue": 128569
        },
        "2005-02": {
            "month": "2005-02",
            "price": "33.00",
            "revenue": 94783
        },
        "2005-07": {
            "month": "2005-07",
            "price": "34.27",
            "revenue": 113428
        },
        "2005-08": {
            "month": "2005-08",
            "price": "34.51",
            "revenue": 128223
        },
        "2005-09": {
            "month": "2005-09",
            "price": "35.00",
            "revenue": 108438
        },
        "2005-10": {
            "month": "2005-10",
            "price": "35.30",
            "revenue": 109938
        },
        "2006-03": {
            "month": "2006-03",
            "price": "35.50",
            "revenue": 122157
        },
        "2006-04": {
            "month": "2006-04",
            "price": "33.66",
            "revenue": 118987
        },
        "2006-05": {
            "month": "2006-05",
            "price": "38.13",
            "revenue": 127132
        },
        "2006-06": {
            "month": "2006-06",
            "price": "37.81",
            "revenue": 127185
        },
        "2006-07": {
            "month": "2006-07",
            "price": "37.72",
            "revenue": 125582
        },
        "2006-08": {
            "month": "2006-08",
            "price": "36.00",
            "revenue": 134718
        },
        "2006-11": {
            "month": "2006-11",
            "price": "37.10",
            "revenue": 131019
        },
        "2006-12": {
            "month": "2006-12",
            "price": "38.50",
            "revenue": 135285
        },
        "2007-01": {
            "month": "2007-01",
            "price": "38.98",
            "revenue": 125287
        },
        "2007-02": {
            "month": "2007-02",
            "price": "38.20",
            "revenue": 127310
        },
        "2007-03": {
            "month": "2007-03",
            "price": "39.71",
            "revenue": 127591
        },
        "2007-04": {
            "month": "2007-04",
            "price": "39.44",
            "revenue": 143004
        },
        "2007-05": {
            "month": "2007-05",
            "price": "43.93",
            "revenue": 137808
        },
        "2007-06": {
            "month": "2007-06",
            "price": "64.28",
            "revenue": 143618
        },
        "2007-07": {
            "month": "2007-07",
            "price": "69.99",
            "revenue": 140583
        },
        "2007-08": {
            "month": "2007-08",
            "price": "67.26",
            "revenue": 139509
        },
        "2007-09": {
            "month": "2007-09",
            "price": "62.18",
            "revenue": 131471
        },
        "2007-10": {
            "month": "2007-10",
            "price": "57.62",
            "revenue": 154374
        },
        "2007-11": {
            "month": "2007-11",
            "price": "55.82",
            "revenue": 151576
        },
        "2007-12": {
            "month": "2007-12",
            "price": "46.04",
            "revenue": 148400
        },
        "2008-01": {
            "month": "2008-01",
            "price": "46.75",
            "revenue": 150789
        },
        "2008-02": {
            "month": "2008-02",
            "price": "49.68",
            "revenue": 114759
        },
        "2008-03": {
            "month": "2008-03",
            "price": "46.05",
            "revenue": 138904
        },
        "2008-04": {
            "month": "2008-04",
            "price": "49.18",
            "revenue": 144598
        },
        "2008-05": {
            "month": "2008-05",
            "price": "53.44",
            "revenue": 148424
        },
        "2008-06": {
            "month": "2008-06",
            "price": "48.74",
            "revenue": 143845
        },
        "2008-07": {
            "month": "2008-07",
            "price": "46.99",
            "revenue": 128839
        },
        "2008-08": {
            "month": "2008-08",
            "price": "42.94",
            "revenue": 142964
        },
        "2008-09": {
            "month": "2008-09",
            "price": "41.55",
            "revenue": 130761
        },
        "2008-10": {
            "month": "2008-10",
            "price": "36.51",
            "revenue": 138630
        },
        "2008-11": {
            "month": "2008-11",
            "price": "35.44",
            "revenue": 130501
        },
        "2008-12": {
            "month": "2008-12",
            "price": "36.10",
            "revenue": 162846
        },
        "2009-01": {
            "month": "2009-01",
            "price": "38.51",
            "revenue": 135311
        },
        "2009-02": {
            "month": "2009-02",
            "price": "40.37",
            "revenue": 137758
        },
        "2009-03": {
            "month": "2009-03",
            "price": "51.99",
            "revenue": 129148
        },
        "2009-04": {
            "month": "2009-04",
            "price": "63.91",
            "revenue": 161943
        },
        "2009-05": {
            "month": "2009-05",
            "price": "64.99",
            "revenue": 131407
        },
        "2009-06": {
            "month": "2009-06",
            "price": "68.32",
            "revenue": 163120
        },
        "2009-07": {
            "month": "2009-07",
            "price": "99.12",
            "revenue": 148642
        },
        "2009-08": {
            "month": "2009-08",
            "price": "77.32",
            "revenue": 149393
        },
        "2009-09": {
            "month": "2009-09",
            "price": "75.02",
            "revenue": 150873
        },
        "2009-10": {
            "month": "2009-10",
            "price": "70.80",
            "revenue": 149438
        },
        "2009-11": {
            "month": "2009-11",
            "price": "62.15",
            "revenue": 145837
        },
        "2009-12": {
            "month": "2009-12",
            "price": "64.00",
            "revenue": 173553
        },
        "2010-01": {
            "month": "2010-01",
            "price": "64.32",
            "revenue": 156288
        },
        "2010-02": {
            "month": "2010-02",
            "price": "58.76",
            "revenue": 146148
        },
        "2010-03": {
            "month": "2010-03",
            "price": "61.25",
            "revenue": 154143
        },
        "2010-04": {
            "month": "2010-04",
            "price": "65.17",
            "revenue": 159649
        },
        "2010-05": {
            "month": "2010-05",
            "price": "67.08",
            "revenue": 153555
        },
        "2010-06": {
            "month": "2010-06",
            "price": "63.48",
            "revenue": 176201
        },
        "2010-07": {
            "month": "2010-07",
            "price": "72.88",
            "revenue": 144281
        },
        "2010-08": {
            "month": "2010-08",
            "price": "91.84",
            "revenue": 167210
        },
        "2010-09": {
            "month": "2010-09",
            "price": "95.85",
            "revenue": 160433
        },
        "2010-10": {
            "month": "2010-10",
            "price": "132.29",
            "revenue": 169206
        },
        "2010-11": {
            "month": "2010-11",
            "price": "131.20",
            "revenue": 173627
        },
        "2010-12": {
            "month": "2010-12",
            "price": "129.09",
            "revenue": 173197
        },
        "2011-01": {
            "month": "2011-01",
            "price": "114.15",
            "revenue": 188914
        },
        "2011-02": {
            "month": "2011-02",
            "price": "106.21",
            "revenue": 132896
        },
        "2011-03": {
            "month": "2011-03",
            "price": "102.96",
            "revenue": 170768
        },
        "2011-04": {
            "month": "2011-04",
            "price": "106.64",
            "revenue": 172949
        },
        "2011-05": {
            "month": "2011-05",
            "price": "119.50",
            "revenue": 158577
        },
        "2011-06": {
            "month": "2011-06",
            "price": "104.33",
            "revenue": 177524
        },
        "2011-07": {
            "month": "2011-07",
            "price": "104.52",
            "revenue": 157905
        },
        "2011-08": {
            "month": "2011-08",
            "price": "83.55",
            "revenue": 178269
        },
        "2011-09": {
            "month": "2011-09",
            "price": "78.03",
            "revenue": 171998
        },
        "2011-10": {
            "month": "2011-10",
            "price": "81.82",
            "revenue": 162952
        },
        "2011-11": {
            "month": "2011-11",
            "price": "76.19",
            "revenue": 167244
        },
        "2011-12": {
            "month": "2011-12",
            "price": "64.34",
            "revenue": 194782
        },
        "2012-01": {
            "month": "2012-01",
            "price": "66.26",
            "revenue": 188475
        },
        "2012-02": {
            "month": "2012-02",
            "price": "80.82",
            "revenue": 163903
        },
        "2012-03": {
            "month": "2012-03",
            "price": "79.39",
            "revenue": 186703
        },
        "2012-04": {
            "month": "2012-04",
            "price": "71.86",
            "revenue": 180621
        },
        "2012-05": {
            "month": "2012-05",
            "price": "73.63",
            "revenue": 180638
        },
        "2012-06": {
            "month": "2012-06",
            "price": "73.26",
            "revenue": 194921
        },
        "2012-07": {
            "month": "2012-07",
            "price": "74.10",
            "revenue": 174206
        },
        "2012-08": {
            "month": "2012-08",
            "price": "74.86",
            "revenue": 190891
        },
        "2012-09": {
            "month": "2012-09",
            "price": "74.33",
            "revenue": 183191
        },
        "2012-10": {
            "month": "2012-10",
            "price": "72.50",
            "revenue": 201243
        },
        "2012-11": {
            "month": "2012-11",
            "price": "68.39",
            "revenue": 193016
        },
        "2012-12": {
            "month": "2012-12",
            "price": "73.79",
            "revenue": 201327
        },
        "2013-01": {
            "month": "2013-01",
            "price": "77.16",
            "revenue": 233382
        },
        "2013-02": {
            "month": "2013-02",
            "price": "77.07",
            "revenue": 208124
        },
        "2013-03": {
            "month": "2013-03",
            "price": "81.50",
            "revenue": 206663
        },
        "2013-04": {
            "month": "2013-04",
            "price": "81.23",
            "revenue": 212466
        },
        "2013-05": {
            "month": "2013-05",
            "price": "85.48",
            "revenue": 215408
        },
        "2013-06": {
            "month": "2013-06",
            "price": "85.13",
            "revenue": 236922
        },
        "2013-07": {
            "month": "2013-07",
            "price": "86.71",
            "revenue": 207376
        },
        "2013-08": {
            "month": "2013-08",
            "price": "84.70",
            "revenue": 219005
        },
        "2013-09": {
            "month": "2013-09",
            "price": "85.68",
            "revenue": 215119
        },
        "2013-10": {
            "month": "2013-10",
            "price": "91.55",
            "revenue": 221773
        },
        "2013-11": {
            "month": "2013-11",
            "price": "89.37",
            "revenue": 215521
        },
        "2013-12": {
            "month": "2013-12",
            "price": "91.28",
            "revenue": 258180
        },
        "2014-01": {
            "month": "2014-01",
            "price": "90.73",
            "revenue": 236948
        },
        "2014-02": {
            "month": "2014-02",
            "price": "90.49",
            "revenue": 180419
        },
        "2014-03": {
            "month": "2014-03",
            "price": "99.45",
            "revenue": 222653
        },
        "2014-04": {
            "month": "2014-04",
            "price": "98.21",
            "revenue": 224380
        },
        "2014-05": {
            "month": "2014-05",
            "price": "95.48",
            "revenue": 225008
        },
        "2014-06": {
            "month": "2014-06",
            "price": "99.22",
            "revenue": 235648
        },
        "2014-07": {
            "month": "2014-07",
            "price": "98.89",
            "revenue": 225012
        },
        "2014-08": {
            "month": "2014-08",
            "price": "91.49",
            "revenue": 219341
        },
        "2014-09": {
            "month": "2014-09",
            "price": "90.98",
            "revenue": 230443
        },
        "2014-10": {
            "month": "2014-10",
            "price": "93.68",
            "revenue": 219060
        },
        "2014-11": {
            "month": "2014-11",
            "price": "93.96",
            "revenue": 210532
        },
        "2014-12": {
            "month": "2014-12",
            "price": "95.32",
            "revenue": 262395
        },
        "2015-01": {
            "month": "2015-01",
            "price": "94.20",
            "revenue": 196151
        },
        "2015-02": {
            "month": "2015-02",
            "price": "94.45",
            "revenue": 208811
        },
        "2015-03": {
            "month": "2015-03",
            "price": "94.90",
            "revenue": 224405
        },
        "2015-04": {
            "month": "2015-04",
            "price": "94.09",
            "revenue": 225286
        },
        "2015-05": {
            "month": "2015-05",
            "price": "94.62",
            "revenue": 215023
        },
        "2015-06": {
            "month": "2015-06",
            "price": "90.76",
            "revenue": 248740
        },
        "2015-07": {
            "month": "2015-07",
            "price": "89.85",
            "revenue": 221639
        },
        "2015-08": {
            "month": "2015-08",
            "price": "87.59",
            "revenue": 220076
        },
        "2015-09": {
            "month": "2015-09",
            "price": "88.57",
            "revenue": 234133
        },
        "2015-10": {
            "month": "2015-10",
            "price": "89.63",
            "revenue": 242047
        },
        "2015-11": {
            "month": "2015-11",
            "price": "92.50",
            "revenue": 223950
        },
        "2015-12": {
            "month": "2015-12",
            "price": "101.50",
            "revenue": 279655
        },
        "2016-01": {
            "month": "2016-01",
            "price": "100.45",
            "revenue": 229798
        },
        "2016-02": {
            "month": "2016-02",
            "price": "99.64",
            "revenue": 199251
        },
        "2016-03": {
            "month": "2016-03",
            "price": "101.16",
            "revenue": 256049
        },
        "2016-04": {
            "month": "2016-04",
            "price": "99.12",
            "revenue": 229713
        },
        "2016-05": {
            "month": "2016-05",
            "price": "97.30",
            "revenue": 226385
        },
        "2016-06": {
            "month": "2016-06",
            "price": "98.46",
            "revenue": 254599
        },
        "2016-07": {
            "month": "2016-07",
            "price": "93.30",
            "revenue": 221070
        },
        "2016-08": {
            "month": "2016-08",
            "price": "91.60",
            "revenue": 252218
        },
        "2016-09": {
            "month": "2016-09",
            "price": "90.34",
            "revenue": 239734
        },
        "2016-10": {
            "month": "2016-10",
            "price": "88.97",
            "revenue": 224593
        },
        "2016-11": {
            "month": "2016-11",
            "price": "88.00",
            "revenue": 227079
        },
        "2016-12": {
            "month": "2016-12",
            "price": "90.77",
            "revenue": 272139
        },
        "2017-01": {
            "month": "2017-01",
            "price": "93.50",
            "revenue": 247997
        },
        "2017-02": {
            "month": "2017-02",
            "price": "95.84",
            "revenue": 201895
        },
        "2017-03": {
            "month": "2017-03",
            "price": "99.25",
            "revenue": 259510
        },
        "2017-04": {
            "month": "2017-04",
            "price": "97.64",
            "revenue": 228198
        },
        "2017-05": {
            "month": "2017-05",
            "price": "97.64",
            "revenue": 240320
        },
        "2017-06": {
            "month": "2017-06",
            "price": "96.08",
            "revenue": 278049
        },
        "2017-07": {
            "month": "2017-07",
            "price": "92.49",
            "revenue": 226005
        },
        "2017-08": {
            "month": "2017-08",
            "price": "92.32",
            "revenue": 253987
        },
        "2017-09": {
            "month": "2017-09",
            "price": "92.97",
            "revenue": 275821
        },
        "2017-10": {
            "month": "2017-10",
            "price": "94.85",
            "revenue": 241044
        },
        "2017-11": {
            "month": "2017-11",
            "price": "96.68",
            "revenue": 249356
        },
        "2017-12": {
            "month": "2017-12",
            "price": "96.09",
            "revenue": 256698
        },
        "2018-01": {
            "month": "2018-01",
            "price": "96.35",
            "revenue": 260802
        },
        "2018-02": {
            "month": "2018-02",
            "price": "96.37",
            "revenue": 229507
        },
        "2018-03": {
            "month": "2018-03",
            "price": "100.27",
            "revenue": 280747
        },
        "2018-04": {
            "month": "2018-04",
            "price": "105.53",
            "revenue": 238631
        },
        "2018-05": {
            "month": "2018-05",
            "price": "104.50",
            "revenue": 247820
        },
        "2018-06": {
            "month": "2018-06",
            "price": "104.02",
            "revenue": 280133
        },
        "2018-07": {
            "month": "2018-07",
            "price": "100.94",
            "revenue": 246153
        },
        "2018-08": {
            "month": "2018-08",
            "price": "99.88",
            "revenue": 263144
        },
        "2018-09": {
            "month": "2018-09",
            "price": "99.68",
            "revenue": 256516
        },
        "2018-10": {
            "month": "2018-10",
            "price": "98.01",
            "revenue": 260825
        },
        "2018-11": {
            "month": "2018-11",
            "price": "97.98",
            "revenue": 251200
        },
        "2018-12": {
            "month": "2018-12",
            "price": "98.32",
            "revenue": 279676
        },
        "2019-01": {
            "month": "2019-01",
            "price": "99.07",
            "revenue": 325010
        },
        "2019-02": {
            "month": "2019-02",
            "price": "103.23",
            "revenue": 202733
        },
        "2019-03": {
            "month": "2019-03",
            "price": "105.35",
            "revenue": 278508
        },
        "2019-04": {
            "month": "2019-04",
            "price": "105.65",
            "revenue": 276252
        },
        "2019-05": {
            "month": "2019-05",
            "price": "104.09",
            "revenue": 256112
        },
        "2019-06": {
            "month": "2019-06",
            "price": "104.05",
            "revenue": 286896
        },
        "2019-07": {
            "month": "2019-07",
            "price": "106.63",
            "revenue": 254680
        },
        "2019-08": {
            "month": "2019-08",
            "price": "101.81",
            "revenue": 272059
        },
        "2019-09": {
            "month": "2019-09",
            "price": "102.84",
            "revenue": 279655
        },
        "2019-10": {
            "month": "2019-10",
            "price": "104.38",
            "revenue": 271403
        },
        "2019-11": {
            "month": "2019-11",
            "price": "105.02",
            "revenue": 244602
        },
        "2019-12": {
            "month": "2019-12",
            "price": "104.80",
            "revenue": 292813
        },
        "2020-01": {
            "month": "2020-01",
            "price": "105.40",
            "revenue": 273842
        },
        "2020-02": {
            "month": "2020-02",
            "price": "105.08",
            "revenue": 252004
        },
        "2020-03": {
            "month": "2020-03",
            "price": "102.02",
            "revenue": 299190
        },
        "2020-04": {
            "month": "2020-04",
            "price": "103.42",
            "revenue": 299556
        },
        "2020-05": {
            "month": "2020-05",
            "price": "108.05",
            "revenue": 260421
        },
        "2020-06": {
            "month": "2020-06",
            "price": "110.88",
            "revenue": 312611
        },
        "2020-07": {
            "month": "2020-07",
            "price": "109.85",
            "revenue": 286038
        },
        "2020-08": {
            "month": "2020-08",
            "price": "109.24",
            "revenue": 275527
        },
        "2020-09": {
            "month": "2020-09",
            "price": "109.93",
            "revenue": 313276
        },
        "2020-10": {
            "month": "2020-10",
            "price": "110.24",
            "revenue": 270586
        },
        "2020-11": {
            "month": "2020-11",
            "price": "118.64",
            "revenue": 264577
        },
        "2020-12": {
            "month": "2020-12",
            "price": "121.37",
            "revenue": 324340
        },
        "2021-01": {
            "month": "2021-01",
            "price": "121.88",
            "revenue": 291459
        },
        "2021-02": {
            "month": "2021-02",
            "price": "123.19",
            "revenue": 272269
        },
        "2021-03": {
            "month": "2021-03",
            "price": "129.00",
            "revenue": 318108
        },
        "2021-04": {
            "month": "2021-04",
            "price": "132.53",
            "revenue": 295989
        },
        "2021-05": {
            "month": "2021-05",
            "price": "135.83",
            "revenue": 292056
        },
        "2021-06": {
            "month": "2021-06",
            "price": "135.45",
            "revenue": 411285
        },
        "2021-07": {
            "month": "2021-07",
            "price": "138.84",
            "revenue": 275623
        },
        "2021-08": {
            "month": "2021-08",
            "price": "134.23",
            "revenue": 303266
        },
        "2021-09": {
            "month": "2021-09",
            "price": "134.48",
            "revenue": 321658
        },
        "2021-10": {
            "month": "2021-10",
            "price": "135.62",
            "revenue": 287740
        },
        "2021-11": {
            "month": "2021-11",
            "price": "138.41",
            "revenue": 291257
        },
        "2021-12": {
            "month": "2021-12",
            "price": "140.77",
            "revenue": 323296
        },
        "2022-01": {
            "month": "2022-01",
            "price": "143.25",
            "revenue": 403404
        },
        "2022-02": {
            "month": "2022-02",
            "price": "145.40",
            "revenue": 236941
        },
        "2022-03": {
            "month": "2022-03",
            "price": "146.15",
            "revenue": 341537
        },
        "2022-04": {
            "month": "2022-04",
            "price": "148.16",
            "revenue": 316201
        },
        "2022-05": {
            "month": "2022-05",
            "price": "153.69",
            "revenue": 981653
        },
        "2022-06": {
            "month": "2022-06",
            "price": "159.62",
            "revenue": 462665
        },
        "2022-07": {
            "month": "2022-07",
            "price": "153.83",
            "revenue": 317611
        },
        "2022-08": {
            "month": "2022-08",
            "price": "158.30",
            "revenue": 321888
        },
        "2022-09": {
            "month": "2022-09",
            "price": "159.71",
            "revenue": 349226
        },
        "2022-10": {
            "month": "2022-10",
            "price": "145.82",
            "revenue": 310280
        },
        "2022-11": {
            "month": "2022-11",
            "price": "140.20",
            "revenue": 305175
        },
        "2022-12": {
            "month": "2022-12",
            "price": "143.43",
            "revenue": 343106
        },
        "2023-01": {
            "month": "2023-01",
            "price": "142.62",
            "revenue": 340331
        },
        "2023-02": {
            "month": "2023-02",
            "price": "145.47",
            "revenue": 284631
        },
        "2023-03": {
            "month": "2023-03",
            "price": "144.24",
            "revenue": 348017
        },
        "2023-04": {
            "month": "2023-04",
            "price": "143.79",
            "revenue": 309609
        }
    }
}
