{
    "summary": {
        "stock_name": "神隆",
        "stock_id": "1789",
        "category": "生技醫療",
        "main_business": "原料藥、針劑製劑之研發、產銷及相關產品之諮詢及技術服務業務<br>生物技術服務<br>國際貿易業",
        "website_url": "http://www.scinopharm.com.tw",
        "ceo": "盧麗安",
        "pe_ratio": 65,
        "report_year_from": 2003,
        "report_year_to": 2023,
        "age": 20,
        "eps_negative_percentage": 0,
        "eps_growth_avg": {
            "last_all": -1.36,
            "last_2y": 21.78,
            "last_4y": 3.08,
            "last_8y": -6.58,
            "last_12y": null,
            "last_16y": null,
            "last_20y": null,
            "at_2006_last_3y": null,
            "at_2007_last_3y": null,
            "at_2008_last_3y": null,
            "at_2009_last_3y": null,
            "at_2010_last_3y": null,
            "at_2011_last_3y": null,
            "at_2012_last_3y": null,
            "at_2013_last_3y": null,
            "at_2014_last_3y": null,
            "at_2015_last_3y": 1.96,
            "at_2016_last_3y": -7.58,
            "at_2017_last_3y": -18.65,
            "at_2018_last_3y": -2.31,
            "at_2019_last_3y": -22.04,
            "at_2020_last_3y": -14.64,
            "at_2021_last_3y": -8.66,
            "at_2022_last_3y": 3.39,
            "at_2023_last_3y": 3.39,
            "at_2006_last_all": null,
            "at_2007_last_all": null,
            "at_2008_last_all": null,
            "at_2009_last_all": null,
            "at_2010_last_all": null,
            "at_2011_last_all": null,
            "at_2012_last_all": null,
            "at_2013_last_all": 22.12,
            "at_2014_last_all": -6.43,
            "at_2015_last_all": 1.96,
            "at_2016_last_all": 1.57,
            "at_2017_last_all": -5.06,
            "at_2018_last_all": -4.08,
            "at_2019_last_all": -10.04,
            "at_2020_last_all": -5.63,
            "at_2021_last_all": -6.5,
            "at_2022_last_all": -1.36,
            "at_2023_last_all": -1.36
        },
        "latest_eps": 0.4,
        "latest_price": 26,
        "latest_roe": 3.01,
        "latest_gross_margin": 37.61,
        "latest_equity": 10458283,
        "latest_revenue": 648430,
        "latest_gross_profit": 243892,
        "latest_net_income": 42011,
        "latest_debt_ratio": 12.64,
        "latest_current_ratio": 735.29,
        "latest_account_receivable_turnover_ratio": 1.25,
        "latest_inventory_turnover_ratio": 0.31,
        "latest_reinvestment_rate": -89.21,
        "latest_research_to_sale_ratio": 11.76
    },
    "eps_dividends": {
        "2001": {
            "cash": 0,
            "stock": 0,
            "eps": 0
        },
        "2002": {
            "cash": 0,
            "stock": 0,
            "eps": 0
        },
        "2003": {
            "cash": 0,
            "stock": 0,
            "eps": 0
        },
        "2004": {
            "cash": 0,
            "stock": 0,
            "eps": 0
        },
        "2005": {
            "cash": 0,
            "stock": 0,
            "eps": 0
        },
        "2006": {
            "cash": 0,
            "stock": 0,
            "eps": 0
        },
        "2007": {
            "cash": 0,
            "stock": 0,
            "eps": 0
        },
        "2008": {
            "cash": 0,
            "stock": 0,
            "eps": 0
        },
        "2009": {
            "cash": 0,
            "stock": 0,
            "eps": 0
        },
        "2010": {
            "cash": 0,
            "stock": 0,
            "eps": 0
        },
        "2011": {
            "cash": 1,
            "stock": 0,
            "eps": 1.31
        },
        "2012": {
            "cash": 0,
            "stock": 0,
            "eps": 1.81
        },
        "2013": {
            "cash": 1,
            "stock": 0,
            "eps": 1.92
        },
        "2014": {
            "cash": 1,
            "stock": 0,
            "eps": 0.7
        },
        "2015": {
            "cash": 0,
            "stock": 0,
            "eps": 0.89
        },
        "2016": {
            "cash": 0,
            "stock": 0,
            "eps": 0.89
        },
        "2017": {
            "cash": 0,
            "stock": 0,
            "eps": 0.55
        },
        "2018": {
            "cash": 0,
            "stock": 0,
            "eps": 0.56
        },
        "2019": {
            "cash": 0,
            "stock": 0,
            "eps": 0.27
        },
        "2020": {
            "cash": 0,
            "stock": 0,
            "eps": 0.35
        },
        "2021": {
            "cash": 1,
            "stock": 0,
            "eps": 0.3
        },
        "2022": {
            "cash": 0,
            "stock": 0,
            "eps": 0.45
        },
        "2023": {
            "cash": 0,
            "stock": 0,
            "eps": 0.05
        }
    },
    "dividends": {
        "2011-01-01": {
            "cash": 1,
            "stock": 0.3
        },
        "2011-03-30": {
            "cash": 0.1,
            "stock": 0
        },
        "2013-03-22": {
            "cash": 1.2,
            "stock": 0.4
        },
        "2014-09-17": {
            "cash": 1.2,
            "stock": 0.4
        },
        "2015-09-11": {
            "cash": 0.2,
            "stock": 0.4
        },
        "2016-09-14": {
            "cash": 0.3,
            "stock": 0.4
        },
        "2017-09-15": {
            "cash": 0.3,
            "stock": 0.4
        },
        "2018-08-21": {
            "cash": 0.48,
            "stock": 0
        },
        "2019-08-20": {
            "cash": 0.49,
            "stock": 0
        },
        "2020-08-19": {
            "cash": 0.27,
            "stock": 0
        },
        "2021-09-23": {
            "cash": 0.5,
            "stock": 0
        },
        "2022-08-02": {
            "cash": 0.48,
            "stock": 0
        },
        "2023-02-24": {
            "cash": 0.36,
            "stock": 0
        }
    },
    "prices": {
        "200101": "無",
        "200102": "無",
        "200103": "無",
        "200104": "無",
        "200105": "無",
        "200106": "無",
        "200107": "無",
        "200108": "無",
        "200109": "無",
        "200110": "無",
        "200111": "無",
        "200112": "無",
        "200201": "無",
        "200202": "無",
        "200203": "無",
        "200204": "無",
        "200205": "無",
        "200206": "無",
        "200207": "無",
        "200208": "無",
        "200209": "無",
        "200210": "無",
        "200211": "無",
        "200212": "無",
        "200301": "無",
        "200302": "無",
        "200303": "無",
        "200304": "無",
        "200305": "無",
        "200306": "無",
        "200307": "無",
        "200308": "無",
        "200309": "無",
        "200310": "無",
        "200311": "無",
        "200312": "無",
        "200401": "無",
        "200402": "無",
        "200403": "無",
        "200404": "無",
        "200405": "無",
        "200406": "無",
        "200407": "無",
        "200408": "無",
        "200409": "無",
        "200410": "無",
        "200411": "無",
        "200412": "無",
        "200501": "無",
        "200502": "無",
        "200503": "無",
        "200504": "無",
        "200505": "無",
        "200506": "無",
        "200507": "無",
        "200508": "無",
        "200509": "無",
        "200510": "無",
        "200511": "無",
        "200512": "無",
        "200601": "無",
        "200602": "無",
        "200603": "無",
        "200604": "無",
        "200605": "無",
        "200606": "無",
        "200607": "無",
        "200608": "無",
        "200609": "無",
        "200610": "無",
        "200611": "無",
        "200612": "無",
        "200701": "無",
        "200702": "無",
        "200703": "無",
        "200704": "無",
        "200705": "無",
        "200706": "無",
        "200707": "無",
        "200708": "無",
        "200709": "無",
        "200710": "無",
        "200711": "無",
        "200712": "無",
        "200801": "無",
        "200802": "無",
        "200803": "無",
        "200804": "無",
        "200805": "無",
        "200806": "無",
        "200807": "無",
        "200808": "無",
        "200809": "無",
        "200810": "無",
        "200811": "無",
        "200812": "無",
        "200901": "無",
        "200902": "無",
        "200903": "無",
        "200904": "無",
        "200905": "無",
        "200906": "無",
        "200907": "無",
        "200908": "無",
        "200909": "無",
        "200910": "無",
        "200911": "無",
        "200912": "無",
        "201001": "無",
        "201002": "無",
        "201003": "無",
        "201004": "無",
        "201005": "無",
        "201006": "無",
        "201007": "無",
        "201008": "無",
        "201009": "無",
        "201010": "55.37",
        "201011": "50.18",
        "201012": "53.93",
        "201101": "55.24",
        "201102": "55.67",
        "201103": "54.67",
        "201104": "53.35",
        "201105": "53.48",
        "201106": "59.06",
        "201107": "66.01",
        "201108": "63.45",
        "201109": "44.82",
        "201110": "42.16",
        "201111": "45.01",
        "201112": "41.91",
        "201201": "42.61",
        "201202": "51.17",
        "201203": "57.04",
        "201204": "52.49",
        "201205": "52.19",
        "201206": "51.99",
        "201207": "57.02",
        "201208": "60.10",
        "201209": "59.72",
        "201210": "58.95",
        "201211": "59.30",
        "201212": "66.15",
        "201301": "68.84",
        "201302": "71.52",
        "201303": "72.02",
        "201304": "69.75",
        "201305": "70.65",
        "201306": "69.98",
        "201307": "74.17",
        "201308": "83.78",
        "201309": "87.85",
        "201310": "92.31",
        "201311": "91.82",
        "201312": "88.73",
        "201401": "87.18",
        "201402": "85.79",
        "201403": "82.85",
        "201404": "83.11",
        "201405": "75.76",
        "201406": "73.14",
        "201407": "72.93",
        "201408": "62.63",
        "201409": "60.97",
        "201410": "59.86",
        "201411": "59.34",
        "201412": "57.43",
        "201501": "53.24",
        "201502": "49.14",
        "201503": "48.96",
        "201504": "51.05",
        "201505": "45.52",
        "201506": "36.84",
        "201507": "35.11",
        "201508": "33.74",
        "201509": "38.54",
        "201510": "38.92",
        "201511": "50.16",
        "201512": "54.98",
        "201601": "49.21",
        "201602": "53.05",
        "201603": "51.93",
        "201604": "45.83",
        "201605": "43.29",
        "201606": "43.44",
        "201607": "44.68",
        "201608": "42.21",
        "201609": "41.73",
        "201610": "41.42",
        "201611": "38.78",
        "201612": "38.63",
        "201701": "38.70",
        "201702": "41.57",
        "201703": "44.24",
        "201704": "41.52",
        "201705": "40.80",
        "201706": "42.07",
        "201707": "40.69",
        "201708": "36.40",
        "201709": "34.08",
        "201710": "33.51",
        "201711": "35.09",
        "201712": "35.23",
        "201801": "35.50",
        "201802": "32.63",
        "201803": "32.70",
        "201804": "33.25",
        "201805": "32.32",
        "201806": "33.07",
        "201807": "32.13",
        "201808": "31.70",
        "201809": "30.42",
        "201810": "26.00",
        "201811": "24.81",
        "201812": "25.02",
        "201901": "26.63",
        "201902": "27.32",
        "201903": "26.64",
        "201904": "26.17",
        "201905": "24.77",
        "201906": "24.80",
        "201907": "25.66",
        "201908": "23.42",
        "201909": "23.89",
        "201910": "23.45",
        "201911": "25.54",
        "201912": "26.80",
        "202001": "26.33",
        "202002": "27.96",
        "202003": "27.91",
        "202004": "28.72",
        "202005": "31.60",
        "202006": "33.95",
        "202007": "34.13",
        "202008": "32.58",
        "202009": "31.83",
        "202010": "29.88",
        "202011": "28.86",
        "202012": "28.57",
        "202101": "26.27",
        "202102": "25.45",
        "202103": "25.56",
        "202104": "27.31",
        "202105": "26.81",
        "202106": "26.83",
        "202107": "25.88",
        "202108": "24.94",
        "202109": "24.84",
        "202110": "24.29",
        "202111": "24.50",
        "202112": "24.34",
        "202201": "23.98",
        "202202": "23.65",
        "202203": "23.30",
        "202204": "25.01",
        "202205": "23.10",
        "202206": "24.46",
        "202207": "25.36",
        "202208": "26.38",
        "202209": "26.30",
        "202210": "23.99",
        "202211": "24.12",
        "202212": "25.66",
        "202301": "25.41",
        "202302": "26.23",
        "202303": "26.05",
        "202304": "27.04",
        "202305": "27.01"
    },
    "quarters": {
        "20011": {
            "year_quarter": 20011,
            "year": 2001,
            "quarter": 1,
            "eps": null,
            "eps_growth_year": null,
            "eps_4q": null,
            "eps_4q_growth_year": null,
            "roe": null,
            "roe_4q": 0,
            "gross_profit": null,
            "gross_margin": null,
            "gross_margin_4q_avg": 0,
            "net_income": null,
            "revenue": null,
            "common_shares": null,
            "book_valuer_per_share": null,
            "book_valuer_per_share_4q_avg": 0,
            "equity": null,
            "current_ratio": null,
            "debt_ratio": null,
            "inventory_turnover_ratio": null,
            "account_receivable_turnover_ratio": null,
            "reinvestment_rate": null,
            "research_to_sale_ratio": null,
            "price_fair": 0,
            "eps_avg_yearly": 0,
            "eps_latest_yearly": 0,
            "eps_growth_yearly": 0
        },
        "20012": {
            "year_quarter": 20012,
            "year": 2001,
            "quarter": 2,
            "eps": null,
            "eps_growth_year": null,
            "eps_4q": null,
            "eps_4q_growth_year": null,
            "roe": null,
            "roe_4q": 0,
            "gross_profit": null,
            "gross_margin": null,
            "gross_margin_4q_avg": 0,
            "net_income": null,
            "revenue": null,
            "common_shares": null,
            "book_valuer_per_share": null,
            "book_valuer_per_share_4q_avg": 0,
            "equity": null,
            "current_ratio": null,
            "debt_ratio": null,
            "inventory_turnover_ratio": null,
            "account_receivable_turnover_ratio": null,
            "reinvestment_rate": null,
            "research_to_sale_ratio": null,
            "price_fair": 0,
            "eps_avg_yearly": 0,
            "eps_latest_yearly": 0,
            "eps_growth_yearly": 0
        },
        "20013": {
            "year_quarter": 20013,
            "year": 2001,
            "quarter": 3,
            "eps": null,
            "eps_growth_year": null,
            "eps_4q": null,
            "eps_4q_growth_year": null,
            "roe": null,
            "roe_4q": 0,
            "gross_profit": null,
            "gross_margin": null,
            "gross_margin_4q_avg": 0,
            "net_income": null,
            "revenue": null,
            "common_shares": null,
            "book_valuer_per_share": null,
            "book_valuer_per_share_4q_avg": 0,
            "equity": null,
            "current_ratio": null,
            "debt_ratio": null,
            "inventory_turnover_ratio": null,
            "account_receivable_turnover_ratio": null,
            "reinvestment_rate": null,
            "research_to_sale_ratio": null,
            "price_fair": 0,
            "eps_avg_yearly": 0,
            "eps_latest_yearly": 0,
            "eps_growth_yearly": 0
        },
        "20014": {
            "year_quarter": 20014,
            "year": 2001,
            "quarter": 4,
            "eps": null,
            "eps_growth_year": null,
            "eps_4q": null,
            "eps_4q_growth_year": null,
            "roe": null,
            "roe_4q": 0,
            "gross_profit": null,
            "gross_margin": null,
            "gross_margin_4q_avg": 0,
            "net_income": null,
            "revenue": null,
            "common_shares": 2700000,
            "book_valuer_per_share": 4.09,
            "book_valuer_per_share_4q_avg": 1.02,
            "equity": 1104456,
            "current_ratio": 62.58,
            "debt_ratio": 75.68,
            "inventory_turnover_ratio": null,
            "account_receivable_turnover_ratio": null,
            "reinvestment_rate": null,
            "research_to_sale_ratio": null,
            "price_fair": 0,
            "eps_avg_yearly": 0,
            "eps_latest_yearly": 0,
            "eps_growth_yearly": 0
        },
        "20021": {
            "year_quarter": 20021,
            "year": 2002,
            "quarter": 1,
            "eps": null,
            "eps_growth_year": null,
            "eps_4q": null,
            "eps_4q_growth_year": null,
            "roe": null,
            "roe_4q": 0,
            "gross_profit": null,
            "gross_margin": null,
            "gross_margin_4q_avg": 0,
            "net_income": null,
            "revenue": null,
            "common_shares": null,
            "book_valuer_per_share": null,
            "book_valuer_per_share_4q_avg": 1.02,
            "equity": null,
            "current_ratio": null,
            "debt_ratio": null,
            "inventory_turnover_ratio": null,
            "account_receivable_turnover_ratio": null,
            "reinvestment_rate": null,
            "research_to_sale_ratio": null,
            "price_fair": 0,
            "eps_avg_yearly": 0,
            "eps_latest_yearly": 0,
            "eps_growth_yearly": 0
        },
        "20022": {
            "year_quarter": 20022,
            "year": 2002,
            "quarter": 2,
            "eps": null,
            "eps_growth_year": null,
            "eps_4q": null,
            "eps_4q_growth_year": null,
            "roe": null,
            "roe_4q": 0,
            "gross_profit": null,
            "gross_margin": null,
            "gross_margin_4q_avg": 0,
            "net_income": null,
            "revenue": null,
            "common_shares": null,
            "book_valuer_per_share": null,
            "book_valuer_per_share_4q_avg": 1.02,
            "equity": null,
            "current_ratio": null,
            "debt_ratio": null,
            "inventory_turnover_ratio": null,
            "account_receivable_turnover_ratio": null,
            "reinvestment_rate": null,
            "research_to_sale_ratio": null,
            "price_fair": 0,
            "eps_avg_yearly": 0,
            "eps_latest_yearly": 0,
            "eps_growth_yearly": 0
        },
        "20023": {
            "year_quarter": 20023,
            "year": 2002,
            "quarter": 3,
            "eps": null,
            "eps_growth_year": null,
            "eps_4q": null,
            "eps_4q_growth_year": null,
            "roe": null,
            "roe_4q": 0,
            "gross_profit": null,
            "gross_margin": null,
            "gross_margin_4q_avg": 0,
            "net_income": null,
            "revenue": null,
            "common_shares": null,
            "book_valuer_per_share": null,
            "book_valuer_per_share_4q_avg": 1.02,
            "equity": null,
            "current_ratio": null,
            "debt_ratio": null,
            "inventory_turnover_ratio": null,
            "account_receivable_turnover_ratio": null,
            "reinvestment_rate": null,
            "research_to_sale_ratio": null,
            "price_fair": 0,
            "eps_avg_yearly": 0,
            "eps_latest_yearly": 0,
            "eps_growth_yearly": 0
        },
        "20024": {
            "year_quarter": 20024,
            "year": 2002,
            "quarter": 4,
            "eps": null,
            "eps_growth_year": null,
            "eps_4q": null,
            "eps_4q_growth_year": null,
            "roe": null,
            "roe_4q": 0,
            "gross_profit": null,
            "gross_margin": null,
            "gross_margin_4q_avg": 0,
            "net_income": null,
            "revenue": null,
            "common_shares": 3700000,
            "book_valuer_per_share": 4.16,
            "book_valuer_per_share_4q_avg": 1.04,
            "equity": 1540337,
            "current_ratio": 206.21,
            "debt_ratio": 68.16,
            "inventory_turnover_ratio": null,
            "account_receivable_turnover_ratio": null,
            "reinvestment_rate": null,
            "research_to_sale_ratio": null,
            "price_fair": 0,
            "eps_avg_yearly": 0,
            "eps_latest_yearly": 0,
            "eps_growth_yearly": 0
        },
        "20031": {
            "year_quarter": 20031,
            "year": 2003,
            "quarter": 1,
            "eps": null,
            "eps_growth_year": null,
            "eps_4q": null,
            "eps_4q_growth_year": null,
            "roe": null,
            "roe_4q": 0,
            "gross_profit": null,
            "gross_margin": null,
            "gross_margin_4q_avg": 0,
            "net_income": null,
            "revenue": null,
            "common_shares": null,
            "book_valuer_per_share": null,
            "book_valuer_per_share_4q_avg": 1.04,
            "equity": null,
            "current_ratio": null,
            "debt_ratio": null,
            "inventory_turnover_ratio": null,
            "account_receivable_turnover_ratio": null,
            "reinvestment_rate": null,
            "research_to_sale_ratio": null,
            "price_fair": 0,
            "eps_avg_yearly": 0,
            "eps_latest_yearly": 0,
            "eps_growth_yearly": 0
        },
        "20032": {
            "year_quarter": 20032,
            "year": 2003,
            "quarter": 2,
            "eps": null,
            "eps_growth_year": null,
            "eps_4q": null,
            "eps_4q_growth_year": null,
            "roe": null,
            "roe_4q": 0,
            "gross_profit": null,
            "gross_margin": null,
            "gross_margin_4q_avg": 0,
            "net_income": null,
            "revenue": null,
            "common_shares": null,
            "book_valuer_per_share": null,
            "book_valuer_per_share_4q_avg": 1.04,
            "equity": null,
            "current_ratio": null,
            "debt_ratio": null,
            "inventory_turnover_ratio": null,
            "account_receivable_turnover_ratio": null,
            "reinvestment_rate": null,
            "research_to_sale_ratio": null,
            "price_fair": 0,
            "eps_avg_yearly": 0,
            "eps_latest_yearly": 0,
            "eps_growth_yearly": 0
        },
        "20033": {
            "year_quarter": 20033,
            "year": 2003,
            "quarter": 3,
            "eps": null,
            "eps_growth_year": null,
            "eps_4q": null,
            "eps_4q_growth_year": null,
            "roe": null,
            "roe_4q": 0,
            "gross_profit": null,
            "gross_margin": null,
            "gross_margin_4q_avg": 0,
            "net_income": null,
            "revenue": null,
            "common_shares": null,
            "book_valuer_per_share": null,
            "book_valuer_per_share_4q_avg": 1.04,
            "equity": null,
            "current_ratio": null,
            "debt_ratio": null,
            "inventory_turnover_ratio": null,
            "account_receivable_turnover_ratio": null,
            "reinvestment_rate": null,
            "research_to_sale_ratio": null,
            "price_fair": 0,
            "eps_avg_yearly": 0,
            "eps_latest_yearly": 0,
            "eps_growth_yearly": 0
        },
        "20034": {
            "year_quarter": 20034,
            "year": 2003,
            "quarter": 4,
            "eps": null,
            "eps_growth_year": null,
            "eps_4q": null,
            "eps_4q_growth_year": null,
            "roe": null,
            "roe_4q": 0,
            "gross_profit": null,
            "gross_margin": null,
            "gross_margin_4q_avg": 0,
            "net_income": null,
            "revenue": null,
            "common_shares": 4200000,
            "book_valuer_per_share": 3.2,
            "book_valuer_per_share_4q_avg": 0.8,
            "equity": 1344930,
            "current_ratio": 134.91,
            "debt_ratio": 72.47,
            "inventory_turnover_ratio": null,
            "account_receivable_turnover_ratio": null,
            "reinvestment_rate": null,
            "research_to_sale_ratio": null,
            "price_fair": 0,
            "eps_avg_yearly": 0,
            "eps_latest_yearly": 0,
            "eps_growth_yearly": 0
        },
        "20041": {
            "year_quarter": 20041,
            "year": 2004,
            "quarter": 1,
            "eps": null,
            "eps_growth_year": null,
            "eps_4q": null,
            "eps_4q_growth_year": null,
            "roe": null,
            "roe_4q": 0,
            "gross_profit": null,
            "gross_margin": null,
            "gross_margin_4q_avg": 0,
            "net_income": null,
            "revenue": null,
            "common_shares": null,
            "book_valuer_per_share": null,
            "book_valuer_per_share_4q_avg": 0.8,
            "equity": null,
            "current_ratio": null,
            "debt_ratio": null,
            "inventory_turnover_ratio": null,
            "account_receivable_turnover_ratio": null,
            "reinvestment_rate": null,
            "research_to_sale_ratio": null,
            "price_fair": 0,
            "eps_avg_yearly": 0,
            "eps_latest_yearly": 0,
            "eps_growth_yearly": 0
        },
        "20042": {
            "year_quarter": 20042,
            "year": 2004,
            "quarter": 2,
            "eps": null,
            "eps_growth_year": null,
            "eps_4q": null,
            "eps_4q_growth_year": null,
            "roe": null,
            "roe_4q": 0,
            "gross_profit": null,
            "gross_margin": null,
            "gross_margin_4q_avg": 0,
            "net_income": null,
            "revenue": null,
            "common_shares": null,
            "book_valuer_per_share": null,
            "book_valuer_per_share_4q_avg": 0.8,
            "equity": null,
            "current_ratio": null,
            "debt_ratio": null,
            "inventory_turnover_ratio": null,
            "account_receivable_turnover_ratio": null,
            "reinvestment_rate": null,
            "research_to_sale_ratio": null,
            "price_fair": 0,
            "eps_avg_yearly": 0,
            "eps_latest_yearly": 0,
            "eps_growth_yearly": 0
        },
        "20043": {
            "year_quarter": 20043,
            "year": 2004,
            "quarter": 3,
            "eps": null,
            "eps_growth_year": null,
            "eps_4q": null,
            "eps_4q_growth_year": null,
            "roe": null,
            "roe_4q": 0,
            "gross_profit": null,
            "gross_margin": null,
            "gross_margin_4q_avg": 0,
            "net_income": null,
            "revenue": null,
            "common_shares": null,
            "book_valuer_per_share": null,
            "book_valuer_per_share_4q_avg": 0.8,
            "equity": null,
            "current_ratio": null,
            "debt_ratio": null,
            "inventory_turnover_ratio": null,
            "account_receivable_turnover_ratio": null,
            "reinvestment_rate": null,
            "research_to_sale_ratio": null,
            "price_fair": 0,
            "eps_avg_yearly": 0,
            "eps_latest_yearly": 0,
            "eps_growth_yearly": 0
        },
        "20044": {
            "year_quarter": 20044,
            "year": 2004,
            "quarter": 4,
            "eps": null,
            "eps_growth_year": null,
            "eps_4q": null,
            "eps_4q_growth_year": null,
            "roe": null,
            "roe_4q": 0,
            "gross_profit": null,
            "gross_margin": null,
            "gross_margin_4q_avg": 0,
            "net_income": null,
            "revenue": null,
            "common_shares": null,
            "book_valuer_per_share": null,
            "book_valuer_per_share_4q_avg": 0,
            "equity": null,
            "current_ratio": null,
            "debt_ratio": null,
            "inventory_turnover_ratio": null,
            "account_receivable_turnover_ratio": null,
            "reinvestment_rate": null,
            "research_to_sale_ratio": null,
            "price_fair": 0,
            "eps_avg_yearly": 0,
            "eps_latest_yearly": 0,
            "eps_growth_yearly": 0
        },
        "20051": {
            "year_quarter": 20051,
            "year": 2005,
            "quarter": 1,
            "eps": null,
            "eps_growth_year": null,
            "eps_4q": null,
            "eps_4q_growth_year": null,
            "roe": null,
            "roe_4q": 0,
            "gross_profit": null,
            "gross_margin": null,
            "gross_margin_4q_avg": 0,
            "net_income": null,
            "revenue": null,
            "common_shares": null,
            "book_valuer_per_share": null,
            "book_valuer_per_share_4q_avg": 0,
            "equity": null,
            "current_ratio": null,
            "debt_ratio": null,
            "inventory_turnover_ratio": null,
            "account_receivable_turnover_ratio": null,
            "reinvestment_rate": null,
            "research_to_sale_ratio": null,
            "price_fair": 0,
            "eps_avg_yearly": 0,
            "eps_latest_yearly": 0,
            "eps_growth_yearly": 0
        },
        "20052": {
            "year_quarter": 20052,
            "year": 2005,
            "quarter": 2,
            "eps": null,
            "eps_growth_year": null,
            "eps_4q": null,
            "eps_4q_growth_year": null,
            "roe": null,
            "roe_4q": 0,
            "gross_profit": null,
            "gross_margin": null,
            "gross_margin_4q_avg": 0,
            "net_income": null,
            "revenue": null,
            "common_shares": null,
            "book_valuer_per_share": null,
            "book_valuer_per_share_4q_avg": 0,
            "equity": null,
            "current_ratio": null,
            "debt_ratio": null,
            "inventory_turnover_ratio": null,
            "account_receivable_turnover_ratio": null,
            "reinvestment_rate": null,
            "research_to_sale_ratio": null,
            "price_fair": 0,
            "eps_avg_yearly": 0,
            "eps_latest_yearly": 0,
            "eps_growth_yearly": 0
        },
        "20053": {
            "year_quarter": 20053,
            "year": 2005,
            "quarter": 3,
            "eps": null,
            "eps_growth_year": null,
            "eps_4q": null,
            "eps_4q_growth_year": null,
            "roe": null,
            "roe_4q": 0,
            "gross_profit": null,
            "gross_margin": null,
            "gross_margin_4q_avg": 0,
            "net_income": null,
            "revenue": null,
            "common_shares": null,
            "book_valuer_per_share": null,
            "book_valuer_per_share_4q_avg": 0,
            "equity": null,
            "current_ratio": null,
            "debt_ratio": null,
            "inventory_turnover_ratio": null,
            "account_receivable_turnover_ratio": null,
            "reinvestment_rate": null,
            "research_to_sale_ratio": null,
            "price_fair": 0,
            "eps_avg_yearly": 0,
            "eps_latest_yearly": 0,
            "eps_growth_yearly": 0
        },
        "20054": {
            "year_quarter": 20054,
            "year": 2005,
            "quarter": 4,
            "eps": null,
            "eps_growth_year": null,
            "eps_4q": null,
            "eps_4q_growth_year": null,
            "roe": null,
            "roe_4q": 0,
            "gross_profit": null,
            "gross_margin": null,
            "gross_margin_4q_avg": 0,
            "net_income": null,
            "revenue": null,
            "common_shares": 5510000,
            "book_valuer_per_share": 3.23,
            "book_valuer_per_share_4q_avg": 0.81,
            "equity": 1778487,
            "current_ratio": 314.41,
            "debt_ratio": 65.02,
            "inventory_turnover_ratio": null,
            "account_receivable_turnover_ratio": null,
            "reinvestment_rate": null,
            "research_to_sale_ratio": null,
            "price_fair": 0,
            "eps_avg_yearly": 0,
            "eps_latest_yearly": 0,
            "eps_growth_yearly": 0
        },
        "20061": {
            "year_quarter": 20061,
            "year": 2006,
            "quarter": 1,
            "eps": null,
            "eps_growth_year": null,
            "eps_4q": null,
            "eps_4q_growth_year": null,
            "roe": null,
            "roe_4q": 0,
            "gross_profit": null,
            "gross_margin": null,
            "gross_margin_4q_avg": 0,
            "net_income": null,
            "revenue": null,
            "common_shares": null,
            "book_valuer_per_share": null,
            "book_valuer_per_share_4q_avg": 0.81,
            "equity": null,
            "current_ratio": null,
            "debt_ratio": null,
            "inventory_turnover_ratio": null,
            "account_receivable_turnover_ratio": null,
            "reinvestment_rate": null,
            "research_to_sale_ratio": null,
            "price_fair": 0,
            "eps_avg_yearly": 0,
            "eps_latest_yearly": 0,
            "eps_growth_yearly": 0
        },
        "20062": {
            "year_quarter": 20062,
            "year": 2006,
            "quarter": 2,
            "eps": null,
            "eps_growth_year": null,
            "eps_4q": null,
            "eps_4q_growth_year": null,
            "roe": null,
            "roe_4q": 0,
            "gross_profit": null,
            "gross_margin": null,
            "gross_margin_4q_avg": 0,
            "net_income": null,
            "revenue": null,
            "common_shares": null,
            "book_valuer_per_share": null,
            "book_valuer_per_share_4q_avg": 0.81,
            "equity": null,
            "current_ratio": null,
            "debt_ratio": null,
            "inventory_turnover_ratio": null,
            "account_receivable_turnover_ratio": null,
            "reinvestment_rate": null,
            "research_to_sale_ratio": null,
            "price_fair": 0,
            "eps_avg_yearly": 0,
            "eps_latest_yearly": 0,
            "eps_growth_yearly": 0
        },
        "20063": {
            "year_quarter": 20063,
            "year": 2006,
            "quarter": 3,
            "eps": null,
            "eps_growth_year": null,
            "eps_4q": null,
            "eps_4q_growth_year": null,
            "roe": null,
            "roe_4q": 0,
            "gross_profit": null,
            "gross_margin": null,
            "gross_margin_4q_avg": 0,
            "net_income": null,
            "revenue": null,
            "common_shares": null,
            "book_valuer_per_share": null,
            "book_valuer_per_share_4q_avg": 0.81,
            "equity": null,
            "current_ratio": null,
            "debt_ratio": null,
            "inventory_turnover_ratio": null,
            "account_receivable_turnover_ratio": null,
            "reinvestment_rate": null,
            "research_to_sale_ratio": null,
            "price_fair": 0,
            "eps_avg_yearly": 0,
            "eps_latest_yearly": 0,
            "eps_growth_yearly": 0
        },
        "20064": {
            "year_quarter": 20064,
            "year": 2006,
            "quarter": 4,
            "eps": null,
            "eps_growth_year": null,
            "eps_4q": null,
            "eps_4q_growth_year": null,
            "roe": null,
            "roe_4q": 0,
            "gross_profit": null,
            "gross_margin": null,
            "gross_margin_4q_avg": 0,
            "net_income": null,
            "revenue": null,
            "common_shares": 5510000,
            "book_valuer_per_share": 3.49,
            "book_valuer_per_share_4q_avg": 0.87,
            "equity": 1923971,
            "current_ratio": 323.31,
            "debt_ratio": 62.28,
            "inventory_turnover_ratio": null,
            "account_receivable_turnover_ratio": null,
            "reinvestment_rate": null,
            "research_to_sale_ratio": null,
            "price_fair": 0,
            "eps_avg_yearly": 0,
            "eps_latest_yearly": 0,
            "eps_growth_yearly": 0
        },
        "20071": {
            "year_quarter": 20071,
            "year": 2007,
            "quarter": 1,
            "eps": null,
            "eps_growth_year": null,
            "eps_4q": null,
            "eps_4q_growth_year": null,
            "roe": null,
            "roe_4q": 0,
            "gross_profit": null,
            "gross_margin": null,
            "gross_margin_4q_avg": 0,
            "net_income": null,
            "revenue": null,
            "common_shares": null,
            "book_valuer_per_share": null,
            "book_valuer_per_share_4q_avg": 0.87,
            "equity": null,
            "current_ratio": null,
            "debt_ratio": null,
            "inventory_turnover_ratio": null,
            "account_receivable_turnover_ratio": null,
            "reinvestment_rate": null,
            "research_to_sale_ratio": null,
            "price_fair": 0,
            "eps_avg_yearly": 0,
            "eps_latest_yearly": 0,
            "eps_growth_yearly": 0
        },
        "20072": {
            "year_quarter": 20072,
            "year": 2007,
            "quarter": 2,
            "eps": null,
            "eps_growth_year": null,
            "eps_4q": null,
            "eps_4q_growth_year": null,
            "roe": null,
            "roe_4q": 0,
            "gross_profit": null,
            "gross_margin": null,
            "gross_margin_4q_avg": 0,
            "net_income": null,
            "revenue": null,
            "common_shares": null,
            "book_valuer_per_share": null,
            "book_valuer_per_share_4q_avg": 0.87,
            "equity": null,
            "current_ratio": null,
            "debt_ratio": null,
            "inventory_turnover_ratio": null,
            "account_receivable_turnover_ratio": null,
            "reinvestment_rate": null,
            "research_to_sale_ratio": null,
            "price_fair": 0,
            "eps_avg_yearly": 0,
            "eps_latest_yearly": 0,
            "eps_growth_yearly": 0
        },
        "20073": {
            "year_quarter": 20073,
            "year": 2007,
            "quarter": 3,
            "eps": null,
            "eps_growth_year": null,
            "eps_4q": null,
            "eps_4q_growth_year": null,
            "roe": null,
            "roe_4q": 0,
            "gross_profit": null,
            "gross_margin": null,
            "gross_margin_4q_avg": 0,
            "net_income": null,
            "revenue": null,
            "common_shares": null,
            "book_valuer_per_share": null,
            "book_valuer_per_share_4q_avg": 0.87,
            "equity": null,
            "current_ratio": null,
            "debt_ratio": null,
            "inventory_turnover_ratio": null,
            "account_receivable_turnover_ratio": null,
            "reinvestment_rate": null,
            "research_to_sale_ratio": null,
            "price_fair": 0,
            "eps_avg_yearly": 0,
            "eps_latest_yearly": 0,
            "eps_growth_yearly": 0
        },
        "20074": {
            "year_quarter": 20074,
            "year": 2007,
            "quarter": 4,
            "eps": null,
            "eps_growth_year": null,
            "eps_4q": null,
            "eps_4q_growth_year": null,
            "roe": null,
            "roe_4q": 0,
            "gross_profit": null,
            "gross_margin": null,
            "gross_margin_4q_avg": 0,
            "net_income": null,
            "revenue": null,
            "common_shares": 5510000,
            "book_valuer_per_share": 4.6,
            "book_valuer_per_share_4q_avg": 1.15,
            "equity": 2533487,
            "current_ratio": 642.03,
            "debt_ratio": 55.05,
            "inventory_turnover_ratio": null,
            "account_receivable_turnover_ratio": null,
            "reinvestment_rate": null,
            "research_to_sale_ratio": null,
            "price_fair": 0,
            "eps_avg_yearly": 0,
            "eps_latest_yearly": 0,
            "eps_growth_yearly": 0
        },
        "20081": {
            "year_quarter": 20081,
            "year": 2008,
            "quarter": 1,
            "eps": null,
            "eps_growth_year": null,
            "eps_4q": null,
            "eps_4q_growth_year": null,
            "roe": null,
            "roe_4q": 0,
            "gross_profit": null,
            "gross_margin": null,
            "gross_margin_4q_avg": 0,
            "net_income": null,
            "revenue": null,
            "common_shares": null,
            "book_valuer_per_share": null,
            "book_valuer_per_share_4q_avg": 1.15,
            "equity": null,
            "current_ratio": null,
            "debt_ratio": null,
            "inventory_turnover_ratio": null,
            "account_receivable_turnover_ratio": null,
            "reinvestment_rate": null,
            "research_to_sale_ratio": null,
            "price_fair": 0,
            "eps_avg_yearly": 0,
            "eps_latest_yearly": 0,
            "eps_growth_yearly": 0
        },
        "20082": {
            "year_quarter": 20082,
            "year": 2008,
            "quarter": 2,
            "eps": null,
            "eps_growth_year": null,
            "eps_4q": null,
            "eps_4q_growth_year": null,
            "roe": null,
            "roe_4q": 0,
            "gross_profit": null,
            "gross_margin": null,
            "gross_margin_4q_avg": 0,
            "net_income": null,
            "revenue": null,
            "common_shares": null,
            "book_valuer_per_share": null,
            "book_valuer_per_share_4q_avg": 1.15,
            "equity": null,
            "current_ratio": null,
            "debt_ratio": null,
            "inventory_turnover_ratio": null,
            "account_receivable_turnover_ratio": null,
            "reinvestment_rate": null,
            "research_to_sale_ratio": null,
            "price_fair": 0,
            "eps_avg_yearly": 0,
            "eps_latest_yearly": 0,
            "eps_growth_yearly": 0
        },
        "20083": {
            "year_quarter": 20083,
            "year": 2008,
            "quarter": 3,
            "eps": null,
            "eps_growth_year": null,
            "eps_4q": null,
            "eps_4q_growth_year": null,
            "roe": null,
            "roe_4q": 0,
            "gross_profit": null,
            "gross_margin": null,
            "gross_margin_4q_avg": 0,
            "net_income": null,
            "revenue": null,
            "common_shares": null,
            "book_valuer_per_share": null,
            "book_valuer_per_share_4q_avg": 1.15,
            "equity": null,
            "current_ratio": null,
            "debt_ratio": null,
            "inventory_turnover_ratio": null,
            "account_receivable_turnover_ratio": null,
            "reinvestment_rate": null,
            "research_to_sale_ratio": null,
            "price_fair": 0,
            "eps_avg_yearly": 0,
            "eps_latest_yearly": 0,
            "eps_growth_yearly": 0
        },
        "20084": {
            "year_quarter": 20084,
            "year": 2008,
            "quarter": 4,
            "eps": null,
            "eps_growth_year": null,
            "eps_4q": null,
            "eps_4q_growth_year": null,
            "roe": null,
            "roe_4q": 0,
            "gross_profit": null,
            "gross_margin": null,
            "gross_margin_4q_avg": 0,
            "net_income": null,
            "revenue": null,
            "common_shares": 5513734,
            "book_valuer_per_share": 6.24,
            "book_valuer_per_share_4q_avg": 1.56,
            "equity": 3440342,
            "current_ratio": 571.62,
            "debt_ratio": 40.29,
            "inventory_turnover_ratio": null,
            "account_receivable_turnover_ratio": null,
            "reinvestment_rate": null,
            "research_to_sale_ratio": null,
            "price_fair": 0,
            "eps_avg_yearly": 0,
            "eps_latest_yearly": 0,
            "eps_growth_yearly": 0
        },
        "20091": {
            "year_quarter": 20091,
            "year": 2009,
            "quarter": 1,
            "eps": null,
            "eps_growth_year": null,
            "eps_4q": null,
            "eps_4q_growth_year": null,
            "roe": null,
            "roe_4q": 0,
            "gross_profit": null,
            "gross_margin": null,
            "gross_margin_4q_avg": 0,
            "net_income": null,
            "revenue": null,
            "common_shares": null,
            "book_valuer_per_share": null,
            "book_valuer_per_share_4q_avg": 1.56,
            "equity": null,
            "current_ratio": null,
            "debt_ratio": null,
            "inventory_turnover_ratio": null,
            "account_receivable_turnover_ratio": null,
            "reinvestment_rate": null,
            "research_to_sale_ratio": null,
            "price_fair": 0,
            "eps_avg_yearly": 0,
            "eps_latest_yearly": 0,
            "eps_growth_yearly": 0
        },
        "20092": {
            "year_quarter": 20092,
            "year": 2009,
            "quarter": 2,
            "eps": null,
            "eps_growth_year": null,
            "eps_4q": null,
            "eps_4q_growth_year": null,
            "roe": null,
            "roe_4q": 0,
            "gross_profit": null,
            "gross_margin": null,
            "gross_margin_4q_avg": 0,
            "net_income": null,
            "revenue": null,
            "common_shares": null,
            "book_valuer_per_share": null,
            "book_valuer_per_share_4q_avg": 1.56,
            "equity": null,
            "current_ratio": null,
            "debt_ratio": null,
            "inventory_turnover_ratio": null,
            "account_receivable_turnover_ratio": null,
            "reinvestment_rate": null,
            "research_to_sale_ratio": null,
            "price_fair": 0,
            "eps_avg_yearly": 0,
            "eps_latest_yearly": 0,
            "eps_growth_yearly": 0
        },
        "20093": {
            "year_quarter": 20093,
            "year": 2009,
            "quarter": 3,
            "eps": null,
            "eps_growth_year": null,
            "eps_4q": null,
            "eps_4q_growth_year": null,
            "roe": null,
            "roe_4q": 0,
            "gross_profit": null,
            "gross_margin": null,
            "gross_margin_4q_avg": 0,
            "net_income": null,
            "revenue": null,
            "common_shares": null,
            "book_valuer_per_share": null,
            "book_valuer_per_share_4q_avg": 1.56,
            "equity": null,
            "current_ratio": null,
            "debt_ratio": null,
            "inventory_turnover_ratio": null,
            "account_receivable_turnover_ratio": null,
            "reinvestment_rate": null,
            "research_to_sale_ratio": null,
            "price_fair": 0,
            "eps_avg_yearly": 0,
            "eps_latest_yearly": 0,
            "eps_growth_yearly": 0
        },
        "20094": {
            "year_quarter": 20094,
            "year": 2009,
            "quarter": 4,
            "eps": null,
            "eps_growth_year": null,
            "eps_4q": null,
            "eps_4q_growth_year": null,
            "roe": null,
            "roe_4q": 0,
            "gross_profit": null,
            "gross_margin": null,
            "gross_margin_4q_avg": 0,
            "net_income": null,
            "revenue": null,
            "common_shares": 5513734,
            "book_valuer_per_share": 8.11,
            "book_valuer_per_share_4q_avg": 2.03,
            "equity": 4472038,
            "current_ratio": 406.03,
            "debt_ratio": 23.21,
            "inventory_turnover_ratio": null,
            "account_receivable_turnover_ratio": null,
            "reinvestment_rate": null,
            "research_to_sale_ratio": null,
            "price_fair": 0,
            "eps_avg_yearly": 0,
            "eps_latest_yearly": 0,
            "eps_growth_yearly": 0
        },
        "20101": {
            "year_quarter": 20101,
            "year": 2010,
            "quarter": 1,
            "eps": null,
            "eps_growth_year": null,
            "eps_4q": null,
            "eps_4q_growth_year": null,
            "roe": null,
            "roe_4q": 0,
            "gross_profit": 490523,
            "gross_margin": null,
            "gross_margin_4q_avg": 0,
            "net_income": 269250,
            "revenue": 932060,
            "common_shares": 5513734,
            "book_valuer_per_share": 8.59,
            "book_valuer_per_share_4q_avg": 4.18,
            "equity": 4738606,
            "current_ratio": 264.17,
            "debt_ratio": 18.78,
            "inventory_turnover_ratio": null,
            "account_receivable_turnover_ratio": null,
            "reinvestment_rate": null,
            "research_to_sale_ratio": null,
            "price_fair": 0,
            "eps_avg_yearly": 0,
            "eps_latest_yearly": 0,
            "eps_growth_yearly": 0
        },
        "20102": {
            "year_quarter": 20102,
            "year": 2010,
            "quarter": 2,
            "eps": null,
            "eps_growth_year": null,
            "eps_4q": null,
            "eps_4q_growth_year": null,
            "roe": null,
            "roe_4q": 0,
            "gross_profit": 412427,
            "gross_margin": null,
            "gross_margin_4q_avg": 0,
            "net_income": 170480,
            "revenue": 760270,
            "common_shares": 5513734,
            "book_valuer_per_share": 9.01,
            "book_valuer_per_share_4q_avg": 6.43,
            "equity": 4966686,
            "current_ratio": 515.43,
            "debt_ratio": 9.24,
            "inventory_turnover_ratio": null,
            "account_receivable_turnover_ratio": null,
            "reinvestment_rate": null,
            "research_to_sale_ratio": null,
            "price_fair": 0,
            "eps_avg_yearly": 0,
            "eps_latest_yearly": 0,
            "eps_growth_yearly": 0
        },
        "20103": {
            "year_quarter": 20103,
            "year": 2010,
            "quarter": 3,
            "eps": null,
            "eps_growth_year": null,
            "eps_4q": null,
            "eps_4q_growth_year": null,
            "roe": null,
            "roe_4q": 0,
            "gross_profit": 593936,
            "gross_margin": null,
            "gross_margin_4q_avg": 0,
            "net_income": 323300,
            "revenue": 1100389,
            "common_shares": 6100000,
            "book_valuer_per_share": 10.52,
            "book_valuer_per_share_4q_avg": 9.06,
            "equity": 6415863,
            "current_ratio": 778.67,
            "debt_ratio": 7.4,
            "inventory_turnover_ratio": null,
            "account_receivable_turnover_ratio": null,
            "reinvestment_rate": null,
            "research_to_sale_ratio": null,
            "price_fair": 0,
            "eps_avg_yearly": 0,
            "eps_latest_yearly": 0,
            "eps_growth_yearly": 0
        },
        "20104": {
            "year_quarter": 20104,
            "year": 2010,
            "quarter": 4,
            "eps": null,
            "eps_growth_year": null,
            "eps_4q": null,
            "eps_4q_growth_year": null,
            "roe": null,
            "roe_4q": 0,
            "gross_profit": 537083,
            "gross_margin": null,
            "gross_margin_4q_avg": 0,
            "net_income": 276925,
            "revenue": 1098394,
            "common_shares": 6100000,
            "book_valuer_per_share": 10.95,
            "book_valuer_per_share_4q_avg": 9.77,
            "equity": 6677258,
            "current_ratio": 685.1,
            "debt_ratio": 8.51,
            "inventory_turnover_ratio": null,
            "account_receivable_turnover_ratio": null,
            "reinvestment_rate": null,
            "research_to_sale_ratio": null,
            "price_fair": 0,
            "eps_avg_yearly": 0,
            "eps_latest_yearly": 0,
            "eps_growth_yearly": 0
        },
        "20111": {
            "year_quarter": 20111,
            "year": 2011,
            "quarter": 1,
            "eps": null,
            "eps_growth_year": null,
            "eps_4q": null,
            "eps_4q_growth_year": null,
            "roe": null,
            "roe_4q": 0,
            "gross_profit": 370556,
            "gross_margin": null,
            "gross_margin_4q_avg": 0,
            "net_income": 143629,
            "revenue": 796038,
            "common_shares": 6100000,
            "book_valuer_per_share": 11.2,
            "book_valuer_per_share_4q_avg": 10.42,
            "equity": 6831516,
            "current_ratio": 736.65,
            "debt_ratio": 7.99,
            "inventory_turnover_ratio": null,
            "account_receivable_turnover_ratio": null,
            "reinvestment_rate": null,
            "research_to_sale_ratio": null,
            "price_fair": 0,
            "eps_avg_yearly": 0,
            "eps_latest_yearly": 0,
            "eps_growth_yearly": 0
        },
        "20112": {
            "year_quarter": 20112,
            "year": 2011,
            "quarter": 2,
            "eps": 0.42,
            "eps_growth_year": null,
            "eps_4q": 0.42,
            "eps_4q_growth_year": null,
            "roe": 3.69,
            "roe_4q": 3.69,
            "gross_profit": 512495,
            "gross_margin": 53.16,
            "gross_margin_4q_avg": 13.29,
            "net_income": 255830,
            "revenue": 964034,
            "common_shares": 6100000,
            "book_valuer_per_share": 11.5,
            "book_valuer_per_share_4q_avg": 11.04,
            "equity": 7016919,
            "current_ratio": 736.17,
            "debt_ratio": 7.97,
            "inventory_turnover_ratio": 0.32,
            "account_receivable_turnover_ratio": 2.82,
            "reinvestment_rate": null,
            "research_to_sale_ratio": null,
            "price_fair": 0,
            "eps_avg_yearly": 0,
            "eps_latest_yearly": 0,
            "eps_growth_yearly": 0
        },
        "20113": {
            "year_quarter": 20113,
            "year": 2011,
            "quarter": 3,
            "eps": 0.38,
            "eps_growth_year": null,
            "eps_4q": 0.79,
            "eps_4q_growth_year": null,
            "roe": 3.16,
            "roe_4q": 6.85,
            "gross_profit": 504131,
            "gross_margin": 47.39,
            "gross_margin_4q_avg": 25.14,
            "net_income": 241919,
            "revenue": 1063703,
            "common_shares": 6310000,
            "book_valuer_per_share": 13.13,
            "book_valuer_per_share_4q_avg": 11.7,
            "equity": 8287483,
            "current_ratio": 836.71,
            "debt_ratio": 7.56,
            "inventory_turnover_ratio": 0.4,
            "account_receivable_turnover_ratio": 1.57,
            "reinvestment_rate": null,
            "research_to_sale_ratio": 5.93,
            "price_fair": 4.56,
            "eps_avg_yearly": 1.52,
            "eps_latest_yearly": 1.52,
            "eps_growth_yearly": -38.1
        },
        "20114": {
            "year_quarter": 20114,
            "year": 2011,
            "quarter": 4,
            "eps": 0.51,
            "eps_growth_year": null,
            "eps_4q": 1.29,
            "eps_4q_growth_year": null,
            "roe": 3.79,
            "roe_4q": 10.64,
            "gross_profit": 597236,
            "gross_margin": 52.86,
            "gross_margin_4q_avg": 38.35,
            "net_income": 319939,
            "revenue": 1129803,
            "common_shares": 6310000,
            "book_valuer_per_share": 13.64,
            "book_valuer_per_share_4q_avg": 12.37,
            "equity": 8609280,
            "current_ratio": 695.99,
            "debt_ratio": 9.19,
            "inventory_turnover_ratio": 0.37,
            "account_receivable_turnover_ratio": 1.49,
            "reinvestment_rate": null,
            "research_to_sale_ratio": 8.04,
            "price_fair": 62.3,
            "eps_avg_yearly": 1.78,
            "eps_latest_yearly": 2.04,
            "eps_growth_yearly": 49.37
        },
        "20121": {
            "year_quarter": 20121,
            "year": 2012,
            "quarter": 1,
            "eps": 0.39,
            "eps_growth_year": null,
            "eps_4q": 1.68,
            "eps_4q_growth_year": null,
            "roe": 2.84,
            "roe_4q": 13.479999999999999,
            "gross_profit": 523075,
            "gross_margin": 53.85,
            "gross_margin_4q_avg": 51.82,
            "net_income": 247281,
            "revenue": 971277,
            "common_shares": 6310000,
            "book_valuer_per_share": 13.96,
            "book_valuer_per_share_4q_avg": 13.06,
            "equity": 8811261,
            "current_ratio": 711.56,
            "debt_ratio": 9.06,
            "inventory_turnover_ratio": 0.27,
            "account_receivable_turnover_ratio": 1.23,
            "reinvestment_rate": null,
            "research_to_sale_ratio": 7,
            "price_fair": 19.7,
            "eps_avg_yearly": 1.71,
            "eps_latest_yearly": 1.56,
            "eps_growth_yearly": 1.54
        },
        "20122": {
            "year_quarter": 20122,
            "year": 2012,
            "quarter": 2,
            "eps": 0.27,
            "eps_growth_year": -35.45,
            "eps_4q": 1.51,
            "eps_4q_growth_year": 260.67,
            "roe": 2.05,
            "roe_4q": 11.84,
            "gross_profit": 437457,
            "gross_margin": 47.92,
            "gross_margin_4q_avg": 50.51,
            "net_income": 175943,
            "revenue": 912803,
            "common_shares": 6310000,
            "book_valuer_per_share": 13.26,
            "book_valuer_per_share_4q_avg": 13.5,
            "equity": 8365832,
            "current_ratio": 414.71,
            "debt_ratio": 14.84,
            "inventory_turnover_ratio": 0.25,
            "account_receivable_turnover_ratio": 1.24,
            "reinvestment_rate": null,
            "research_to_sale_ratio": 9.59,
            "price_fair": 4.65,
            "eps_avg_yearly": 1.55,
            "eps_latest_yearly": 1.08,
            "eps_growth_yearly": -29.61
        },
        "20123": {
            "year_quarter": 20123,
            "year": 2012,
            "quarter": 3,
            "eps": 0.5,
            "eps_growth_year": 31.62,
            "eps_4q": 1.64,
            "eps_4q_growth_year": 109.25,
            "roe": 3.82,
            "roe_4q": 12.5,
            "gross_profit": 640195,
            "gross_margin": 49.86,
            "gross_margin_4q_avg": 51.12,
            "net_income": 325259,
            "revenue": 1284104,
            "common_shares": 6499300,
            "book_valuer_per_share": 13.33,
            "book_valuer_per_share_4q_avg": 13.55,
            "equity": 8662031,
            "current_ratio": 644.5,
            "debt_ratio": 9.25,
            "inventory_turnover_ratio": 0.32,
            "account_receivable_turnover_ratio": 1.52,
            "reinvestment_rate": null,
            "research_to_sale_ratio": 6.55,
            "price_fair": 57.4,
            "eps_avg_yearly": 1.64,
            "eps_latest_yearly": 2,
            "eps_growth_yearly": 44.46
        },
        "20124": {
            "year_quarter": 20124,
            "year": 2012,
            "quarter": 4,
            "eps": 0.65,
            "eps_growth_year": 28.04,
            "eps_4q": 1.8,
            "eps_4q_growth_year": 39.31,
            "roe": 4.75,
            "roe_4q": 13.46,
            "gross_profit": 712701,
            "gross_margin": 50.75,
            "gross_margin_4q_avg": 50.6,
            "net_income": 421939,
            "revenue": 1404325,
            "common_shares": 6499300,
            "book_valuer_per_share": 13.99,
            "book_valuer_per_share_4q_avg": 13.64,
            "equity": 9095475,
            "current_ratio": 510.26,
            "debt_ratio": 11.81,
            "inventory_turnover_ratio": 0.36,
            "account_receivable_turnover_ratio": 1.56,
            "reinvestment_rate": null,
            "research_to_sale_ratio": 4.51,
            "price_fair": 63,
            "eps_avg_yearly": 1.8,
            "eps_latest_yearly": 2.6,
            "eps_growth_yearly": 57.05
        },
        "20131": {
            "year_quarter": 20131,
            "year": 2013,
            "quarter": 1,
            "eps": 0.54,
            "eps_growth_year": 38.46,
            "eps_4q": 1.96,
            "eps_4q_growth_year": 16.3,
            "roe": 3.77,
            "roe_4q": 14.39,
            "gross_profit": 654818,
            "gross_margin": 55.23,
            "gross_margin_4q_avg": 50.94,
            "net_income": 350164,
            "revenue": 1185616,
            "common_shares": 6499300,
            "book_valuer_per_share": 14.56,
            "book_valuer_per_share_4q_avg": 13.79,
            "equity": 9461423,
            "current_ratio": 432.09,
            "debt_ratio": 14.28,
            "inventory_turnover_ratio": 0.26,
            "account_receivable_turnover_ratio": 1.65,
            "reinvestment_rate": null,
            "research_to_sale_ratio": 7.98,
            "price_fair": 64.8,
            "eps_avg_yearly": 1.85,
            "eps_latest_yearly": 2.16,
            "eps_growth_yearly": 39.23
        },
        "20132": {
            "year_quarter": 20132,
            "year": 2013,
            "quarter": 2,
            "eps": 0.62,
            "eps_growth_year": 129.03,
            "eps_4q": 2.22,
            "eps_4q_growth_year": 47.05,
            "roe": 4.37,
            "roe_4q": 16.71,
            "gross_profit": 724286,
            "gross_margin": 54.11,
            "gross_margin_4q_avg": 52.49,
            "net_income": 406078,
            "revenue": 1338521,
            "common_shares": 6499300,
            "book_valuer_per_share": 14.02,
            "book_valuer_per_share_4q_avg": 13.98,
            "equity": 9109472,
            "current_ratio": 274.03,
            "debt_ratio": 22.16,
            "inventory_turnover_ratio": 0.27,
            "account_receivable_turnover_ratio": 1.82,
            "reinvestment_rate": null,
            "research_to_sale_ratio": 6.84,
            "price_fair": 67.55,
            "eps_avg_yearly": 1.93,
            "eps_latest_yearly": 2.48,
            "eps_growth_yearly": 41.73
        },
        "20133": {
            "year_quarter": 20133,
            "year": 2013,
            "quarter": 3,
            "eps": 0.37,
            "eps_growth_year": -26.07,
            "eps_4q": 2.12,
            "eps_4q_growth_year": 28.75,
            "roe": 2.74,
            "roe_4q": 15.63,
            "gross_profit": 529996,
            "gross_margin": 42.75,
            "gross_margin_4q_avg": 50.71,
            "net_income": 252460,
            "revenue": 1239797,
            "common_shares": 6759272,
            "book_valuer_per_share": 13.83,
            "book_valuer_per_share_4q_avg": 14.1,
            "equity": 9347952,
            "current_ratio": 358.38,
            "debt_ratio": 15.94,
            "inventory_turnover_ratio": 0.31,
            "account_receivable_turnover_ratio": 1.59,
            "reinvestment_rate": null,
            "research_to_sale_ratio": 7.86,
            "price_fair": 54.85,
            "eps_avg_yearly": 1.88,
            "eps_latest_yearly": 1.48,
            "eps_growth_yearly": 19.17
        },
        "20134": {
            "year_quarter": 20134,
            "year": 2013,
            "quarter": 4,
            "eps": 0.39,
            "eps_growth_year": -39.68,
            "eps_4q": 1.88,
            "eps_4q_growth_year": 4.61,
            "roe": 2.79,
            "roe_4q": 13.67,
            "gross_profit": 633433,
            "gross_margin": 47.83,
            "gross_margin_4q_avg": 49.98,
            "net_income": 264702,
            "revenue": 1324311,
            "common_shares": 6759272,
            "book_valuer_per_share": 14.27,
            "book_valuer_per_share_4q_avg": 14.17,
            "equity": 9643254,
            "current_ratio": 346.15,
            "debt_ratio": 16.03,
            "inventory_turnover_ratio": 0.28,
            "account_receivable_turnover_ratio": 1.6,
            "reinvestment_rate": 38.05,
            "research_to_sale_ratio": 10.13,
            "price_fair": 54.37,
            "eps_avg_yearly": 1.85,
            "eps_latest_yearly": 1.56,
            "eps_growth_yearly": 19.42
        },
        "20141": {
            "year_quarter": 20141,
            "year": 2014,
            "quarter": 1,
            "eps": 0.24,
            "eps_growth_year": -55.56,
            "eps_4q": 1.61,
            "eps_4q_growth_year": -17.79,
            "roe": 1.7,
            "roe_4q": 11.600000000000001,
            "gross_profit": 433058,
            "gross_margin": 39.47,
            "gross_margin_4q_avg": 46.04,
            "net_income": 165345,
            "revenue": 1097245,
            "common_shares": 6759272,
            "book_valuer_per_share": 14.51,
            "book_valuer_per_share_4q_avg": 14.16,
            "equity": 9807542,
            "current_ratio": 297.21,
            "debt_ratio": 18.47,
            "inventory_turnover_ratio": 0.26,
            "account_receivable_turnover_ratio": 1.37,
            "reinvestment_rate": 45.44,
            "research_to_sale_ratio": 8.51,
            "price_fair": 24.15,
            "eps_avg_yearly": 1.77,
            "eps_latest_yearly": 0.96,
            "eps_growth_yearly": 3.67
        },
        "20142": {
            "year_quarter": 20142,
            "year": 2014,
            "quarter": 2,
            "eps": 0.28,
            "eps_growth_year": -54.84,
            "eps_4q": 1.24,
            "eps_4q_growth_year": -44.03,
            "roe": 2.03,
            "roe_4q": 9.26,
            "gross_profit": 499956,
            "gross_margin": 43.56,
            "gross_margin_4q_avg": 43.4,
            "net_income": 192556,
            "revenue": 1147805,
            "common_shares": 6759272,
            "book_valuer_per_share": 13.55,
            "book_valuer_per_share_4q_avg": 14.04,
            "equity": 9159609,
            "current_ratio": 233.42,
            "debt_ratio": 22.34,
            "inventory_turnover_ratio": 0.24,
            "account_receivable_turnover_ratio": 1.61,
            "reinvestment_rate": 49.7,
            "research_to_sale_ratio": 10.96,
            "price_fair": 32.41,
            "eps_avg_yearly": 1.71,
            "eps_latest_yearly": 1.12,
            "eps_growth_yearly": 8.92
        },
        "20143": {
            "year_quarter": 20143,
            "year": 2014,
            "quarter": 3,
            "eps": 0.17,
            "eps_growth_year": -54.05,
            "eps_4q": 1.06,
            "eps_4q_growth_year": -50,
            "roe": 1.31,
            "roe_4q": 7.83,
            "gross_profit": 373214,
            "gross_margin": 37.23,
            "gross_margin_4q_avg": 42.02,
            "net_income": 121397,
            "revenue": 1002479,
            "common_shares": 7029643,
            "book_valuer_per_share": 13.27,
            "book_valuer_per_share_4q_avg": 13.9,
            "equity": 9325244,
            "current_ratio": 285.12,
            "debt_ratio": 17.05,
            "inventory_turnover_ratio": 0.24,
            "account_receivable_turnover_ratio": 1.21,
            "reinvestment_rate": 57.02,
            "research_to_sale_ratio": 10.13,
            "price_fair": 4.9,
            "eps_avg_yearly": 1.63,
            "eps_latest_yearly": 0.68,
            "eps_growth_yearly": -3.86
        },
        "20144": {
            "year_quarter": 20144,
            "year": 2014,
            "quarter": 4,
            "eps": 0.01,
            "eps_growth_year": -98.24,
            "eps_4q": 0.69,
            "eps_4q_growth_year": -63.44,
            "roe": 0.05,
            "roe_4q": 5.09,
            "gross_profit": 294338,
            "gross_margin": 34.62,
            "gross_margin_4q_avg": 38.72,
            "net_income": 4845,
            "revenue": 850315,
            "common_shares": 7029643,
            "book_valuer_per_share": 13.34,
            "book_valuer_per_share_4q_avg": 13.67,
            "equity": 9380271,
            "current_ratio": 273.69,
            "debt_ratio": 17.51,
            "inventory_turnover_ratio": 0.22,
            "account_receivable_turnover_ratio": 1.22,
            "reinvestment_rate": 58.53,
            "research_to_sale_ratio": 11.19,
            "price_fair": 4.56,
            "eps_avg_yearly": 1.52,
            "eps_latest_yearly": 0.04,
            "eps_growth_yearly": -30.47
        },
        "20151": {
            "year_quarter": 20151,
            "year": 2015,
            "quarter": 1,
            "eps": 0.16,
            "eps_growth_year": -33.33,
            "eps_4q": 0.61,
            "eps_4q_growth_year": -61.88,
            "roe": 1.2,
            "roe_4q": 4.59,
            "gross_profit": 344370,
            "gross_margin": 35.17,
            "gross_margin_4q_avg": 37.65,
            "net_income": 112791,
            "revenue": 979058,
            "common_shares": 7029643,
            "book_valuer_per_share": 13.48,
            "book_valuer_per_share_4q_avg": 13.41,
            "equity": 9476532,
            "current_ratio": 271.7,
            "debt_ratio": 18.1,
            "inventory_turnover_ratio": 0.26,
            "account_receivable_turnover_ratio": 1.66,
            "reinvestment_rate": 65.32,
            "research_to_sale_ratio": 7.82,
            "price_fair": 51.15,
            "eps_avg_yearly": 1.46,
            "eps_latest_yearly": 0.64,
            "eps_growth_yearly": 371.56
        },
        "20152": {
            "year_quarter": 20152,
            "year": 2015,
            "quarter": 2,
            "eps": 0.19,
            "eps_growth_year": -32.14,
            "eps_4q": 0.51,
            "eps_4q_growth_year": -59.21,
            "roe": 1.4,
            "roe_4q": 3.9599999999999995,
            "gross_profit": 364820,
            "gross_margin": 37.88,
            "gross_margin_4q_avg": 36.23,
            "net_income": 132196,
            "revenue": 963094,
            "common_shares": 7029643,
            "book_valuer_per_share": 13.44,
            "book_valuer_per_share_4q_avg": 13.38,
            "equity": 9450234,
            "current_ratio": 243.71,
            "debt_ratio": 20.42,
            "inventory_turnover_ratio": 0.25,
            "account_receivable_turnover_ratio": 1.58,
            "reinvestment_rate": 62.49,
            "research_to_sale_ratio": 8.47,
            "price_fair": 49.61,
            "eps_avg_yearly": 1.42,
            "eps_latest_yearly": 0.76,
            "eps_growth_yearly": 353.02
        },
        "20153": {
            "year_quarter": 20153,
            "year": 2015,
            "quarter": 3,
            "eps": 0.27,
            "eps_growth_year": 58.82,
            "eps_4q": 0.61,
            "eps_4q_growth_year": -42.54,
            "roe": 2.03,
            "roe_4q": 4.68,
            "gross_profit": 453240,
            "gross_margin": 46.11,
            "gross_margin_4q_avg": 38.45,
            "net_income": 194753,
            "revenue": 982947,
            "common_shares": 7310829,
            "book_valuer_per_share": 13.27,
            "book_valuer_per_share_4q_avg": 13.38,
            "equity": 9700514,
            "current_ratio": 259.96,
            "debt_ratio": 19.13,
            "inventory_turnover_ratio": 0.23,
            "account_receivable_turnover_ratio": 1.62,
            "reinvestment_rate": 59.32,
            "research_to_sale_ratio": 7.88,
            "price_fair": 48.65,
            "eps_avg_yearly": 1.39,
            "eps_latest_yearly": 1.08,
            "eps_growth_yearly": 365.93
        },
        "20154": {
            "year_quarter": 20154,
            "year": 2015,
            "quarter": 4,
            "eps": 0.27,
            "eps_growth_year": 3774.56,
            "eps_4q": 0.87,
            "eps_4q_growth_year": 26.11,
            "roe": 2,
            "roe_4q": 6.63,
            "gross_profit": 514224,
            "gross_margin": 49.92,
            "gross_margin_4q_avg": 42.27,
            "net_income": 195225,
            "revenue": 1030108,
            "common_shares": 7310829,
            "book_valuer_per_share": 13.48,
            "book_valuer_per_share_4q_avg": 13.42,
            "equity": 9856993,
            "current_ratio": 265.18,
            "debt_ratio": 19.35,
            "inventory_turnover_ratio": 0.23,
            "account_receivable_turnover_ratio": 1.36,
            "reinvestment_rate": 59.23,
            "research_to_sale_ratio": 8.61,
            "price_fair": 46.55,
            "eps_avg_yearly": 1.33,
            "eps_latest_yearly": 1.08,
            "eps_growth_yearly": 357.38
        },
        "20161": {
            "year_quarter": 20161,
            "year": 2016,
            "quarter": 1,
            "eps": 0.24,
            "eps_growth_year": 50,
            "eps_4q": 0.95,
            "eps_4q_growth_year": 54.64,
            "roe": 1.73,
            "roe_4q": 7.16,
            "gross_profit": 431260,
            "gross_margin": 42.21,
            "gross_margin_4q_avg": 44.03,
            "net_income": 171922,
            "revenue": 1021756,
            "common_shares": 7310829,
            "book_valuer_per_share": 13.72,
            "book_valuer_per_share_4q_avg": 13.48,
            "equity": 10027091,
            "current_ratio": 258.9,
            "debt_ratio": 19.73,
            "inventory_turnover_ratio": 0.27,
            "account_receivable_turnover_ratio": 1.35,
            "reinvestment_rate": 65.52,
            "research_to_sale_ratio": 6.64,
            "price_fair": 45.24,
            "eps_avg_yearly": 1.29,
            "eps_latest_yearly": 0.96,
            "eps_growth_yearly": 360.48
        },
        "20162": {
            "year_quarter": 20162,
            "year": 2016,
            "quarter": 2,
            "eps": 0.24,
            "eps_growth_year": 26.32,
            "eps_4q": 0.97,
            "eps_4q_growth_year": 90.71,
            "roe": 1.75,
            "roe_4q": 7.51,
            "gross_profit": 464741,
            "gross_margin": 45.78,
            "gross_margin_4q_avg": 46.01,
            "net_income": 174402,
            "revenue": 1015050,
            "common_shares": 7310829,
            "book_valuer_per_share": 13.62,
            "book_valuer_per_share_4q_avg": 13.52,
            "equity": 9957779,
            "current_ratio": 275.71,
            "debt_ratio": 20.63,
            "inventory_turnover_ratio": 0.26,
            "account_receivable_turnover_ratio": 1.53,
            "reinvestment_rate": 60.08,
            "research_to_sale_ratio": 7.42,
            "price_fair": 44.98,
            "eps_avg_yearly": 1.29,
            "eps_latest_yearly": 0.96,
            "eps_growth_yearly": 368.18
        },
        "20163": {
            "year_quarter": 20163,
            "year": 2016,
            "quarter": 3,
            "eps": 0.22,
            "eps_growth_year": -18.52,
            "eps_4q": 0.93,
            "eps_4q_growth_year": 52.93,
            "roe": 1.65,
            "roe_4q": 7.13,
            "gross_profit": 466216,
            "gross_margin": 47.02,
            "gross_margin_4q_avg": 46.23,
            "net_income": 165548,
            "revenue": 991624,
            "common_shares": 7603262,
            "book_valuer_per_share": 13.28,
            "book_valuer_per_share_4q_avg": 13.53,
            "equity": 10094535,
            "current_ratio": 408.29,
            "debt_ratio": 19.3,
            "inventory_turnover_ratio": 0.26,
            "account_receivable_turnover_ratio": 1.54,
            "reinvestment_rate": 55.7,
            "research_to_sale_ratio": 7.38,
            "price_fair": 42.53,
            "eps_avg_yearly": 1.22,
            "eps_latest_yearly": 0.88,
            "eps_growth_yearly": 344.8
        },
        "20164": {
            "year_quarter": 20164,
            "year": 2016,
            "quarter": 4,
            "eps": 0.19,
            "eps_growth_year": -27.69,
            "eps_4q": 0.87,
            "eps_4q_growth_year": -0.25,
            "roe": 1.44,
            "roe_4q": 6.57,
            "gross_profit": 443744,
            "gross_margin": 44.26,
            "gross_margin_4q_avg": 44.82,
            "net_income": 146821,
            "revenue": 1002491,
            "common_shares": 7603262,
            "book_valuer_per_share": 13.45,
            "book_valuer_per_share_4q_avg": 13.52,
            "equity": 10227793,
            "current_ratio": 389.28,
            "debt_ratio": 19.99,
            "inventory_turnover_ratio": 0.29,
            "account_receivable_turnover_ratio": 1.6,
            "reinvestment_rate": 53.52,
            "research_to_sale_ratio": 6.31,
            "price_fair": 38.5,
            "eps_avg_yearly": 1.1,
            "eps_latest_yearly": 0.76,
            "eps_growth_yearly": 333.89
        },
        "20171": {
            "year_quarter": 20171,
            "year": 2017,
            "quarter": 1,
            "eps": 0.22,
            "eps_growth_year": -8.33,
            "eps_4q": 0.86,
            "eps_4q_growth_year": -9,
            "roe": 1.65,
            "roe_4q": 6.49,
            "gross_profit": 470390,
            "gross_margin": 51.16,
            "gross_margin_4q_avg": 47.06,
            "net_income": 170129,
            "revenue": 919487,
            "common_shares": 7603262,
            "book_valuer_per_share": 13.62,
            "book_valuer_per_share_4q_avg": 13.49,
            "equity": 10358240,
            "current_ratio": 393.51,
            "debt_ratio": 19.41,
            "inventory_turnover_ratio": 0.24,
            "account_receivable_turnover_ratio": 1.44,
            "reinvestment_rate": 53.34,
            "research_to_sale_ratio": 6.98,
            "price_fair": 35.7,
            "eps_avg_yearly": 1.02,
            "eps_latest_yearly": 0.88,
            "eps_growth_yearly": 342.07
        },
        "20172": {
            "year_quarter": 20172,
            "year": 2017,
            "quarter": 2,
            "eps": 0.11,
            "eps_growth_year": -54.17,
            "eps_4q": 0.72,
            "eps_4q_growth_year": -25.97,
            "roe": 0.82,
            "roe_4q": 5.56,
            "gross_profit": 325701,
            "gross_margin": 38.18,
            "gross_margin_4q_avg": 45.16,
            "net_income": 84415,
            "revenue": 853155,
            "common_shares": 7603262,
            "book_valuer_per_share": 13.46,
            "book_valuer_per_share_4q_avg": 13.45,
            "equity": 10231445,
            "current_ratio": 483.56,
            "debt_ratio": 20.57,
            "inventory_turnover_ratio": 0.28,
            "account_receivable_turnover_ratio": 1.25,
            "reinvestment_rate": 53.24,
            "research_to_sale_ratio": 9.63,
            "price_fair": 31.24,
            "eps_avg_yearly": 0.89,
            "eps_latest_yearly": 0.44,
            "eps_growth_yearly": 325.86
        },
        "20173": {
            "year_quarter": 20173,
            "year": 2017,
            "quarter": 3,
            "eps": 0.14,
            "eps_growth_year": -36.36,
            "eps_4q": 0.64,
            "eps_4q_growth_year": -30.87,
            "roe": 1.04,
            "roe_4q": 4.949999999999999,
            "gross_profit": 407445,
            "gross_margin": 48,
            "gross_margin_4q_avg": 45.4,
            "net_income": 107005,
            "revenue": 848829,
            "common_shares": 7907392,
            "book_valuer_per_share": 13.09,
            "book_valuer_per_share_4q_avg": 13.41,
            "equity": 10351293,
            "current_ratio": 542.22,
            "debt_ratio": 19.57,
            "inventory_turnover_ratio": 0.24,
            "account_receivable_turnover_ratio": 1.42,
            "reinvestment_rate": 51.16,
            "research_to_sale_ratio": 9.94,
            "price_fair": 29.23,
            "eps_avg_yearly": 0.84,
            "eps_latest_yearly": 0.56,
            "eps_growth_yearly": 342.76
        },
        "20174": {
            "year_quarter": 20174,
            "year": 2017,
            "quarter": 4,
            "eps": 0.08,
            "eps_growth_year": -60.17,
            "eps_4q": 0.53,
            "eps_4q_growth_year": -38.34,
            "roe": 0.59,
            "roe_4q": 4.1,
            "gross_profit": 346621,
            "gross_margin": 38.73,
            "gross_margin_4q_avg": 44.02,
            "net_income": 60818,
            "revenue": 895010,
            "common_shares": 7907392,
            "book_valuer_per_share": 13.17,
            "book_valuer_per_share_4q_avg": 13.34,
            "equity": 10417225,
            "current_ratio": 579.77,
            "debt_ratio": 17.98,
            "inventory_turnover_ratio": 0.31,
            "account_receivable_turnover_ratio": 1.73,
            "reinvestment_rate": 45.8,
            "research_to_sale_ratio": 9.34,
            "price_fair": 26.51,
            "eps_avg_yearly": 0.76,
            "eps_latest_yearly": 0.32,
            "eps_growth_yearly": 330.7
        },
        "20181": {
            "year_quarter": 20181,
            "year": 2018,
            "quarter": 1,
            "eps": 0.17,
            "eps_growth_year": -22.73,
            "eps_4q": 0.49,
            "eps_4q_growth_year": -43.24,
            "roe": 1.28,
            "roe_4q": 3.73,
            "gross_profit": 334541,
            "gross_margin": 38.84,
            "gross_margin_4q_avg": 40.94,
            "net_income": 135522,
            "revenue": 861287,
            "common_shares": 7907392,
            "book_valuer_per_share": 13.55,
            "book_valuer_per_share_4q_avg": 13.32,
            "equity": 10717252,
            "current_ratio": 570.21,
            "debt_ratio": 18.53,
            "inventory_turnover_ratio": 0.32,
            "account_receivable_turnover_ratio": 1.49,
            "reinvestment_rate": 16.02,
            "research_to_sale_ratio": 6.43,
            "price_fair": 25.9,
            "eps_avg_yearly": 0.74,
            "eps_latest_yearly": 0.68,
            "eps_growth_yearly": 368.44
        },
        "20182": {
            "year_quarter": 20182,
            "year": 2018,
            "quarter": 2,
            "eps": 0.17,
            "eps_growth_year": 54.55,
            "eps_4q": 0.55,
            "eps_4q_growth_year": -23.37,
            "roe": 1.23,
            "roe_4q": 4.14,
            "gross_profit": 420842,
            "gross_margin": 42.7,
            "gross_margin_4q_avg": 42.07,
            "net_income": 131078,
            "revenue": 985607,
            "common_shares": 7907392,
            "book_valuer_per_share": 13.32,
            "book_valuer_per_share_4q_avg": 13.28,
            "equity": 10530126,
            "current_ratio": 258.15,
            "debt_ratio": 20.56,
            "inventory_turnover_ratio": 0.36,
            "account_receivable_turnover_ratio": 1.52,
            "reinvestment_rate": 2.11,
            "research_to_sale_ratio": 9.53,
            "price_fair": 24.94,
            "eps_avg_yearly": 0.71,
            "eps_latest_yearly": 0.68,
            "eps_growth_yearly": 364.27
        },
        "20183": {
            "year_quarter": 20183,
            "year": 2018,
            "quarter": 3,
            "eps": 0.1,
            "eps_growth_year": -28.57,
            "eps_4q": 0.52,
            "eps_4q_growth_year": -19.35,
            "roe": 0.78,
            "roe_4q": 3.88,
            "gross_profit": 341642,
            "gross_margin": 41.78,
            "gross_margin_4q_avg": 40.51,
            "net_income": 82606,
            "revenue": 817705,
            "common_shares": 7907392,
            "book_valuer_per_share": 13.39,
            "book_valuer_per_share_4q_avg": 13.36,
            "equity": 10591420,
            "current_ratio": 303.91,
            "debt_ratio": 17.3,
            "inventory_turnover_ratio": 0.32,
            "account_receivable_turnover_ratio": 1.32,
            "reinvestment_rate": -14.25,
            "research_to_sale_ratio": 6.33,
            "price_fair": 24.33,
            "eps_avg_yearly": 0.7,
            "eps_latest_yearly": 0.4,
            "eps_growth_yearly": 363.8
        },
        "20184": {
            "year_quarter": 20184,
            "year": 2018,
            "quarter": 4,
            "eps": 0.12,
            "eps_growth_year": 54.18,
            "eps_4q": 0.56,
            "eps_4q_growth_year": 4.88,
            "roe": 0.89,
            "roe_4q": 4.18,
            "gross_profit": 445489,
            "gross_margin": 51.82,
            "gross_margin_4q_avg": 43.79,
            "net_income": 93772,
            "revenue": 859664,
            "common_shares": 7907392,
            "book_valuer_per_share": 13.33,
            "book_valuer_per_share_4q_avg": 13.4,
            "equity": 10539032,
            "current_ratio": 334.4,
            "debt_ratio": 16.11,
            "inventory_turnover_ratio": 0.3,
            "account_receivable_turnover_ratio": 1.57,
            "reinvestment_rate": -25.65,
            "research_to_sale_ratio": 13.05,
            "price_fair": 25.29,
            "eps_avg_yearly": 0.72,
            "eps_latest_yearly": 0.48,
            "eps_growth_yearly": 392.33
        },
        "20191": {
            "year_quarter": 20191,
            "year": 2019,
            "quarter": 1,
            "eps": 0.1,
            "eps_growth_year": -41.18,
            "eps_4q": 0.49,
            "eps_4q_growth_year": -0.48,
            "roe": 0.73,
            "roe_4q": 3.6300000000000003,
            "gross_profit": 329750,
            "gross_margin": 42.71,
            "gross_margin_4q_avg": 44.75,
            "net_income": 78461,
            "revenue": 772045,
            "common_shares": 7907392,
            "book_valuer_per_share": 13.68,
            "book_valuer_per_share_4q_avg": 13.43,
            "equity": 10818678,
            "current_ratio": 338.19,
            "debt_ratio": 21.2,
            "inventory_turnover_ratio": 0.34,
            "account_receivable_turnover_ratio": 1.59,
            "reinvestment_rate": -30.44,
            "research_to_sale_ratio": 6.52,
            "price_fair": 16.39,
            "eps_avg_yearly": 0.71,
            "eps_latest_yearly": 0.4,
            "eps_growth_yearly": 13.16
        },
        "20192": {
            "year_quarter": 20192,
            "year": 2019,
            "quarter": 2,
            "eps": 0.07,
            "eps_growth_year": -58.82,
            "eps_4q": 0.39,
            "eps_4q_growth_year": -28.19,
            "roe": 0.54,
            "roe_4q": 2.9400000000000004,
            "gross_profit": 273981,
            "gross_margin": 44.36,
            "gross_margin_4q_avg": 45.17,
            "net_income": 57139,
            "revenue": 617573,
            "common_shares": 7907392,
            "book_valuer_per_share": 13.18,
            "book_valuer_per_share_4q_avg": 13.4,
            "equity": 10421056,
            "current_ratio": 583.18,
            "debt_ratio": 23.38,
            "inventory_turnover_ratio": 0.27,
            "account_receivable_turnover_ratio": 1.46,
            "reinvestment_rate": -43.16,
            "research_to_sale_ratio": 7.9,
            "price_fair": 6.78,
            "eps_avg_yearly": 0.68,
            "eps_latest_yearly": 0.28,
            "eps_growth_yearly": 0.97
        },
        "20193": {
            "year_quarter": 20193,
            "year": 2019,
            "quarter": 3,
            "eps": 0.04,
            "eps_growth_year": -60,
            "eps_4q": 0.33,
            "eps_4q_growth_year": -36.2,
            "roe": 0.31,
            "roe_4q": 2.47,
            "gross_profit": 292359,
            "gross_margin": 42.77,
            "gross_margin_4q_avg": 45.42,
            "net_income": 32209,
            "revenue": 683613,
            "common_shares": 7907392,
            "book_valuer_per_share": 13.04,
            "book_valuer_per_share_4q_avg": 13.31,
            "equity": 10309593,
            "current_ratio": 942.35,
            "debt_ratio": 12.05,
            "inventory_turnover_ratio": 0.31,
            "account_receivable_turnover_ratio": 1.57,
            "reinvestment_rate": -51.95,
            "research_to_sale_ratio": 12.43,
            "price_fair": 1.86,
            "eps_avg_yearly": 0.62,
            "eps_latest_yearly": 0.16,
            "eps_growth_yearly": -20.27
        },
        "20194": {
            "year_quarter": 20194,
            "year": 2019,
            "quarter": 4,
            "eps": 0.06,
            "eps_growth_year": -47.91,
            "eps_4q": 0.27,
            "eps_4q_growth_year": -51.09,
            "roe": 0.47,
            "roe_4q": 2.05,
            "gross_profit": 280315,
            "gross_margin": 34.2,
            "gross_margin_4q_avg": 41.01,
            "net_income": 48847,
            "revenue": 819552,
            "common_shares": 7907392,
            "book_valuer_per_share": 12.98,
            "book_valuer_per_share_4q_avg": 13.22,
            "equity": 10259944,
            "current_ratio": 728.9,
            "debt_ratio": 12.12,
            "inventory_turnover_ratio": 0.46,
            "account_receivable_turnover_ratio": 1.59,
            "reinvestment_rate": -61.8,
            "research_to_sale_ratio": 6.62,
            "price_fair": 1.7,
            "eps_avg_yearly": 0.57,
            "eps_latest_yearly": 0.24,
            "eps_growth_yearly": -7.77
        },
        "20201": {
            "year_quarter": 20201,
            "year": 2020,
            "quarter": 1,
            "eps": 0.04,
            "eps_growth_year": -60,
            "eps_4q": 0.22,
            "eps_4q_growth_year": -55.03,
            "roe": 0.35,
            "roe_4q": 1.67,
            "gross_profit": 244352,
            "gross_margin": 45.04,
            "gross_margin_4q_avg": 41.59,
            "net_income": 35356,
            "revenue": 542523,
            "common_shares": 7907392,
            "book_valuer_per_share": 12.82,
            "book_valuer_per_share_4q_avg": 13.01,
            "equity": 10138968,
            "current_ratio": 690.11,
            "debt_ratio": 12.99,
            "inventory_turnover_ratio": 0.25,
            "account_receivable_turnover_ratio": 1.1,
            "reinvestment_rate": -85.66,
            "research_to_sale_ratio": 8.72,
            "price_fair": 1.55,
            "eps_avg_yearly": 0.52,
            "eps_latest_yearly": 0.16,
            "eps_growth_yearly": -13.32
        },
        "20202": {
            "year_quarter": 20202,
            "year": 2020,
            "quarter": 2,
            "eps": 0.2,
            "eps_growth_year": 185.71,
            "eps_4q": 0.35,
            "eps_4q_growth_year": -10.73,
            "roe": 1.58,
            "roe_4q": 2.7100000000000004,
            "gross_profit": 438142,
            "gross_margin": 48.25,
            "gross_margin_4q_avg": 42.57,
            "net_income": 162099,
            "revenue": 908080,
            "common_shares": 7907392,
            "book_valuer_per_share": 13.13,
            "book_valuer_per_share_4q_avg": 12.99,
            "equity": 10381616,
            "current_ratio": 537.98,
            "debt_ratio": 14.26,
            "inventory_turnover_ratio": 0.36,
            "account_receivable_turnover_ratio": 1.91,
            "reinvestment_rate": -91.93,
            "research_to_sale_ratio": 5.06,
            "price_fair": 17.76,
            "eps_avg_yearly": 0.51,
            "eps_latest_yearly": 0.8,
            "eps_growth_yearly": 86.68
        },
        "20203": {
            "year_quarter": 20203,
            "year": 2020,
            "quarter": 3,
            "eps": 0.1,
            "eps_growth_year": 150,
            "eps_4q": 0.41,
            "eps_4q_growth_year": 23.38,
            "roe": 0.73,
            "roe_4q": 3.13,
            "gross_profit": 375089,
            "gross_margin": 49.46,
            "gross_margin_4q_avg": 44.24,
            "net_income": 76446,
            "revenue": 758327,
            "common_shares": 7907392,
            "book_valuer_per_share": 13.26,
            "book_valuer_per_share_4q_avg": 13.05,
            "equity": 10485183,
            "current_ratio": 684.76,
            "debt_ratio": 12.62,
            "inventory_turnover_ratio": 0.29,
            "account_receivable_turnover_ratio": 1.48,
            "reinvestment_rate": -93.21,
            "research_to_sale_ratio": 12.55,
            "price_fair": 16.71,
            "eps_avg_yearly": 0.48,
            "eps_latest_yearly": 0.4,
            "eps_growth_yearly": 76.26
        },
        "20204": {
            "year_quarter": 20204,
            "year": 2020,
            "quarter": 4,
            "eps": 0.01,
            "eps_growth_year": -83.28,
            "eps_4q": 0.36,
            "eps_4q_growth_year": 30.19,
            "roe": 0.08,
            "roe_4q": 2.74,
            "gross_profit": 259876,
            "gross_margin": 29.73,
            "gross_margin_4q_avg": 43.12,
            "net_income": 8166,
            "revenue": 873998,
            "common_shares": 7907392,
            "book_valuer_per_share": 13.32,
            "book_valuer_per_share_4q_avg": 13.13,
            "equity": 10529403,
            "current_ratio": 861.6,
            "debt_ratio": 11.12,
            "inventory_turnover_ratio": 0.47,
            "account_receivable_turnover_ratio": 2.05,
            "reinvestment_rate": -99.87,
            "research_to_sale_ratio": 6.56,
            "price_fair": 15.14,
            "eps_avg_yearly": 0.43,
            "eps_latest_yearly": 0.04,
            "eps_growth_yearly": 57.17
        },
        "20211": {
            "year_quarter": 20211,
            "year": 2021,
            "quarter": 1,
            "eps": 0.11,
            "eps_growth_year": 175,
            "eps_4q": 0.43,
            "eps_4q_growth_year": 94.15,
            "roe": 0.85,
            "roe_4q": 3.24,
            "gross_profit": 364768,
            "gross_margin": 56.89,
            "gross_margin_4q_avg": 46.08,
            "net_income": 90238,
            "revenue": 641136,
            "common_shares": 7907392,
            "book_valuer_per_share": 13.67,
            "book_valuer_per_share_4q_avg": 13.35,
            "equity": 10811425,
            "current_ratio": 826.32,
            "debt_ratio": 11.22,
            "inventory_turnover_ratio": 0.21,
            "account_receivable_turnover_ratio": 1.81,
            "reinvestment_rate": -105.52,
            "research_to_sale_ratio": 14.01,
            "price_fair": 14.18,
            "eps_avg_yearly": 0.41,
            "eps_latest_yearly": 0.44,
            "eps_growth_yearly": 303.22
        },
        "20212": {
            "year_quarter": 20212,
            "year": 2021,
            "quarter": 2,
            "eps": 0.11,
            "eps_growth_year": -45,
            "eps_4q": 0.34,
            "eps_4q_growth_year": -4.65,
            "roe": 0.86,
            "roe_4q": 2.52,
            "gross_profit": 337114,
            "gross_margin": 45.09,
            "gross_margin_4q_avg": 45.29,
            "net_income": 90699,
            "revenue": 747638,
            "common_shares": 7907392,
            "book_valuer_per_share": 13.13,
            "book_valuer_per_share_4q_avg": 13.35,
            "equity": 10385238,
            "current_ratio": 580.34,
            "debt_ratio": 14.02,
            "inventory_turnover_ratio": 0.29,
            "account_receivable_turnover_ratio": 2.21,
            "reinvestment_rate": -110.63,
            "research_to_sale_ratio": 7.82,
            "price_fair": 14.18,
            "eps_avg_yearly": 0.41,
            "eps_latest_yearly": 0.44,
            "eps_growth_yearly": 315.72
        },
        "20213": {
            "year_quarter": 20213,
            "year": 2021,
            "quarter": 3,
            "eps": 0.01,
            "eps_growth_year": -90,
            "eps_4q": 0.25,
            "eps_4q_growth_year": -38.67,
            "roe": 0.09,
            "roe_4q": 1.88,
            "gross_profit": 243037,
            "gross_margin": 37.15,
            "gross_margin_4q_avg": 42.22,
            "net_income": 8832,
            "revenue": 654230,
            "common_shares": 7907392,
            "book_valuer_per_share": 13.05,
            "book_valuer_per_share_4q_avg": 13.29,
            "equity": 10321514,
            "current_ratio": 1121.68,
            "debt_ratio": 9.85,
            "inventory_turnover_ratio": 0.29,
            "account_receivable_turnover_ratio": 2.05,
            "reinvestment_rate": -121.38,
            "research_to_sale_ratio": 10.77,
            "price_fair": 13.04,
            "eps_avg_yearly": 0.37,
            "eps_latest_yearly": 0.04,
            "eps_growth_yearly": 286.18
        },
        "20214": {
            "year_quarter": 20214,
            "year": 2021,
            "quarter": 4,
            "eps": 0.07,
            "eps_growth_year": 557.64,
            "eps_4q": 0.31,
            "eps_4q_growth_year": -13.68,
            "roe": 0.52,
            "roe_4q": 2.32,
            "gross_profit": 335568,
            "gross_margin": 46.65,
            "gross_margin_4q_avg": 46.45,
            "net_income": 53702,
            "revenue": 719331,
            "common_shares": 7907392,
            "book_valuer_per_share": 13.29,
            "book_valuer_per_share_4q_avg": 13.29,
            "equity": 10511054,
            "current_ratio": 1072.51,
            "debt_ratio": 10.09,
            "inventory_turnover_ratio": 0.28,
            "account_receivable_turnover_ratio": 2.23,
            "reinvestment_rate": -122.08,
            "research_to_sale_ratio": 12.12,
            "price_fair": 12.95,
            "eps_avg_yearly": 0.37,
            "eps_latest_yearly": 0.28,
            "eps_growth_yearly": 446.89
        },
        "20221": {
            "year_quarter": 20221,
            "year": 2022,
            "quarter": 1,
            "eps": 0.1,
            "eps_growth_year": -9.09,
            "eps_4q": 0.29,
            "eps_4q_growth_year": -31.6,
            "roe": 0.73,
            "roe_4q": 2.2,
            "gross_profit": 297540,
            "gross_margin": 40.32,
            "gross_margin_4q_avg": 42.3,
            "net_income": 77246,
            "revenue": 737939,
            "common_shares": 7907392,
            "book_valuer_per_share": 13.46,
            "book_valuer_per_share_4q_avg": 13.23,
            "equity": 10639616,
            "current_ratio": 975.34,
            "debt_ratio": 10.9,
            "inventory_turnover_ratio": 0.33,
            "account_receivable_turnover_ratio": 1.82,
            "reinvestment_rate": -88.61,
            "research_to_sale_ratio": 6.65,
            "price_fair": 12.34,
            "eps_avg_yearly": 0.35,
            "eps_latest_yearly": 0.4,
            "eps_growth_yearly": 429.48
        },
        "20222": {
            "year_quarter": 20222,
            "year": 2022,
            "quarter": 2,
            "eps": 0.14,
            "eps_growth_year": 27.27,
            "eps_4q": 0.32,
            "eps_4q_growth_year": -4.49,
            "roe": 1.08,
            "roe_4q": 2.42,
            "gross_profit": 345873,
            "gross_margin": 42.94,
            "gross_margin_4q_avg": 41.77,
            "net_income": 113835,
            "revenue": 805538,
            "common_shares": 7907392,
            "book_valuer_per_share": 13.13,
            "book_valuer_per_share_4q_avg": 13.23,
            "equity": 10382752,
            "current_ratio": 634.65,
            "debt_ratio": 13.73,
            "inventory_turnover_ratio": 0.36,
            "account_receivable_turnover_ratio": 1.81,
            "reinvestment_rate": -86.21,
            "research_to_sale_ratio": 8.33,
            "price_fair": 12.08,
            "eps_avg_yearly": 0.35,
            "eps_latest_yearly": 0.56,
            "eps_growth_yearly": 439.48
        },
        "20223": {
            "year_quarter": 20223,
            "year": 2022,
            "quarter": 3,
            "eps": 0.08,
            "eps_growth_year": 700,
            "eps_4q": 0.39,
            "eps_4q_growth_year": 54.27,
            "roe": 0.58,
            "roe_4q": 2.91,
            "gross_profit": 240444,
            "gross_margin": 34.12,
            "gross_margin_4q_avg": 41.01,
            "net_income": 60563,
            "revenue": 704716,
            "common_shares": 7907392,
            "book_valuer_per_share": 13.15,
            "book_valuer_per_share_4q_avg": 13.26,
            "equity": 10395712,
            "current_ratio": 897.1,
            "debt_ratio": 11.45,
            "inventory_turnover_ratio": 0.36,
            "account_receivable_turnover_ratio": 1.81,
            "reinvestment_rate": -85.28,
            "research_to_sale_ratio": 8.64,
            "price_fair": 11.9,
            "eps_avg_yearly": 0.34,
            "eps_latest_yearly": 0.32,
            "eps_growth_yearly": 439.06
        },
        "20224": {
            "year_quarter": 20224,
            "year": 2022,
            "quarter": 4,
            "eps": 0.13,
            "eps_growth_year": 89.14,
            "eps_4q": 0.45,
            "eps_4q_growth_year": 45.08,
            "roe": 0.97,
            "roe_4q": 3.36,
            "gross_profit": 366915,
            "gross_margin": 36.12,
            "gross_margin_4q_avg": 38.38,
            "net_income": 101572,
            "revenue": 1015852,
            "common_shares": 7907392,
            "book_valuer_per_share": 13.22,
            "book_valuer_per_share_4q_avg": 13.24,
            "equity": 10450053,
            "current_ratio": 787,
            "debt_ratio": 12.27,
            "inventory_turnover_ratio": 0.52,
            "account_receivable_turnover_ratio": 2.09,
            "reinvestment_rate": -83.57,
            "research_to_sale_ratio": 9.27,
            "price_fair": 11.99,
            "eps_avg_yearly": 0.34,
            "eps_latest_yearly": 0.52,
            "eps_growth_yearly": 449.68
        },
        "20231": {
            "year_quarter": 20231,
            "year": 2023,
            "quarter": 1,
            "eps": 0.05,
            "eps_growth_year": -50,
            "eps_4q": 0.4,
            "eps_4q_growth_year": 37.97,
            "roe": 0.4,
            "roe_4q": 3.0300000000000002,
            "gross_profit": 243892,
            "gross_margin": 37.61,
            "gross_margin_4q_avg": 37.7,
            "net_income": 42011,
            "revenue": 648430,
            "common_shares": 7907392,
            "book_valuer_per_share": 13.23,
            "book_valuer_per_share_4q_avg": 13.18,
            "equity": 10458283,
            "current_ratio": 735.29,
            "debt_ratio": 12.64,
            "inventory_turnover_ratio": 0.31,
            "account_receivable_turnover_ratio": 1.25,
            "reinvestment_rate": -89.21,
            "research_to_sale_ratio": 11.76,
            "price_fair": 11.55,
            "eps_avg_yearly": 0.33,
            "eps_latest_yearly": 0.2,
            "eps_growth_yearly": 438.47
        }
    },
    "months": {
        "2010-10": {
            "month": "2010-10",
            "price": "55.37",
            "revenue": 321957
        },
        "2010-11": {
            "month": "2010-11",
            "price": "50.18",
            "revenue": 290418
        },
        "2010-12": {
            "month": "2010-12",
            "price": "53.93",
            "revenue": 502912
        },
        "2011-01": {
            "month": "2011-01",
            "price": "55.24",
            "revenue": 182176
        },
        "2011-02": {
            "month": "2011-02",
            "price": "55.67",
            "revenue": 214569
        },
        "2011-03": {
            "month": "2011-03",
            "price": "54.67",
            "revenue": 397482
        },
        "2011-04": {
            "month": "2011-04",
            "price": "53.35",
            "revenue": 247136
        },
        "2011-05": {
            "month": "2011-05",
            "price": "53.48",
            "revenue": 392597
        },
        "2011-06": {
            "month": "2011-06",
            "price": "59.06",
            "revenue": 324968
        },
        "2011-07": {
            "month": "2011-07",
            "price": "66.01",
            "revenue": 428679
        },
        "2011-08": {
            "month": "2011-08",
            "price": "63.45",
            "revenue": 271002
        },
        "2011-09": {
            "month": "2011-09",
            "price": "44.82",
            "revenue": 362691
        },
        "2011-10": {
            "month": "2011-10",
            "price": "42.16",
            "revenue": 262182
        },
        "2011-11": {
            "month": "2011-11",
            "price": "45.01",
            "revenue": 331032
        },
        "2011-12": {
            "month": "2011-12",
            "price": "41.91",
            "revenue": 533941
        },
        "2012-01": {
            "month": "2012-01",
            "price": "42.61",
            "revenue": 260045
        },
        "2012-02": {
            "month": "2012-02",
            "price": "51.17",
            "revenue": 241897
        },
        "2012-03": {
            "month": "2012-03",
            "price": "57.04",
            "revenue": 468773
        },
        "2012-04": {
            "month": "2012-04",
            "price": "52.49",
            "revenue": 253193
        },
        "2012-05": {
            "month": "2012-05",
            "price": "52.19",
            "revenue": 349399
        },
        "2012-06": {
            "month": "2012-06",
            "price": "51.99",
            "revenue": 301463
        },
        "2012-07": {
            "month": "2012-07",
            "price": "57.02",
            "revenue": 450523
        },
        "2012-08": {
            "month": "2012-08",
            "price": "60.10",
            "revenue": 433809
        },
        "2012-09": {
            "month": "2012-09",
            "price": "59.72",
            "revenue": 409077
        },
        "2012-10": {
            "month": "2012-10",
            "price": "58.95",
            "revenue": 363313
        },
        "2012-11": {
            "month": "2012-11",
            "price": "59.30",
            "revenue": 515809
        },
        "2012-12": {
            "month": "2012-12",
            "price": "66.15",
            "revenue": 524897
        },
        "2013-01": {
            "month": "2013-01",
            "price": "68.84",
            "revenue": 356887
        },
        "2013-02": {
            "month": "2013-02",
            "price": "71.52",
            "revenue": 303407
        },
        "2013-03": {
            "month": "2013-03",
            "price": "72.02",
            "revenue": 525322
        },
        "2013-04": {
            "month": "2013-04",
            "price": "69.75",
            "revenue": 378965
        },
        "2013-05": {
            "month": "2013-05",
            "price": "70.65",
            "revenue": 522051
        },
        "2013-06": {
            "month": "2013-06",
            "price": "69.98",
            "revenue": 437505
        },
        "2013-07": {
            "month": "2013-07",
            "price": "74.17",
            "revenue": 474872
        },
        "2013-08": {
            "month": "2013-08",
            "price": "83.78",
            "revenue": 406801
        },
        "2013-09": {
            "month": "2013-09",
            "price": "87.85",
            "revenue": 358124
        },
        "2013-10": {
            "month": "2013-10",
            "price": "92.31",
            "revenue": 333151
        },
        "2013-11": {
            "month": "2013-11",
            "price": "91.82",
            "revenue": 344989
        },
        "2013-12": {
            "month": "2013-12",
            "price": "88.73",
            "revenue": 646722
        },
        "2014-01": {
            "month": "2014-01",
            "price": "87.18",
            "revenue": 476564
        },
        "2014-02": {
            "month": "2014-02",
            "price": "85.79",
            "revenue": 321679
        },
        "2014-03": {
            "month": "2014-03",
            "price": "82.85",
            "revenue": 299002
        },
        "2014-04": {
            "month": "2014-04",
            "price": "83.11",
            "revenue": 408670
        },
        "2014-05": {
            "month": "2014-05",
            "price": "75.76",
            "revenue": 406750
        },
        "2014-06": {
            "month": "2014-06",
            "price": "73.14",
            "revenue": 332385
        },
        "2014-07": {
            "month": "2014-07",
            "price": "72.93",
            "revenue": 256355
        },
        "2014-08": {
            "month": "2014-08",
            "price": "62.63",
            "revenue": 329159
        },
        "2014-09": {
            "month": "2014-09",
            "price": "60.97",
            "revenue": 416964
        },
        "2014-10": {
            "month": "2014-10",
            "price": "59.86",
            "revenue": 342754
        },
        "2014-11": {
            "month": "2014-11",
            "price": "59.34",
            "revenue": 262540
        },
        "2014-12": {
            "month": "2014-12",
            "price": "57.43",
            "revenue": 245022
        },
        "2015-01": {
            "month": "2015-01",
            "price": "53.24",
            "revenue": 321638
        },
        "2015-02": {
            "month": "2015-02",
            "price": "49.14",
            "revenue": 312217
        },
        "2015-03": {
            "month": "2015-03",
            "price": "48.96",
            "revenue": 345203
        },
        "2015-04": {
            "month": "2015-04",
            "price": "51.05",
            "revenue": 329446
        },
        "2015-05": {
            "month": "2015-05",
            "price": "45.52",
            "revenue": 296199
        },
        "2015-06": {
            "month": "2015-06",
            "price": "36.84",
            "revenue": 337449
        },
        "2015-07": {
            "month": "2015-07",
            "price": "35.11",
            "revenue": 332159
        },
        "2015-08": {
            "month": "2015-08",
            "price": "33.74",
            "revenue": 311210
        },
        "2015-09": {
            "month": "2015-09",
            "price": "38.54",
            "revenue": 339579
        },
        "2015-10": {
            "month": "2015-10",
            "price": "38.92",
            "revenue": 370306
        },
        "2015-11": {
            "month": "2015-11",
            "price": "50.16",
            "revenue": 354985
        },
        "2015-12": {
            "month": "2015-12",
            "price": "54.98",
            "revenue": 304816
        },
        "2016-01": {
            "month": "2016-01",
            "price": "49.21",
            "revenue": 332540
        },
        "2016-02": {
            "month": "2016-02",
            "price": "53.05",
            "revenue": 381236
        },
        "2016-03": {
            "month": "2016-03",
            "price": "51.93",
            "revenue": 307980
        },
        "2016-04": {
            "month": "2016-04",
            "price": "45.83",
            "revenue": 368741
        },
        "2016-05": {
            "month": "2016-05",
            "price": "43.29",
            "revenue": 316974
        },
        "2016-06": {
            "month": "2016-06",
            "price": "43.44",
            "revenue": 329335
        },
        "2016-07": {
            "month": "2016-07",
            "price": "44.68",
            "revenue": 336855
        },
        "2016-08": {
            "month": "2016-08",
            "price": "42.21",
            "revenue": 319069
        },
        "2016-09": {
            "month": "2016-09",
            "price": "41.73",
            "revenue": 335700
        },
        "2016-10": {
            "month": "2016-10",
            "price": "41.42",
            "revenue": 317709
        },
        "2016-11": {
            "month": "2016-11",
            "price": "38.78",
            "revenue": 308859
        },
        "2016-12": {
            "month": "2016-12",
            "price": "38.63",
            "revenue": 375923
        },
        "2017-01": {
            "month": "2017-01",
            "price": "38.70",
            "revenue": 283986
        },
        "2017-02": {
            "month": "2017-02",
            "price": "41.57",
            "revenue": 372705
        },
        "2017-03": {
            "month": "2017-03",
            "price": "44.24",
            "revenue": 262791
        },
        "2017-04": {
            "month": "2017-04",
            "price": "41.52",
            "revenue": 261242
        },
        "2017-05": {
            "month": "2017-05",
            "price": "40.80",
            "revenue": 306077
        },
        "2017-06": {
            "month": "2017-06",
            "price": "42.07",
            "revenue": 285841
        },
        "2017-07": {
            "month": "2017-07",
            "price": "40.69",
            "revenue": 253408
        },
        "2017-08": {
            "month": "2017-08",
            "price": "36.40",
            "revenue": 302724
        },
        "2017-09": {
            "month": "2017-09",
            "price": "34.08",
            "revenue": 292697
        },
        "2017-10": {
            "month": "2017-10",
            "price": "33.51",
            "revenue": 304087
        },
        "2017-11": {
            "month": "2017-11",
            "price": "35.09",
            "revenue": 273050
        },
        "2017-12": {
            "month": "2017-12",
            "price": "35.23",
            "revenue": 317873
        },
        "2018-01": {
            "month": "2018-01",
            "price": "35.50",
            "revenue": 276773
        },
        "2018-02": {
            "month": "2018-02",
            "price": "32.63",
            "revenue": 280831
        },
        "2018-03": {
            "month": "2018-03",
            "price": "32.70",
            "revenue": 303683
        },
        "2018-04": {
            "month": "2018-04",
            "price": "33.25",
            "revenue": 285499
        },
        "2018-05": {
            "month": "2018-05",
            "price": "32.32",
            "revenue": 374952
        },
        "2018-06": {
            "month": "2018-06",
            "price": "33.07",
            "revenue": 325156
        },
        "2018-07": {
            "month": "2018-07",
            "price": "32.13",
            "revenue": 252945
        },
        "2018-08": {
            "month": "2018-08",
            "price": "31.70",
            "revenue": 302144
        },
        "2018-09": {
            "month": "2018-09",
            "price": "30.42",
            "revenue": 262616
        },
        "2018-10": {
            "month": "2018-10",
            "price": "26.00",
            "revenue": 251233
        },
        "2018-11": {
            "month": "2018-11",
            "price": "24.81",
            "revenue": 283490
        },
        "2018-12": {
            "month": "2018-12",
            "price": "25.02",
            "revenue": 324941
        },
        "2019-01": {
            "month": "2019-01",
            "price": "26.63",
            "revenue": 314268
        },
        "2019-02": {
            "month": "2019-02",
            "price": "27.32",
            "revenue": 229596
        },
        "2019-03": {
            "month": "2019-03",
            "price": "26.64",
            "revenue": 228181
        },
        "2019-04": {
            "month": "2019-04",
            "price": "26.17",
            "revenue": 126164
        },
        "2019-05": {
            "month": "2019-05",
            "price": "24.77",
            "revenue": 229663
        },
        "2019-06": {
            "month": "2019-06",
            "price": "24.80",
            "revenue": 261746
        },
        "2019-07": {
            "month": "2019-07",
            "price": "25.66",
            "revenue": 252199
        },
        "2019-08": {
            "month": "2019-08",
            "price": "23.42",
            "revenue": 205815
        },
        "2019-09": {
            "month": "2019-09",
            "price": "23.89",
            "revenue": 225599
        },
        "2019-10": {
            "month": "2019-10",
            "price": "23.45",
            "revenue": 217414
        },
        "2019-11": {
            "month": "2019-11",
            "price": "25.54",
            "revenue": 217531
        },
        "2019-12": {
            "month": "2019-12",
            "price": "26.80",
            "revenue": 384607
        },
        "2020-01": {
            "month": "2020-01",
            "price": "26.33",
            "revenue": 158856
        },
        "2020-02": {
            "month": "2020-02",
            "price": "27.96",
            "revenue": 202566
        },
        "2020-03": {
            "month": "2020-03",
            "price": "27.91",
            "revenue": 181101
        },
        "2020-04": {
            "month": "2020-04",
            "price": "28.72",
            "revenue": 352122
        },
        "2020-05": {
            "month": "2020-05",
            "price": "31.60",
            "revenue": 342981
        },
        "2020-06": {
            "month": "2020-06",
            "price": "33.95",
            "revenue": 212977
        },
        "2020-07": {
            "month": "2020-07",
            "price": "34.13",
            "revenue": 343506
        },
        "2020-08": {
            "month": "2020-08",
            "price": "32.58",
            "revenue": 146250
        },
        "2020-09": {
            "month": "2020-09",
            "price": "31.83",
            "revenue": 268571
        },
        "2020-10": {
            "month": "2020-10",
            "price": "29.88",
            "revenue": 311527
        },
        "2020-11": {
            "month": "2020-11",
            "price": "28.86",
            "revenue": 240069
        },
        "2020-12": {
            "month": "2020-12",
            "price": "28.57",
            "revenue": 322402
        },
        "2021-01": {
            "month": "2021-01",
            "price": "26.27",
            "revenue": 202389
        },
        "2021-02": {
            "month": "2021-02",
            "price": "25.45",
            "revenue": 197578
        },
        "2021-03": {
            "month": "2021-03",
            "price": "25.56",
            "revenue": 241169
        },
        "2021-04": {
            "month": "2021-04",
            "price": "27.31",
            "revenue": 234064
        },
        "2021-05": {
            "month": "2021-05",
            "price": "26.81",
            "revenue": 266566
        },
        "2021-06": {
            "month": "2021-06",
            "price": "26.83",
            "revenue": 247008
        },
        "2021-07": {
            "month": "2021-07",
            "price": "25.88",
            "revenue": 207723
        },
        "2021-08": {
            "month": "2021-08",
            "price": "24.94",
            "revenue": 232901
        },
        "2021-09": {
            "month": "2021-09",
            "price": "24.84",
            "revenue": 213606
        },
        "2021-10": {
            "month": "2021-10",
            "price": "24.29",
            "revenue": 241819
        },
        "2021-11": {
            "month": "2021-11",
            "price": "24.50",
            "revenue": 310225
        },
        "2021-12": {
            "month": "2021-12",
            "price": "24.34",
            "revenue": 167287
        },
        "2022-01": {
            "month": "2022-01",
            "price": "23.98",
            "revenue": 243992
        },
        "2022-02": {
            "month": "2022-02",
            "price": "23.65",
            "revenue": 192401
        },
        "2022-03": {
            "month": "2022-03",
            "price": "23.30",
            "revenue": 301546
        },
        "2022-04": {
            "month": "2022-04",
            "price": "25.01",
            "revenue": 161594
        },
        "2022-05": {
            "month": "2022-05",
            "price": "23.10",
            "revenue": 355127
        },
        "2022-06": {
            "month": "2022-06",
            "price": "24.46",
            "revenue": 288817
        },
        "2022-07": {
            "month": "2022-07",
            "price": "25.36",
            "revenue": 290904
        },
        "2022-08": {
            "month": "2022-08",
            "price": "26.38",
            "revenue": 189826
        },
        "2022-09": {
            "month": "2022-09",
            "price": "26.30",
            "revenue": 223986
        },
        "2022-10": {
            "month": "2022-10",
            "price": "23.99",
            "revenue": 235378
        },
        "2022-11": {
            "month": "2022-11",
            "price": "24.12",
            "revenue": 304216
        },
        "2022-12": {
            "month": "2022-12",
            "price": "25.66",
            "revenue": 476258
        },
        "2023-01": {
            "month": "2023-01",
            "price": "25.41",
            "revenue": 216363
        },
        "2023-02": {
            "month": "2023-02",
            "price": "26.23",
            "revenue": 184673
        },
        "2023-03": {
            "month": "2023-03",
            "price": "26.05",
            "revenue": 247394
        },
        "2023-04": {
            "month": "2023-04",
            "price": "27.04",
            "revenue": 191564
        }
    }
}
