{
    "summary": {
        "stock_name": "美時",
        "stock_id": "1795",
        "category": "生技醫療",
        "main_business": "西藥製造、零售",
        "website_url": "http://www.lotuspharm.com.tw",
        "ceo": "Petar Vazharov",
        "pe_ratio": 24,
        "report_year_from": 2004,
        "report_year_to": 2023,
        "age": 19,
        "eps_negative_percentage": 25,
        "eps_growth_avg": {
            "last_all": 8.6,
            "last_2y": 61.5,
            "last_4y": 76.9,
            "last_8y": 26.36,
            "last_12y": 20.5,
            "last_16y": null,
            "last_20y": null,
            "at_2006_last_3y": null,
            "at_2007_last_3y": null,
            "at_2008_last_3y": null,
            "at_2009_last_3y": null,
            "at_2010_last_3y": null,
            "at_2011_last_3y": null,
            "at_2012_last_3y": -32.84,
            "at_2013_last_3y": 0,
            "at_2014_last_3y": -100,
            "at_2015_last_3y": -100,
            "at_2016_last_3y": -100,
            "at_2017_last_3y": -100,
            "at_2018_last_3y": 0,
            "at_2019_last_3y": 33.33,
            "at_2020_last_3y": 84.48,
            "at_2021_last_3y": 71.12,
            "at_2022_last_3y": 71.12,
            "at_2023_last_3y": 71.12,
            "at_2006_last_all": null,
            "at_2007_last_all": null,
            "at_2008_last_all": null,
            "at_2009_last_all": null,
            "at_2010_last_all": 0.74,
            "at_2011_last_all": -32.84,
            "at_2012_last_all": -32.84,
            "at_2013_last_all": -32.84,
            "at_2014_last_all": -49.63,
            "at_2015_last_all": -49.63,
            "at_2016_last_all": -59.71,
            "at_2017_last_all": -59.71,
            "at_2018_last_all": -33.09,
            "at_2019_last_all": -14.08,
            "at_2020_last_all": -5.63,
            "at_2021_last_all": -1.56,
            "at_2022_last_all": 8.6,
            "at_2023_last_all": 8.6
        },
        "latest_eps": 14.38,
        "latest_price": 339,
        "latest_roe": 29.39,
        "latest_gross_margin": 59.85,
        "latest_equity": 14081733,
        "latest_revenue": 4523860,
        "latest_gross_profit": 2707473,
        "latest_net_income": 1193923,
        "latest_debt_ratio": 54.06,
        "latest_current_ratio": 207.7,
        "latest_account_receivable_turnover_ratio": 0.91,
        "latest_inventory_turnover_ratio": 0.53,
        "latest_reinvestment_rate": 44.81,
        "latest_research_to_sale_ratio": 3.65
    },
    "eps_dividends": {
        "2001": {
            "cash": 0,
            "stock": 0,
            "eps": 0
        },
        "2002": {
            "cash": 0,
            "stock": 0,
            "eps": 0
        },
        "2003": {
            "cash": 0,
            "stock": 0,
            "eps": 0
        },
        "2004": {
            "cash": 0,
            "stock": 0,
            "eps": 0
        },
        "2005": {
            "cash": 1,
            "stock": 0,
            "eps": 0
        },
        "2006": {
            "cash": 1,
            "stock": 0,
            "eps": 0
        },
        "2007": {
            "cash": 1,
            "stock": 0,
            "eps": 0
        },
        "2008": {
            "cash": 1,
            "stock": 1,
            "eps": 1.36
        },
        "2009": {
            "cash": 0,
            "stock": 1,
            "eps": 0.02
        },
        "2010": {
            "cash": 0,
            "stock": 1,
            "eps": 0.3
        },
        "2011": {
            "cash": 0,
            "stock": 0,
            "eps": -0.86
        },
        "2012": {
            "cash": 0,
            "stock": 0,
            "eps": -3.98
        },
        "2013": {
            "cash": 0,
            "stock": 0,
            "eps": 0.28
        },
        "2014": {
            "cash": 0,
            "stock": 0,
            "eps": -3.52
        },
        "2015": {
            "cash": 0,
            "stock": 0,
            "eps": 0.42
        },
        "2016": {
            "cash": 0,
            "stock": 0,
            "eps": -0.57
        },
        "2017": {
            "cash": 0,
            "stock": 0,
            "eps": 0.04
        },
        "2018": {
            "cash": 0,
            "stock": 0,
            "eps": 0.42
        },
        "2019": {
            "cash": 0,
            "stock": 0,
            "eps": 2.75
        },
        "2020": {
            "cash": 0,
            "stock": 0,
            "eps": 4.22
        },
        "2021": {
            "cash": 0,
            "stock": 0,
            "eps": 5.53
        },
        "2022": {
            "cash": 2,
            "stock": 0,
            "eps": 11.59
        },
        "2023": {
            "cash": 3,
            "stock": 0,
            "eps": 4.58
        }
    },
    "dividends": {
        "2005-04-29": {
            "cash": 0.8,
            "stock": 0.4
        },
        "2006-03-31": {
            "cash": 0.8,
            "stock": 0
        },
        "2007-04-19": {
            "cash": 1,
            "stock": 0
        },
        "2008-04-03": {
            "cash": 1,
            "stock": 1
        },
        "2009-03-24": {
            "cash": 0.2,
            "stock": 0.5
        },
        "2010-03-22": {
            "cash": 0.1,
            "stock": 0.6
        },
        "2011-04-25": {
            "cash": 0.3,
            "stock": 0
        },
        "2021-08-03": {
            "cash": 0.35,
            "stock": 0
        },
        "2022-08-31": {
            "cash": 1.93,
            "stock": 0
        },
        "2023-03-09": {
            "cash": 3.46,
            "stock": 0
        }
    },
    "prices": {
        "200101": "無",
        "200102": "無",
        "200103": "無",
        "200104": "無",
        "200105": "無",
        "200106": "無",
        "200107": "無",
        "200108": "無",
        "200109": "無",
        "200110": "無",
        "200111": "無",
        "200112": "無",
        "200201": "無",
        "200202": "無",
        "200203": "無",
        "200204": "無",
        "200205": "無",
        "200206": "無",
        "200207": "無",
        "200208": "無",
        "200209": "無",
        "200210": "無",
        "200211": "無",
        "200212": "無",
        "200301": "無",
        "200302": "無",
        "200303": "無",
        "200304": "無",
        "200305": "無",
        "200306": "無",
        "200307": "無",
        "200308": "無",
        "200309": "無",
        "200310": "無",
        "200311": "無",
        "200312": "無",
        "200401": "無",
        "200402": "無",
        "200403": "無",
        "200404": "無",
        "200405": "無",
        "200406": "無",
        "200407": "無",
        "200408": "無",
        "200409": "無",
        "200410": "無",
        "200411": "無",
        "200412": "19.68",
        "200501": "19.06",
        "200502": "19.11",
        "200503": "21.51",
        "200504": "25.20",
        "200505": "24.51",
        "200506": "25.55",
        "200507": "24.30",
        "200508": "24.04",
        "200509": "無",
        "200510": "25.04",
        "200511": "20.91",
        "200512": "18.90",
        "200601": "17.75",
        "200602": "17.50",
        "200603": "17.87",
        "200604": "無",
        "200605": "15.74",
        "200606": "15.50",
        "200607": "14.10",
        "200608": "13.00",
        "200609": "12.64",
        "200610": "12.90",
        "200611": "12.22",
        "200612": "12.31",
        "200701": "12.53",
        "200702": "11.86",
        "200703": "12.19",
        "200704": "12.19",
        "200705": "13.44",
        "200706": "15.95",
        "200707": "23.55",
        "200708": "24.14",
        "200709": "26.10",
        "200710": "26.85",
        "200711": "26.12",
        "200712": "25.04",
        "200801": "20.04",
        "200802": "20.75",
        "200803": "23.08",
        "200804": "24.11",
        "200805": "26.37",
        "200806": "26.38",
        "200807": "23.39",
        "200808": "20.73",
        "200809": "14.24",
        "200810": "11.43",
        "200811": "10.17",
        "200812": "10.98",
        "200901": "13.45",
        "200902": "13.84",
        "200903": "14.64",
        "200904": "18.01",
        "200905": "20.64",
        "200906": "22.56",
        "200907": "33.05",
        "200908": "34.40",
        "200909": "27.17",
        "200910": "27.44",
        "200911": "29.69",
        "200912": "33.50",
        "201001": "28.10",
        "201002": "25.47",
        "201003": "31.88",
        "201004": "43.39",
        "201005": "38.94",
        "201006": "36.02",
        "201007": "41.74",
        "201008": "57.61",
        "201009": "62.56",
        "201010": "68.32",
        "201011": "56.38",
        "201012": "54.35",
        "201101": "49.86",
        "201102": "49.66",
        "201103": "47.54",
        "201104": "51.75",
        "201105": "49.84",
        "201106": "44.62",
        "201107": "42.09",
        "201108": "31.78",
        "201109": "29.58",
        "201110": "28.44",
        "201111": "23.16",
        "201112": "18.63",
        "201201": "20.87",
        "201202": "29.41",
        "201203": "28.54",
        "201204": "25.71",
        "201205": "23.27",
        "201206": "22.58",
        "201207": "23.84",
        "201208": "24.02",
        "201209": "23.83",
        "201210": "26.41",
        "201211": "22.86",
        "201212": "29.60",
        "201301": "38.18",
        "201302": "39.08",
        "201303": "44.13",
        "201304": "38.54",
        "201305": "44.68",
        "201306": "52.12",
        "201307": "54.71",
        "201308": "50.16",
        "201309": "54.62",
        "201310": "66.29",
        "201311": "65.83",
        "201312": "78.45",
        "201401": "91.17",
        "201402": "111.28",
        "201403": "136.88",
        "201404": "132.24",
        "201405": "136.17",
        "201406": "160.08",
        "201407": "169.52",
        "201408": "129.76",
        "201409": "129.07",
        "201410": "95.96",
        "201411": "87.50",
        "201412": "106.34",
        "201501": "95.92",
        "201502": "93.24",
        "201503": "99.83",
        "201504": "96.26",
        "201505": "82.52",
        "201506": "75.77",
        "201507": "78.58",
        "201508": "65.85",
        "201509": "68.84",
        "201510": "73.18",
        "201511": "74.33",
        "201512": "72.22",
        "201601": "63.71",
        "201602": "65.36",
        "201603": "69.07",
        "201604": "66.52",
        "201605": "64.10",
        "201606": "63.42",
        "201607": "62.75",
        "201608": "60.25",
        "201609": "61.78",
        "201610": "59.72",
        "201611": "51.13",
        "201612": "53.01",
        "201701": "59.68",
        "201702": "64.80",
        "201703": "63.02",
        "201704": "54.04",
        "201705": "53.18",
        "201706": "56.39",
        "201707": "54.59",
        "201708": "50.52",
        "201709": "49.88",
        "201710": "48.43",
        "201711": "51.03",
        "201712": "49.36",
        "201801": "49.99",
        "201802": "44.30",
        "201803": "47.45",
        "201804": "73.86",
        "201805": "78.22",
        "201806": "84.13",
        "201807": "69.29",
        "201808": "65.23",
        "201809": "54.21",
        "201810": "60.94",
        "201811": "65.64",
        "201812": "76.43",
        "201901": "76.11",
        "201902": "101.45",
        "201903": "121.50",
        "201904": "106.92",
        "201905": "99.59",
        "201906": "107.70",
        "201907": "117.84",
        "201908": "96.32",
        "201909": "97.84",
        "201910": "94.64",
        "201911": "108.36",
        "201912": "109.84",
        "202001": "107.51",
        "202002": "91.15",
        "202003": "70.28",
        "202004": "68.90",
        "202005": "78.02",
        "202006": "82.24",
        "202007": "81.82",
        "202008": "79.23",
        "202009": "81.61",
        "202010": "80.89",
        "202011": "84.59",
        "202012": "82.63",
        "202101": "74.48",
        "202102": "72.05",
        "202103": "74.22",
        "202104": "81.14",
        "202105": "82.45",
        "202106": "89.02",
        "202107": "130.34",
        "202108": "120.86",
        "202109": "102.22",
        "202110": "96.80",
        "202111": "102.22",
        "202112": "98.65",
        "202201": "89.82",
        "202202": "92.67",
        "202203": "113.99",
        "202204": "126.16",
        "202205": "122.64",
        "202206": "142.17",
        "202207": "139.21",
        "202208": "158.52",
        "202209": "164.33",
        "202210": "155.10",
        "202211": "188.02",
        "202212": "243.20",
        "202301": "240.85",
        "202302": "274.19",
        "202303": "258.33",
        "202304": "262.94",
        "202305": "287.54"
    },
    "quarters": {
        "20011": {
            "year_quarter": 20011,
            "year": 2001,
            "quarter": 1,
            "eps": null,
            "eps_growth_year": null,
            "eps_4q": null,
            "eps_4q_growth_year": null,
            "roe": null,
            "roe_4q": 0,
            "gross_profit": null,
            "gross_margin": null,
            "gross_margin_4q_avg": 0,
            "net_income": null,
            "revenue": null,
            "common_shares": null,
            "book_valuer_per_share": null,
            "book_valuer_per_share_4q_avg": 0,
            "equity": null,
            "current_ratio": null,
            "debt_ratio": null,
            "inventory_turnover_ratio": null,
            "account_receivable_turnover_ratio": null,
            "reinvestment_rate": null,
            "research_to_sale_ratio": null,
            "price_fair": 0,
            "eps_avg_yearly": 0,
            "eps_latest_yearly": 0,
            "eps_growth_yearly": 0
        },
        "20012": {
            "year_quarter": 20012,
            "year": 2001,
            "quarter": 2,
            "eps": null,
            "eps_growth_year": null,
            "eps_4q": null,
            "eps_4q_growth_year": null,
            "roe": null,
            "roe_4q": 0,
            "gross_profit": null,
            "gross_margin": null,
            "gross_margin_4q_avg": 0,
            "net_income": null,
            "revenue": null,
            "common_shares": null,
            "book_valuer_per_share": null,
            "book_valuer_per_share_4q_avg": 0,
            "equity": null,
            "current_ratio": null,
            "debt_ratio": null,
            "inventory_turnover_ratio": null,
            "account_receivable_turnover_ratio": null,
            "reinvestment_rate": null,
            "research_to_sale_ratio": null,
            "price_fair": 0,
            "eps_avg_yearly": 0,
            "eps_latest_yearly": 0,
            "eps_growth_yearly": 0
        },
        "20013": {
            "year_quarter": 20013,
            "year": 2001,
            "quarter": 3,
            "eps": null,
            "eps_growth_year": null,
            "eps_4q": null,
            "eps_4q_growth_year": null,
            "roe": null,
            "roe_4q": 0,
            "gross_profit": null,
            "gross_margin": null,
            "gross_margin_4q_avg": 0,
            "net_income": null,
            "revenue": null,
            "common_shares": null,
            "book_valuer_per_share": null,
            "book_valuer_per_share_4q_avg": 0,
            "equity": null,
            "current_ratio": null,
            "debt_ratio": null,
            "inventory_turnover_ratio": null,
            "account_receivable_turnover_ratio": null,
            "reinvestment_rate": null,
            "research_to_sale_ratio": null,
            "price_fair": 0,
            "eps_avg_yearly": 0,
            "eps_latest_yearly": 0,
            "eps_growth_yearly": 0
        },
        "20014": {
            "year_quarter": 20014,
            "year": 2001,
            "quarter": 4,
            "eps": null,
            "eps_growth_year": null,
            "eps_4q": null,
            "eps_4q_growth_year": null,
            "roe": null,
            "roe_4q": 0,
            "gross_profit": null,
            "gross_margin": null,
            "gross_margin_4q_avg": 0,
            "net_income": null,
            "revenue": null,
            "common_shares": 100000,
            "book_valuer_per_share": 11.53,
            "book_valuer_per_share_4q_avg": 2.88,
            "equity": 115253,
            "current_ratio": 148.64,
            "debt_ratio": 51.87,
            "inventory_turnover_ratio": null,
            "account_receivable_turnover_ratio": null,
            "reinvestment_rate": null,
            "research_to_sale_ratio": null,
            "price_fair": 0,
            "eps_avg_yearly": 0,
            "eps_latest_yearly": 0,
            "eps_growth_yearly": 0
        },
        "20021": {
            "year_quarter": 20021,
            "year": 2002,
            "quarter": 1,
            "eps": null,
            "eps_growth_year": null,
            "eps_4q": null,
            "eps_4q_growth_year": null,
            "roe": null,
            "roe_4q": 0,
            "gross_profit": null,
            "gross_margin": null,
            "gross_margin_4q_avg": 0,
            "net_income": null,
            "revenue": null,
            "common_shares": null,
            "book_valuer_per_share": null,
            "book_valuer_per_share_4q_avg": 2.88,
            "equity": null,
            "current_ratio": null,
            "debt_ratio": null,
            "inventory_turnover_ratio": null,
            "account_receivable_turnover_ratio": null,
            "reinvestment_rate": null,
            "research_to_sale_ratio": null,
            "price_fair": 0,
            "eps_avg_yearly": 0,
            "eps_latest_yearly": 0,
            "eps_growth_yearly": 0
        },
        "20022": {
            "year_quarter": 20022,
            "year": 2002,
            "quarter": 2,
            "eps": null,
            "eps_growth_year": null,
            "eps_4q": null,
            "eps_4q_growth_year": null,
            "roe": null,
            "roe_4q": 0,
            "gross_profit": null,
            "gross_margin": null,
            "gross_margin_4q_avg": 0,
            "net_income": null,
            "revenue": null,
            "common_shares": null,
            "book_valuer_per_share": null,
            "book_valuer_per_share_4q_avg": 2.88,
            "equity": null,
            "current_ratio": null,
            "debt_ratio": null,
            "inventory_turnover_ratio": null,
            "account_receivable_turnover_ratio": null,
            "reinvestment_rate": null,
            "research_to_sale_ratio": null,
            "price_fair": 0,
            "eps_avg_yearly": 0,
            "eps_latest_yearly": 0,
            "eps_growth_yearly": 0
        },
        "20023": {
            "year_quarter": 20023,
            "year": 2002,
            "quarter": 3,
            "eps": null,
            "eps_growth_year": null,
            "eps_4q": null,
            "eps_4q_growth_year": null,
            "roe": null,
            "roe_4q": 0,
            "gross_profit": null,
            "gross_margin": null,
            "gross_margin_4q_avg": 0,
            "net_income": null,
            "revenue": null,
            "common_shares": null,
            "book_valuer_per_share": null,
            "book_valuer_per_share_4q_avg": 2.88,
            "equity": null,
            "current_ratio": null,
            "debt_ratio": null,
            "inventory_turnover_ratio": null,
            "account_receivable_turnover_ratio": null,
            "reinvestment_rate": null,
            "research_to_sale_ratio": null,
            "price_fair": 0,
            "eps_avg_yearly": 0,
            "eps_latest_yearly": 0,
            "eps_growth_yearly": 0
        },
        "20024": {
            "year_quarter": 20024,
            "year": 2002,
            "quarter": 4,
            "eps": null,
            "eps_growth_year": null,
            "eps_4q": null,
            "eps_4q_growth_year": null,
            "roe": null,
            "roe_4q": 0,
            "gross_profit": null,
            "gross_margin": null,
            "gross_margin_4q_avg": 0,
            "net_income": null,
            "revenue": null,
            "common_shares": 150000,
            "book_valuer_per_share": 13.8,
            "book_valuer_per_share_4q_avg": 3.45,
            "equity": 206976,
            "current_ratio": 205.81,
            "debt_ratio": 41.98,
            "inventory_turnover_ratio": null,
            "account_receivable_turnover_ratio": null,
            "reinvestment_rate": null,
            "research_to_sale_ratio": null,
            "price_fair": 0,
            "eps_avg_yearly": 0,
            "eps_latest_yearly": 0,
            "eps_growth_yearly": 0
        },
        "20031": {
            "year_quarter": 20031,
            "year": 2003,
            "quarter": 1,
            "eps": null,
            "eps_growth_year": null,
            "eps_4q": null,
            "eps_4q_growth_year": null,
            "roe": null,
            "roe_4q": 0,
            "gross_profit": null,
            "gross_margin": null,
            "gross_margin_4q_avg": 0,
            "net_income": null,
            "revenue": null,
            "common_shares": null,
            "book_valuer_per_share": null,
            "book_valuer_per_share_4q_avg": 3.45,
            "equity": null,
            "current_ratio": null,
            "debt_ratio": null,
            "inventory_turnover_ratio": null,
            "account_receivable_turnover_ratio": null,
            "reinvestment_rate": null,
            "research_to_sale_ratio": null,
            "price_fair": 0,
            "eps_avg_yearly": 0,
            "eps_latest_yearly": 0,
            "eps_growth_yearly": 0
        },
        "20032": {
            "year_quarter": 20032,
            "year": 2003,
            "quarter": 2,
            "eps": null,
            "eps_growth_year": null,
            "eps_4q": null,
            "eps_4q_growth_year": null,
            "roe": null,
            "roe_4q": 0,
            "gross_profit": null,
            "gross_margin": null,
            "gross_margin_4q_avg": 0,
            "net_income": null,
            "revenue": null,
            "common_shares": null,
            "book_valuer_per_share": null,
            "book_valuer_per_share_4q_avg": 3.45,
            "equity": null,
            "current_ratio": null,
            "debt_ratio": null,
            "inventory_turnover_ratio": null,
            "account_receivable_turnover_ratio": null,
            "reinvestment_rate": null,
            "research_to_sale_ratio": null,
            "price_fair": 0,
            "eps_avg_yearly": 0,
            "eps_latest_yearly": 0,
            "eps_growth_yearly": 0
        },
        "20033": {
            "year_quarter": 20033,
            "year": 2003,
            "quarter": 3,
            "eps": null,
            "eps_growth_year": null,
            "eps_4q": null,
            "eps_4q_growth_year": null,
            "roe": null,
            "roe_4q": 0,
            "gross_profit": null,
            "gross_margin": null,
            "gross_margin_4q_avg": 0,
            "net_income": null,
            "revenue": null,
            "common_shares": null,
            "book_valuer_per_share": null,
            "book_valuer_per_share_4q_avg": 3.45,
            "equity": null,
            "current_ratio": null,
            "debt_ratio": null,
            "inventory_turnover_ratio": null,
            "account_receivable_turnover_ratio": null,
            "reinvestment_rate": null,
            "research_to_sale_ratio": null,
            "price_fair": 0,
            "eps_avg_yearly": 0,
            "eps_latest_yearly": 0,
            "eps_growth_yearly": 0
        },
        "20034": {
            "year_quarter": 20034,
            "year": 2003,
            "quarter": 4,
            "eps": null,
            "eps_growth_year": null,
            "eps_4q": null,
            "eps_4q_growth_year": null,
            "roe": null,
            "roe_4q": 0,
            "gross_profit": null,
            "gross_margin": null,
            "gross_margin_4q_avg": 0,
            "net_income": null,
            "revenue": null,
            "common_shares": 220000,
            "book_valuer_per_share": 14.3,
            "book_valuer_per_share_4q_avg": 3.58,
            "equity": 314532,
            "current_ratio": 249.94,
            "debt_ratio": 33.39,
            "inventory_turnover_ratio": null,
            "account_receivable_turnover_ratio": null,
            "reinvestment_rate": null,
            "research_to_sale_ratio": null,
            "price_fair": 0,
            "eps_avg_yearly": 0,
            "eps_latest_yearly": 0,
            "eps_growth_yearly": 0
        },
        "20041": {
            "year_quarter": 20041,
            "year": 2004,
            "quarter": 1,
            "eps": null,
            "eps_growth_year": null,
            "eps_4q": null,
            "eps_4q_growth_year": null,
            "roe": null,
            "roe_4q": 0,
            "gross_profit": null,
            "gross_margin": null,
            "gross_margin_4q_avg": 0,
            "net_income": null,
            "revenue": null,
            "common_shares": null,
            "book_valuer_per_share": null,
            "book_valuer_per_share_4q_avg": 3.58,
            "equity": null,
            "current_ratio": null,
            "debt_ratio": null,
            "inventory_turnover_ratio": null,
            "account_receivable_turnover_ratio": null,
            "reinvestment_rate": null,
            "research_to_sale_ratio": null,
            "price_fair": 0,
            "eps_avg_yearly": 0,
            "eps_latest_yearly": 0,
            "eps_growth_yearly": 0
        },
        "20042": {
            "year_quarter": 20042,
            "year": 2004,
            "quarter": 2,
            "eps": null,
            "eps_growth_year": null,
            "eps_4q": null,
            "eps_4q_growth_year": null,
            "roe": null,
            "roe_4q": 0,
            "gross_profit": null,
            "gross_margin": null,
            "gross_margin_4q_avg": 0,
            "net_income": null,
            "revenue": null,
            "common_shares": null,
            "book_valuer_per_share": null,
            "book_valuer_per_share_4q_avg": 3.58,
            "equity": null,
            "current_ratio": null,
            "debt_ratio": null,
            "inventory_turnover_ratio": null,
            "account_receivable_turnover_ratio": null,
            "reinvestment_rate": null,
            "research_to_sale_ratio": null,
            "price_fair": 0,
            "eps_avg_yearly": 0,
            "eps_latest_yearly": 0,
            "eps_growth_yearly": 0
        },
        "20043": {
            "year_quarter": 20043,
            "year": 2004,
            "quarter": 3,
            "eps": null,
            "eps_growth_year": null,
            "eps_4q": null,
            "eps_4q_growth_year": null,
            "roe": null,
            "roe_4q": 0,
            "gross_profit": null,
            "gross_margin": null,
            "gross_margin_4q_avg": 0,
            "net_income": null,
            "revenue": null,
            "common_shares": null,
            "book_valuer_per_share": null,
            "book_valuer_per_share_4q_avg": 3.58,
            "equity": null,
            "current_ratio": null,
            "debt_ratio": null,
            "inventory_turnover_ratio": null,
            "account_receivable_turnover_ratio": null,
            "reinvestment_rate": null,
            "research_to_sale_ratio": null,
            "price_fair": 0,
            "eps_avg_yearly": 0,
            "eps_latest_yearly": 0,
            "eps_growth_yearly": 0
        },
        "20044": {
            "year_quarter": 20044,
            "year": 2004,
            "quarter": 4,
            "eps": null,
            "eps_growth_year": null,
            "eps_4q": null,
            "eps_4q_growth_year": null,
            "roe": null,
            "roe_4q": 0,
            "gross_profit": null,
            "gross_margin": null,
            "gross_margin_4q_avg": 0,
            "net_income": null,
            "revenue": null,
            "common_shares": 259600,
            "book_valuer_per_share": 12.83,
            "book_valuer_per_share_4q_avg": 3.21,
            "equity": 333183,
            "current_ratio": 280.86,
            "debt_ratio": 28.09,
            "inventory_turnover_ratio": null,
            "account_receivable_turnover_ratio": null,
            "reinvestment_rate": null,
            "research_to_sale_ratio": null,
            "price_fair": 0,
            "eps_avg_yearly": 0,
            "eps_latest_yearly": 0,
            "eps_growth_yearly": 0
        },
        "20051": {
            "year_quarter": 20051,
            "year": 2005,
            "quarter": 1,
            "eps": null,
            "eps_growth_year": null,
            "eps_4q": null,
            "eps_4q_growth_year": null,
            "roe": null,
            "roe_4q": 0,
            "gross_profit": null,
            "gross_margin": null,
            "gross_margin_4q_avg": 0,
            "net_income": null,
            "revenue": null,
            "common_shares": null,
            "book_valuer_per_share": null,
            "book_valuer_per_share_4q_avg": 3.21,
            "equity": null,
            "current_ratio": null,
            "debt_ratio": null,
            "inventory_turnover_ratio": null,
            "account_receivable_turnover_ratio": null,
            "reinvestment_rate": null,
            "research_to_sale_ratio": null,
            "price_fair": 0,
            "eps_avg_yearly": 0,
            "eps_latest_yearly": 0,
            "eps_growth_yearly": 0
        },
        "20052": {
            "year_quarter": 20052,
            "year": 2005,
            "quarter": 2,
            "eps": null,
            "eps_growth_year": null,
            "eps_4q": null,
            "eps_4q_growth_year": null,
            "roe": null,
            "roe_4q": 0,
            "gross_profit": null,
            "gross_margin": null,
            "gross_margin_4q_avg": 0,
            "net_income": null,
            "revenue": null,
            "common_shares": null,
            "book_valuer_per_share": null,
            "book_valuer_per_share_4q_avg": 3.21,
            "equity": null,
            "current_ratio": null,
            "debt_ratio": null,
            "inventory_turnover_ratio": null,
            "account_receivable_turnover_ratio": null,
            "reinvestment_rate": null,
            "research_to_sale_ratio": null,
            "price_fair": 0,
            "eps_avg_yearly": 0,
            "eps_latest_yearly": 0,
            "eps_growth_yearly": 0
        },
        "20053": {
            "year_quarter": 20053,
            "year": 2005,
            "quarter": 3,
            "eps": null,
            "eps_growth_year": null,
            "eps_4q": null,
            "eps_4q_growth_year": null,
            "roe": null,
            "roe_4q": 0,
            "gross_profit": null,
            "gross_margin": null,
            "gross_margin_4q_avg": 0,
            "net_income": null,
            "revenue": null,
            "common_shares": null,
            "book_valuer_per_share": null,
            "book_valuer_per_share_4q_avg": 3.21,
            "equity": null,
            "current_ratio": null,
            "debt_ratio": null,
            "inventory_turnover_ratio": null,
            "account_receivable_turnover_ratio": null,
            "reinvestment_rate": null,
            "research_to_sale_ratio": null,
            "price_fair": 0,
            "eps_avg_yearly": 0,
            "eps_latest_yearly": 0,
            "eps_growth_yearly": 0
        },
        "20054": {
            "year_quarter": 20054,
            "year": 2005,
            "quarter": 4,
            "eps": null,
            "eps_growth_year": null,
            "eps_4q": null,
            "eps_4q_growth_year": null,
            "roe": null,
            "roe_4q": 0,
            "gross_profit": null,
            "gross_margin": null,
            "gross_margin_4q_avg": 0,
            "net_income": null,
            "revenue": null,
            "common_shares": 269984,
            "book_valuer_per_share": 13.37,
            "book_valuer_per_share_4q_avg": 3.34,
            "equity": 360937,
            "current_ratio": 213.66,
            "debt_ratio": 31.58,
            "inventory_turnover_ratio": null,
            "account_receivable_turnover_ratio": null,
            "reinvestment_rate": null,
            "research_to_sale_ratio": null,
            "price_fair": 0,
            "eps_avg_yearly": 0,
            "eps_latest_yearly": 0,
            "eps_growth_yearly": 0
        },
        "20061": {
            "year_quarter": 20061,
            "year": 2006,
            "quarter": 1,
            "eps": null,
            "eps_growth_year": null,
            "eps_4q": null,
            "eps_4q_growth_year": null,
            "roe": null,
            "roe_4q": 0,
            "gross_profit": null,
            "gross_margin": null,
            "gross_margin_4q_avg": 0,
            "net_income": null,
            "revenue": null,
            "common_shares": null,
            "book_valuer_per_share": null,
            "book_valuer_per_share_4q_avg": 3.34,
            "equity": null,
            "current_ratio": null,
            "debt_ratio": null,
            "inventory_turnover_ratio": null,
            "account_receivable_turnover_ratio": null,
            "reinvestment_rate": null,
            "research_to_sale_ratio": null,
            "price_fair": 0,
            "eps_avg_yearly": 0,
            "eps_latest_yearly": 0,
            "eps_growth_yearly": 0
        },
        "20062": {
            "year_quarter": 20062,
            "year": 2006,
            "quarter": 2,
            "eps": null,
            "eps_growth_year": null,
            "eps_4q": null,
            "eps_4q_growth_year": null,
            "roe": null,
            "roe_4q": 0,
            "gross_profit": null,
            "gross_margin": null,
            "gross_margin_4q_avg": 0,
            "net_income": null,
            "revenue": null,
            "common_shares": null,
            "book_valuer_per_share": null,
            "book_valuer_per_share_4q_avg": 3.34,
            "equity": null,
            "current_ratio": null,
            "debt_ratio": null,
            "inventory_turnover_ratio": null,
            "account_receivable_turnover_ratio": null,
            "reinvestment_rate": null,
            "research_to_sale_ratio": null,
            "price_fair": 0,
            "eps_avg_yearly": 0,
            "eps_latest_yearly": 0,
            "eps_growth_yearly": 0
        },
        "20063": {
            "year_quarter": 20063,
            "year": 2006,
            "quarter": 3,
            "eps": null,
            "eps_growth_year": null,
            "eps_4q": null,
            "eps_4q_growth_year": null,
            "roe": null,
            "roe_4q": 0,
            "gross_profit": null,
            "gross_margin": null,
            "gross_margin_4q_avg": 0,
            "net_income": null,
            "revenue": null,
            "common_shares": null,
            "book_valuer_per_share": null,
            "book_valuer_per_share_4q_avg": 3.34,
            "equity": null,
            "current_ratio": null,
            "debt_ratio": null,
            "inventory_turnover_ratio": null,
            "account_receivable_turnover_ratio": null,
            "reinvestment_rate": null,
            "research_to_sale_ratio": null,
            "price_fair": 0,
            "eps_avg_yearly": 0,
            "eps_latest_yearly": 0,
            "eps_growth_yearly": 0
        },
        "20064": {
            "year_quarter": 20064,
            "year": 2006,
            "quarter": 4,
            "eps": null,
            "eps_growth_year": null,
            "eps_4q": null,
            "eps_4q_growth_year": null,
            "roe": null,
            "roe_4q": 0,
            "gross_profit": null,
            "gross_margin": null,
            "gross_margin_4q_avg": 0,
            "net_income": null,
            "revenue": null,
            "common_shares": 269984,
            "book_valuer_per_share": 14.06,
            "book_valuer_per_share_4q_avg": 3.52,
            "equity": 379676,
            "current_ratio": 204.03,
            "debt_ratio": 34.82,
            "inventory_turnover_ratio": null,
            "account_receivable_turnover_ratio": null,
            "reinvestment_rate": null,
            "research_to_sale_ratio": null,
            "price_fair": 0,
            "eps_avg_yearly": 0,
            "eps_latest_yearly": 0,
            "eps_growth_yearly": 0
        },
        "20071": {
            "year_quarter": 20071,
            "year": 2007,
            "quarter": 1,
            "eps": null,
            "eps_growth_year": null,
            "eps_4q": null,
            "eps_4q_growth_year": null,
            "roe": null,
            "roe_4q": 0,
            "gross_profit": null,
            "gross_margin": null,
            "gross_margin_4q_avg": 0,
            "net_income": null,
            "revenue": null,
            "common_shares": null,
            "book_valuer_per_share": null,
            "book_valuer_per_share_4q_avg": 3.52,
            "equity": null,
            "current_ratio": null,
            "debt_ratio": null,
            "inventory_turnover_ratio": null,
            "account_receivable_turnover_ratio": null,
            "reinvestment_rate": null,
            "research_to_sale_ratio": null,
            "price_fair": 0,
            "eps_avg_yearly": 0,
            "eps_latest_yearly": 0,
            "eps_growth_yearly": 0
        },
        "20072": {
            "year_quarter": 20072,
            "year": 2007,
            "quarter": 2,
            "eps": null,
            "eps_growth_year": null,
            "eps_4q": null,
            "eps_4q_growth_year": null,
            "roe": null,
            "roe_4q": 0,
            "gross_profit": null,
            "gross_margin": null,
            "gross_margin_4q_avg": 0,
            "net_income": null,
            "revenue": null,
            "common_shares": null,
            "book_valuer_per_share": null,
            "book_valuer_per_share_4q_avg": 3.52,
            "equity": null,
            "current_ratio": null,
            "debt_ratio": null,
            "inventory_turnover_ratio": null,
            "account_receivable_turnover_ratio": null,
            "reinvestment_rate": null,
            "research_to_sale_ratio": null,
            "price_fair": 0,
            "eps_avg_yearly": 0,
            "eps_latest_yearly": 0,
            "eps_growth_yearly": 0
        },
        "20073": {
            "year_quarter": 20073,
            "year": 2007,
            "quarter": 3,
            "eps": null,
            "eps_growth_year": null,
            "eps_4q": null,
            "eps_4q_growth_year": null,
            "roe": null,
            "roe_4q": 0,
            "gross_profit": null,
            "gross_margin": null,
            "gross_margin_4q_avg": 0,
            "net_income": null,
            "revenue": null,
            "common_shares": null,
            "book_valuer_per_share": null,
            "book_valuer_per_share_4q_avg": 3.52,
            "equity": null,
            "current_ratio": null,
            "debt_ratio": null,
            "inventory_turnover_ratio": null,
            "account_receivable_turnover_ratio": null,
            "reinvestment_rate": null,
            "research_to_sale_ratio": null,
            "price_fair": 0,
            "eps_avg_yearly": 0,
            "eps_latest_yearly": 0,
            "eps_growth_yearly": 0
        },
        "20074": {
            "year_quarter": 20074,
            "year": 2007,
            "quarter": 4,
            "eps": null,
            "eps_growth_year": null,
            "eps_4q": null,
            "eps_4q_growth_year": null,
            "roe": null,
            "roe_4q": 0,
            "gross_profit": null,
            "gross_margin": null,
            "gross_margin_4q_avg": 0,
            "net_income": null,
            "revenue": null,
            "common_shares": 269984,
            "book_valuer_per_share": 14.76,
            "book_valuer_per_share_4q_avg": 3.69,
            "equity": 398478,
            "current_ratio": 198.34,
            "debt_ratio": 39.16,
            "inventory_turnover_ratio": null,
            "account_receivable_turnover_ratio": null,
            "reinvestment_rate": null,
            "research_to_sale_ratio": null,
            "price_fair": 0,
            "eps_avg_yearly": 0,
            "eps_latest_yearly": 0,
            "eps_growth_yearly": 0
        },
        "20081": {
            "year_quarter": 20081,
            "year": 2008,
            "quarter": 1,
            "eps": 0.13,
            "eps_growth_year": null,
            "eps_4q": null,
            "eps_4q_growth_year": null,
            "roe": 0.95,
            "roe_4q": 0.95,
            "gross_profit": 87271,
            "gross_margin": 65.88,
            "gross_margin_4q_avg": 16.47,
            "net_income": 3812,
            "revenue": 132469,
            "common_shares": 269984,
            "book_valuer_per_share": 14.9,
            "book_valuer_per_share_4q_avg": 7.42,
            "equity": 402290,
            "current_ratio": 214.22,
            "debt_ratio": 35.68,
            "inventory_turnover_ratio": 0.65,
            "account_receivable_turnover_ratio": null,
            "reinvestment_rate": null,
            "research_to_sale_ratio": null,
            "price_fair": 0,
            "eps_avg_yearly": 0,
            "eps_latest_yearly": 0,
            "eps_growth_yearly": 0
        },
        "20082": {
            "year_quarter": 20082,
            "year": 2008,
            "quarter": 2,
            "eps": 0.28,
            "eps_growth_year": null,
            "eps_4q": null,
            "eps_4q_growth_year": null,
            "roe": 2.1,
            "roe_4q": 3.05,
            "gross_profit": 89967,
            "gross_margin": 64.31,
            "gross_margin_4q_avg": 32.55,
            "net_income": 8208,
            "revenue": 139903,
            "common_shares": 269984,
            "book_valuer_per_share": 14.11,
            "book_valuer_per_share_4q_avg": 10.94,
            "equity": 381037,
            "current_ratio": 173.66,
            "debt_ratio": 41.2,
            "inventory_turnover_ratio": 0.63,
            "account_receivable_turnover_ratio": null,
            "reinvestment_rate": null,
            "research_to_sale_ratio": null,
            "price_fair": 39.2,
            "eps_avg_yearly": 1.12,
            "eps_latest_yearly": 1.12,
            "eps_growth_yearly": 461.54
        },
        "20083": {
            "year_quarter": 20083,
            "year": 2008,
            "quarter": 3,
            "eps": 0.75,
            "eps_growth_year": null,
            "eps_4q": null,
            "eps_4q_growth_year": null,
            "roe": 5.65,
            "roe_4q": 8.7,
            "gross_profit": 85793,
            "gross_margin": 64.6,
            "gross_margin_4q_avg": 48.7,
            "net_income": 22154,
            "revenue": 132810,
            "common_shares": 296982,
            "book_valuer_per_share": 13.58,
            "book_valuer_per_share_4q_avg": 14.34,
            "equity": 403191,
            "current_ratio": 183.47,
            "debt_ratio": 37.73,
            "inventory_turnover_ratio": 0.54,
            "account_receivable_turnover_ratio": null,
            "reinvestment_rate": null,
            "research_to_sale_ratio": null,
            "price_fair": 72.1,
            "eps_avg_yearly": 2.06,
            "eps_latest_yearly": 3,
            "eps_growth_yearly": 566.48
        },
        "20084": {
            "year_quarter": 20084,
            "year": 2008,
            "quarter": 4,
            "eps": 0.2,
            "eps_growth_year": null,
            "eps_4q": 1.33,
            "eps_4q_growth_year": null,
            "roe": 1.49,
            "roe_4q": 10.19,
            "gross_profit": 87633,
            "gross_margin": 61.36,
            "gross_margin_4q_avg": 64.04,
            "net_income": 6059,
            "revenue": 142824,
            "common_shares": 296982,
            "book_valuer_per_share": 13.81,
            "book_valuer_per_share_4q_avg": 14.1,
            "equity": 410036,
            "current_ratio": 200.02,
            "debt_ratio": 36.48,
            "inventory_turnover_ratio": 0.65,
            "account_receivable_turnover_ratio": 1.89,
            "reinvestment_rate": null,
            "research_to_sale_ratio": null,
            "price_fair": 57.4,
            "eps_avg_yearly": 1.64,
            "eps_latest_yearly": 0.8,
            "eps_growth_yearly": 279.88
        },
        "20091": {
            "year_quarter": 20091,
            "year": 2009,
            "quarter": 1,
            "eps": -0.7,
            "eps_growth_year": -638.46,
            "eps_4q": 0.42,
            "eps_4q_growth_year": null,
            "roe": -5.2,
            "roe_4q": 4.040000000000001,
            "gross_profit": 80974,
            "gross_margin": 58.49,
            "gross_margin_4q_avg": 62.19,
            "net_income": -22054,
            "revenue": 138451,
            "common_shares": 344982,
            "book_valuer_per_share": 12.72,
            "book_valuer_per_share_4q_avg": 13.56,
            "equity": 438718,
            "current_ratio": 189.43,
            "debt_ratio": 37.46,
            "inventory_turnover_ratio": 0.69,
            "account_receivable_turnover_ratio": 0.9,
            "reinvestment_rate": null,
            "research_to_sale_ratio": null,
            "price_fair": 57.4,
            "eps_avg_yearly": 1.64,
            "eps_latest_yearly": 0.8,
            "eps_growth_yearly": 279.88
        },
        "20092": {
            "year_quarter": 20092,
            "year": 2009,
            "quarter": 2,
            "eps": 0.46,
            "eps_growth_year": 64.29,
            "eps_4q": 0.64,
            "eps_4q_growth_year": null,
            "roe": 3.64,
            "roe_4q": 5.58,
            "gross_profit": 101198,
            "gross_margin": 62.81,
            "gross_margin_4q_avg": 61.82,
            "net_income": 16125,
            "revenue": 161112,
            "common_shares": 344982,
            "book_valuer_per_share": 12.98,
            "book_valuer_per_share_4q_avg": 13.27,
            "equity": 447944,
            "current_ratio": 198.22,
            "debt_ratio": 34.94,
            "inventory_turnover_ratio": 0.69,
            "account_receivable_turnover_ratio": 1.01,
            "reinvestment_rate": null,
            "research_to_sale_ratio": null,
            "price_fair": 57.4,
            "eps_avg_yearly": 1.64,
            "eps_latest_yearly": 0.8,
            "eps_growth_yearly": 279.88
        },
        "20093": {
            "year_quarter": 20093,
            "year": 2009,
            "quarter": 3,
            "eps": 0.23,
            "eps_growth_year": -69.33,
            "eps_4q": 0.23,
            "eps_4q_growth_year": null,
            "roe": 1.77,
            "roe_4q": 1.7,
            "gross_profit": 89661,
            "gross_margin": 59.21,
            "gross_margin_4q_avg": 60.47,
            "net_income": 8000,
            "revenue": 151441,
            "common_shares": 362232,
            "book_valuer_per_share": 12.58,
            "book_valuer_per_share_4q_avg": 13.02,
            "equity": 455681,
            "current_ratio": 210.95,
            "debt_ratio": 33.49,
            "inventory_turnover_ratio": 0.67,
            "account_receivable_turnover_ratio": 0.97,
            "reinvestment_rate": null,
            "research_to_sale_ratio": null,
            "price_fair": 51.1,
            "eps_avg_yearly": 1.46,
            "eps_latest_yearly": 0.92,
            "eps_growth_yearly": 159.91
        },
        "20094": {
            "year_quarter": 20094,
            "year": 2009,
            "quarter": 4,
            "eps": 0.03,
            "eps_growth_year": -85,
            "eps_4q": 0.09,
            "eps_4q_growth_year": -93.52,
            "roe": 0.23,
            "roe_4q": 0.4400000000000004,
            "gross_profit": 86563,
            "gross_margin": 55.55,
            "gross_margin_4q_avg": 59.02,
            "net_income": 1046,
            "revenue": 155818,
            "common_shares": 362231,
            "book_valuer_per_share": 12.61,
            "book_valuer_per_share_4q_avg": 12.72,
            "equity": 456733,
            "current_ratio": 187.58,
            "debt_ratio": 35.39,
            "inventory_turnover_ratio": 0.77,
            "account_receivable_turnover_ratio": 2.1,
            "reinvestment_rate": null,
            "research_to_sale_ratio": null,
            "price_fair": 41.72,
            "eps_avg_yearly": 1.19,
            "eps_latest_yearly": 0.12,
            "eps_growth_yearly": 58.36
        },
        "20101": {
            "year_quarter": 20101,
            "year": 2010,
            "quarter": 1,
            "eps": -0.28,
            "eps_growth_year": null,
            "eps_4q": 0.35,
            "eps_4q_growth_year": -16.16,
            "roe": -2.19,
            "roe_4q": 3.45,
            "gross_profit": 69021,
            "gross_margin": 50.13,
            "gross_margin_4q_avg": 56.93,
            "net_income": -10942,
            "revenue": 137678,
            "common_shares": 407522,
            "book_valuer_per_share": 13.28,
            "book_valuer_per_share_4q_avg": 12.86,
            "equity": 541166,
            "current_ratio": 256.71,
            "debt_ratio": 26.04,
            "inventory_turnover_ratio": 0.81,
            "account_receivable_turnover_ratio": 0.99,
            "reinvestment_rate": null,
            "research_to_sale_ratio": 14.78,
            "price_fair": 41.72,
            "eps_avg_yearly": 1.19,
            "eps_latest_yearly": 0.12,
            "eps_growth_yearly": 58.36
        },
        "20102": {
            "year_quarter": 20102,
            "year": 2010,
            "quarter": 2,
            "eps": 0.16,
            "eps_growth_year": -64.37,
            "eps_4q": 0.12,
            "eps_4q_growth_year": -81.13,
            "roe": 1.3,
            "roe_4q": 1.11,
            "gross_profit": 93606,
            "gross_margin": 61.96,
            "gross_margin_4q_avg": 56.71,
            "net_income": 7079,
            "revenue": 151082,
            "common_shares": 407521,
            "book_valuer_per_share": 13.36,
            "book_valuer_per_share_4q_avg": 12.96,
            "equity": 544368,
            "current_ratio": 256.98,
            "debt_ratio": 25.48,
            "inventory_turnover_ratio": 0.69,
            "account_receivable_turnover_ratio": 1.13,
            "reinvestment_rate": null,
            "research_to_sale_ratio": 17.51,
            "price_fair": 41.72,
            "eps_avg_yearly": 1.19,
            "eps_latest_yearly": 0.12,
            "eps_growth_yearly": 58.36
        },
        "20103": {
            "year_quarter": 20103,
            "year": 2010,
            "quarter": 3,
            "eps": 0.03,
            "eps_growth_year": -85.8,
            "eps_4q": -0.03,
            "eps_4q_growth_year": -113.92,
            "roe": 0.25,
            "roe_4q": -0.4099999999999999,
            "gross_profit": 89574,
            "gross_margin": 63.88,
            "gross_margin_4q_avg": 57.88,
            "net_income": 1411,
            "revenue": 140231,
            "common_shares": 431973,
            "book_valuer_per_share": 13.06,
            "book_valuer_per_share_4q_avg": 13.08,
            "equity": 564393,
            "current_ratio": 521.44,
            "debt_ratio": 49.28,
            "inventory_turnover_ratio": 0.6,
            "account_receivable_turnover_ratio": 0.95,
            "reinvestment_rate": null,
            "research_to_sale_ratio": 17.73,
            "price_fair": 3.04,
            "eps_avg_yearly": 1.01,
            "eps_latest_yearly": 0.12,
            "eps_growth_yearly": -5.53
        },
        "20104": {
            "year_quarter": 20104,
            "year": 2010,
            "quarter": 4,
            "eps": 0.39,
            "eps_growth_year": 1208.7,
            "eps_4q": 0.34,
            "eps_4q_growth_year": 292.34,
            "roe": 2.89,
            "roe_4q": 2.2500000000000004,
            "gross_profit": 102323,
            "gross_margin": 63.48,
            "gross_margin_4q_avg": 59.86,
            "net_income": 17503,
            "revenue": 161193,
            "common_shares": 432167,
            "book_valuer_per_share": 14.51,
            "book_valuer_per_share_4q_avg": 13.55,
            "equity": 646945,
            "current_ratio": 474.26,
            "debt_ratio": 43.29,
            "inventory_turnover_ratio": 0.75,
            "account_receivable_turnover_ratio": 1,
            "reinvestment_rate": null,
            "research_to_sale_ratio": 15.6,
            "price_fair": 38.2,
            "eps_avg_yearly": 1.09,
            "eps_latest_yearly": 1.56,
            "eps_growth_yearly": 680.97
        },
        "20111": {
            "year_quarter": 20111,
            "year": 2011,
            "quarter": 1,
            "eps": -0.05,
            "eps_growth_year": null,
            "eps_4q": 0.53,
            "eps_4q_growth_year": 52.39,
            "roe": -0.35,
            "roe_4q": 4.09,
            "gross_profit": 76237,
            "gross_margin": 62.81,
            "gross_margin_4q_avg": 63.03,
            "net_income": -2272,
            "revenue": 121379,
            "common_shares": 445811,
            "book_valuer_per_share": 14.47,
            "book_valuer_per_share_4q_avg": 13.85,
            "equity": 645025,
            "current_ratio": 458.09,
            "debt_ratio": 43.74,
            "inventory_turnover_ratio": 0.53,
            "account_receivable_turnover_ratio": 0.79,
            "reinvestment_rate": null,
            "research_to_sale_ratio": 23.87,
            "price_fair": 38.2,
            "eps_avg_yearly": 1.09,
            "eps_latest_yearly": 1.56,
            "eps_growth_yearly": 680.97
        },
        "20112": {
            "year_quarter": 20112,
            "year": 2011,
            "quarter": 2,
            "eps": 1.62,
            "eps_growth_year": 890.09,
            "eps_4q": 2,
            "eps_4q_growth_year": 1563.39,
            "roe": 10.73,
            "roe_4q": 13.520000000000001,
            "gross_profit": 69582,
            "gross_margin": 60.09,
            "gross_margin_4q_avg": 62.57,
            "net_income": 72334,
            "revenue": 115800,
            "common_shares": 445811,
            "book_valuer_per_share": 15.78,
            "book_valuer_per_share_4q_avg": 14.46,
            "equity": 703282,
            "current_ratio": 432.37,
            "debt_ratio": 42.29,
            "inventory_turnover_ratio": 0.44,
            "account_receivable_turnover_ratio": 0.85,
            "reinvestment_rate": null,
            "research_to_sale_ratio": 52.05,
            "price_fair": 38.2,
            "eps_avg_yearly": 1.09,
            "eps_latest_yearly": 1.56,
            "eps_growth_yearly": 680.97
        },
        "20113": {
            "year_quarter": 20113,
            "year": 2011,
            "quarter": 3,
            "eps": -2.49,
            "eps_growth_year": -7731.87,
            "eps_4q": -0.53,
            "eps_4q_growth_year": null,
            "roe": -17.12,
            "roe_4q": -3.85,
            "gross_profit": 67760,
            "gross_margin": 54.49,
            "gross_margin_4q_avg": 60.22,
            "net_income": -111084,
            "revenue": 124349,
            "common_shares": 445811,
            "book_valuer_per_share": 13.33,
            "book_valuer_per_share_4q_avg": 14.52,
            "equity": 594223,
            "current_ratio": 335.04,
            "debt_ratio": 47.45,
            "inventory_turnover_ratio": 0.46,
            "account_receivable_turnover_ratio": 0.94,
            "reinvestment_rate": null,
            "research_to_sale_ratio": 54.63,
            "price_fair": 38.2,
            "eps_avg_yearly": 1.09,
            "eps_latest_yearly": 1.56,
            "eps_growth_yearly": 680.97
        },
        "20114": {
            "year_quarter": 20114,
            "year": 2011,
            "quarter": 4,
            "eps": 0.06,
            "eps_growth_year": -85.02,
            "eps_4q": -0.86,
            "eps_4q_growth_year": -355.38,
            "roe": 0.44,
            "roe_4q": -6.299999999999999,
            "gross_profit": 113919,
            "gross_margin": 66.74,
            "gross_margin_4q_avg": 61.03,
            "net_income": 2619,
            "revenue": 170681,
            "common_shares": 445811,
            "book_valuer_per_share": 13.38,
            "book_valuer_per_share_4q_avg": 14.24,
            "equity": 596051,
            "current_ratio": 117.9,
            "debt_ratio": 46.82,
            "inventory_turnover_ratio": 0.47,
            "account_receivable_turnover_ratio": 1.12,
            "reinvestment_rate": 1418.45,
            "research_to_sale_ratio": 47.3,
            "price_fair": 38.2,
            "eps_avg_yearly": 1.09,
            "eps_latest_yearly": 1.56,
            "eps_growth_yearly": 680.97
        },
        "20121": {
            "year_quarter": 20121,
            "year": 2012,
            "quarter": 1,
            "eps": -0.81,
            "eps_growth_year": null,
            "eps_4q": -1.62,
            "eps_4q_growth_year": -405.08,
            "roe": -6.23,
            "roe_4q": -12.18,
            "gross_profit": 45882,
            "gross_margin": 44.94,
            "gross_margin_4q_avg": 56.57,
            "net_income": -35893,
            "revenue": 102086,
            "common_shares": 445811,
            "book_valuer_per_share": 12.53,
            "book_valuer_per_share_4q_avg": 13.76,
            "equity": 556009,
            "current_ratio": 105,
            "debt_ratio": 58.05,
            "inventory_turnover_ratio": 0.5,
            "account_receivable_turnover_ratio": 0.7,
            "reinvestment_rate": null,
            "research_to_sale_ratio": 39.99,
            "price_fair": 38.2,
            "eps_avg_yearly": 1.09,
            "eps_latest_yearly": 1.56,
            "eps_growth_yearly": 680.97
        },
        "20122": {
            "year_quarter": 20122,
            "year": 2012,
            "quarter": 2,
            "eps": -1.9,
            "eps_growth_year": -217.11,
            "eps_4q": -5.15,
            "eps_4q_growth_year": -358.22,
            "roe": -16.42,
            "roe_4q": -39.33,
            "gross_profit": 52264,
            "gross_margin": 45.32,
            "gross_margin_4q_avg": 52.87,
            "net_income": -84305,
            "revenue": 115315,
            "common_shares": 445811,
            "book_valuer_per_share": 10.61,
            "book_valuer_per_share_4q_avg": 12.46,
            "equity": 470603,
            "current_ratio": 91.26,
            "debt_ratio": 63.41,
            "inventory_turnover_ratio": 0.56,
            "account_receivable_turnover_ratio": 0.91,
            "reinvestment_rate": null,
            "research_to_sale_ratio": 75.96,
            "price_fair": 38.03,
            "eps_avg_yearly": 1.09,
            "eps_latest_yearly": 1.56,
            "eps_growth_yearly": 717.54
        },
        "20123": {
            "year_quarter": 20123,
            "year": 2012,
            "quarter": 3,
            "eps": 0.08,
            "eps_growth_year": null,
            "eps_4q": -2.57,
            "eps_4q_growth_year": null,
            "roe": 0.78,
            "roe_4q": -21.430000000000003,
            "gross_profit": 101737,
            "gross_margin": 67.46,
            "gross_margin_4q_avg": 56.12,
            "net_income": 3699,
            "revenue": 150800,
            "common_shares": 445811,
            "book_valuer_per_share": 10.68,
            "book_valuer_per_share_4q_avg": 11.8,
            "equity": 473999,
            "current_ratio": 91.91,
            "debt_ratio": 58.49,
            "inventory_turnover_ratio": 0.44,
            "account_receivable_turnover_ratio": 1.07,
            "reinvestment_rate": null,
            "research_to_sale_ratio": 24.32,
            "price_fair": 24.64,
            "eps_avg_yearly": 0.7,
            "eps_latest_yearly": 1.56,
            "eps_growth_yearly": 726.77
        },
        "20124": {
            "year_quarter": 20124,
            "year": 2012,
            "quarter": 4,
            "eps": -1.35,
            "eps_growth_year": -2387.85,
            "eps_4q": -3.39,
            "eps_4q_growth_year": null,
            "roe": -13.81,
            "roe_4q": -35.68000000000001,
            "gross_profit": 75054,
            "gross_margin": 55.62,
            "gross_margin_4q_avg": 53.34,
            "net_income": -76735,
            "revenue": 134952,
            "common_shares": 570811,
            "book_valuer_per_share": 11.17,
            "book_valuer_per_share_4q_avg": 11.25,
            "equity": 637281,
            "current_ratio": 136.48,
            "debt_ratio": 41.27,
            "inventory_turnover_ratio": 0.54,
            "account_receivable_turnover_ratio": 1.02,
            "reinvestment_rate": null,
            "research_to_sale_ratio": 49.53,
            "price_fair": 23.8,
            "eps_avg_yearly": 0.68,
            "eps_latest_yearly": 1.56,
            "eps_growth_yearly": 981.79
        },
        "20131": {
            "year_quarter": 20131,
            "year": 2013,
            "quarter": 1,
            "eps": 0.52,
            "eps_growth_year": null,
            "eps_4q": -2.25,
            "eps_4q_growth_year": null,
            "roe": 4.55,
            "roe_4q": -24.900000000000006,
            "gross_profit": 108635,
            "gross_margin": 67.99,
            "gross_margin_4q_avg": 59.1,
            "net_income": 29483,
            "revenue": 159780,
            "common_shares": 570811,
            "book_valuer_per_share": 11.6,
            "book_valuer_per_share_4q_avg": 11.02,
            "equity": 659777,
            "current_ratio": 159.65,
            "debt_ratio": 40.26,
            "inventory_turnover_ratio": 0.43,
            "account_receivable_turnover_ratio": 1.39,
            "reinvestment_rate": null,
            "research_to_sale_ratio": 18.23,
            "price_fair": 23.8,
            "eps_avg_yearly": 0.68,
            "eps_latest_yearly": 1.56,
            "eps_growth_yearly": 981.79
        },
        "20132": {
            "year_quarter": 20132,
            "year": 2013,
            "quarter": 2,
            "eps": -0.12,
            "eps_growth_year": null,
            "eps_4q": -0.88,
            "eps_4q_growth_year": null,
            "roe": -1.05,
            "roe_4q": -9.530000000000001,
            "gross_profit": 75324,
            "gross_margin": 57.05,
            "gross_margin_4q_avg": 62.03,
            "net_income": -6986,
            "revenue": 132024,
            "common_shares": 574578,
            "book_valuer_per_share": 11.72,
            "book_valuer_per_share_4q_avg": 11.29,
            "equity": 670983,
            "current_ratio": 157.64,
            "debt_ratio": 40.72,
            "inventory_turnover_ratio": 0.41,
            "account_receivable_turnover_ratio": 1.13,
            "reinvestment_rate": null,
            "research_to_sale_ratio": 24.41,
            "price_fair": 23.8,
            "eps_avg_yearly": 0.68,
            "eps_latest_yearly": 1.56,
            "eps_growth_yearly": 981.79
        },
        "20133": {
            "year_quarter": 20133,
            "year": 2013,
            "quarter": 3,
            "eps": 0.08,
            "eps_growth_year": -4.04,
            "eps_4q": -0.84,
            "eps_4q_growth_year": null,
            "roe": 0.62,
            "roe_4q": -9.690000000000001,
            "gross_profit": 97975,
            "gross_margin": 64.26,
            "gross_margin_4q_avg": 61.23,
            "net_income": 4489,
            "revenue": 152459,
            "common_shares": 593922,
            "book_valuer_per_share": 12.95,
            "book_valuer_per_share_4q_avg": 11.86,
            "equity": 766402,
            "current_ratio": 172.13,
            "debt_ratio": 41.07,
            "inventory_turnover_ratio": 0.33,
            "account_receivable_turnover_ratio": 1.25,
            "reinvestment_rate": null,
            "research_to_sale_ratio": 41.65,
            "price_fair": 21,
            "eps_avg_yearly": 0.6,
            "eps_latest_yearly": 1.56,
            "eps_growth_yearly": 1375.72
        },
        "20134": {
            "year_quarter": 20134,
            "year": 2013,
            "quarter": 4,
            "eps": -0.2,
            "eps_growth_year": null,
            "eps_4q": 0.16,
            "eps_4q_growth_year": null,
            "roe": -1.34,
            "roe_4q": 2.78,
            "gross_profit": 127148,
            "gross_margin": 59.35,
            "gross_margin_4q_avg": 62.16,
            "net_income": -15104,
            "revenue": 214218,
            "common_shares": 743922,
            "book_valuer_per_share": 20.05,
            "book_valuer_per_share_4q_avg": 14.08,
            "equity": 1487579,
            "current_ratio": 1193.53,
            "debt_ratio": 25.64,
            "inventory_turnover_ratio": 0.48,
            "account_receivable_turnover_ratio": 1.68,
            "reinvestment_rate": null,
            "research_to_sale_ratio": 30.52,
            "price_fair": 29.4,
            "eps_avg_yearly": 0.84,
            "eps_latest_yearly": 1.56,
            "eps_growth_yearly": 2237.5
        },
        "20141": {
            "year_quarter": 20141,
            "year": 2014,
            "quarter": 1,
            "eps": -0.69,
            "eps_growth_year": -232.69,
            "eps_4q": -0.92,
            "eps_4q_growth_year": null,
            "roe": -3.48,
            "roe_4q": -5.25,
            "gross_profit": 61640,
            "gross_margin": 48.15,
            "gross_margin_4q_avg": 57.2,
            "net_income": -50836,
            "revenue": 128019,
            "common_shares": 743922,
            "book_valuer_per_share": 19.34,
            "book_valuer_per_share_4q_avg": 16.02,
            "equity": 1434594,
            "current_ratio": 1088.34,
            "debt_ratio": 26.54,
            "inventory_turnover_ratio": 0.36,
            "account_receivable_turnover_ratio": 1.02,
            "reinvestment_rate": null,
            "research_to_sale_ratio": 45.37,
            "price_fair": 29.4,
            "eps_avg_yearly": 0.84,
            "eps_latest_yearly": 1.56,
            "eps_growth_yearly": 2237.5
        },
        "20142": {
            "year_quarter": 20142,
            "year": 2014,
            "quarter": 2,
            "eps": -1.65,
            "eps_growth_year": null,
            "eps_4q": -2.47,
            "eps_4q_growth_year": null,
            "roe": -8.88,
            "roe_4q": -13.080000000000002,
            "gross_profit": 70878,
            "gross_margin": 48.86,
            "gross_margin_4q_avg": 55.16,
            "net_income": -122067,
            "revenue": 145074,
            "common_shares": 743922,
            "book_valuer_per_share": 17.72,
            "book_valuer_per_share_4q_avg": 17.52,
            "equity": 1314667,
            "current_ratio": 697.87,
            "debt_ratio": 30.2,
            "inventory_turnover_ratio": 0.39,
            "account_receivable_turnover_ratio": 1.13,
            "reinvestment_rate": null,
            "research_to_sale_ratio": 84.87,
            "price_fair": 29.4,
            "eps_avg_yearly": 0.84,
            "eps_latest_yearly": 1.56,
            "eps_growth_yearly": 2237.5
        },
        "20143": {
            "year_quarter": 20143,
            "year": 2014,
            "quarter": 3,
            "eps": -0.44,
            "eps_growth_year": -650,
            "eps_4q": -1.18,
            "eps_4q_growth_year": null,
            "roe": -2.4,
            "roe_4q": -16.1,
            "gross_profit": 272491,
            "gross_margin": 46.59,
            "gross_margin_4q_avg": 50.74,
            "net_income": -104186,
            "revenue": 584861,
            "common_shares": 2325705,
            "book_valuer_per_share": 27.72,
            "book_valuer_per_share_4q_avg": 21.21,
            "equity": 7372286,
            "current_ratio": 521.46,
            "debt_ratio": 17.48,
            "inventory_turnover_ratio": 0.79,
            "account_receivable_turnover_ratio": 0.98,
            "reinvestment_rate": null,
            "research_to_sale_ratio": 6.56,
            "price_fair": 54.6,
            "eps_avg_yearly": 1.56,
            "eps_latest_yearly": 1.56,
            "eps_growth_yearly": 4800
        },
        "20144": {
            "year_quarter": 20144,
            "year": 2014,
            "quarter": 4,
            "eps": -0.74,
            "eps_growth_year": null,
            "eps_4q": -1.83,
            "eps_4q_growth_year": -1240.26,
            "roe": -3.18,
            "roe_4q": -17.94,
            "gross_profit": 324342,
            "gross_margin": 49.08,
            "gross_margin_4q_avg": 48.17,
            "net_income": -257061,
            "revenue": 660898,
            "common_shares": 2384690,
            "book_valuer_per_share": 33.16,
            "book_valuer_per_share_4q_avg": 24.49,
            "equity": 8810932,
            "current_ratio": 178.05,
            "debt_ratio": 45.85,
            "inventory_turnover_ratio": 0.4,
            "account_receivable_turnover_ratio": 0.46,
            "reinvestment_rate": null,
            "research_to_sale_ratio": 13.77,
            "price_fair": 0,
            "eps_avg_yearly": 0,
            "eps_latest_yearly": 0,
            "eps_growth_yearly": 0
        },
        "20151": {
            "year_quarter": 20151,
            "year": 2015,
            "quarter": 1,
            "eps": -0.13,
            "eps_growth_year": null,
            "eps_4q": -1.74,
            "eps_4q_growth_year": null,
            "roe": -0.24,
            "roe_4q": -14.700000000000001,
            "gross_profit": 744933,
            "gross_margin": 57.55,
            "gross_margin_4q_avg": 50.52,
            "net_income": -21146,
            "revenue": 1294448,
            "common_shares": 2384917,
            "book_valuer_per_share": 32.67,
            "book_valuer_per_share_4q_avg": 27.82,
            "equity": 8688076,
            "current_ratio": 179.18,
            "debt_ratio": 45.42,
            "inventory_turnover_ratio": 0.53,
            "account_receivable_turnover_ratio": 0.73,
            "reinvestment_rate": null,
            "research_to_sale_ratio": 3.52,
            "price_fair": 0,
            "eps_avg_yearly": 0,
            "eps_latest_yearly": 0,
            "eps_growth_yearly": 0
        },
        "20152": {
            "year_quarter": 20152,
            "year": 2015,
            "quarter": 2,
            "eps": 0.37,
            "eps_growth_year": null,
            "eps_4q": -0.85,
            "eps_4q_growth_year": null,
            "roe": 1.44,
            "roe_4q": -4.38,
            "gross_profit": 760235,
            "gross_margin": 56.84,
            "gross_margin_4q_avg": 52.52,
            "net_income": 125184,
            "revenue": 1337398,
            "common_shares": 2384917,
            "book_valuer_per_share": 32.83,
            "book_valuer_per_share_4q_avg": 31.6,
            "equity": 8751417,
            "current_ratio": 183.4,
            "debt_ratio": 43.81,
            "inventory_turnover_ratio": 0.59,
            "account_receivable_turnover_ratio": 0.78,
            "reinvestment_rate": null,
            "research_to_sale_ratio": 4.29,
            "price_fair": 0,
            "eps_avg_yearly": 0,
            "eps_latest_yearly": 0,
            "eps_growth_yearly": 0
        },
        "20153": {
            "year_quarter": 20153,
            "year": 2015,
            "quarter": 3,
            "eps": 0.06,
            "eps_growth_year": null,
            "eps_4q": -0.43,
            "eps_4q_growth_year": null,
            "roe": 0.19,
            "roe_4q": -1.7900000000000003,
            "gross_profit": 873430,
            "gross_margin": 61.62,
            "gross_margin_4q_avg": 56.27,
            "net_income": 16588,
            "revenue": 1417450,
            "common_shares": 2384917,
            "book_valuer_per_share": 32.83,
            "book_valuer_per_share_4q_avg": 32.87,
            "equity": 8748655,
            "current_ratio": 259.78,
            "debt_ratio": 43.87,
            "inventory_turnover_ratio": 0.59,
            "account_receivable_turnover_ratio": 0.87,
            "reinvestment_rate": null,
            "research_to_sale_ratio": 6.81,
            "price_fair": 0.72,
            "eps_avg_yearly": 0.24,
            "eps_latest_yearly": 0.24,
            "eps_growth_yearly": -335.14
        },
        "20154": {
            "year_quarter": 20154,
            "year": 2015,
            "quarter": 4,
            "eps": 0.12,
            "eps_growth_year": null,
            "eps_4q": 0.44,
            "eps_4q_growth_year": null,
            "roe": 0.47,
            "roe_4q": 1.8599999999999997,
            "gross_profit": 850190,
            "gross_margin": 57.73,
            "gross_margin_4q_avg": 58.44,
            "net_income": 40663,
            "revenue": 1472641,
            "common_shares": 2384917,
            "book_valuer_per_share": 32.76,
            "book_valuer_per_share_4q_avg": 32.77,
            "equity": 8730632,
            "current_ratio": 241.41,
            "debt_ratio": 43.68,
            "inventory_turnover_ratio": 0.69,
            "account_receivable_turnover_ratio": 0.98,
            "reinvestment_rate": null,
            "research_to_sale_ratio": 6.56,
            "price_fair": 12.6,
            "eps_avg_yearly": 0.36,
            "eps_latest_yearly": 0.48,
            "eps_growth_yearly": 32.43
        },
        "20161": {
            "year_quarter": 20161,
            "year": 2016,
            "quarter": 1,
            "eps": 0.27,
            "eps_growth_year": null,
            "eps_4q": 0.83,
            "eps_4q_growth_year": null,
            "roe": 1.03,
            "roe_4q": 3.13,
            "gross_profit": 779400,
            "gross_margin": 54.68,
            "gross_margin_4q_avg": 57.72,
            "net_income": 90570,
            "revenue": 1425275,
            "common_shares": 2384917,
            "book_valuer_per_share": 33.07,
            "book_valuer_per_share_4q_avg": 32.87,
            "equity": 8833689,
            "current_ratio": 248.09,
            "debt_ratio": 43.34,
            "inventory_turnover_ratio": 0.71,
            "account_receivable_turnover_ratio": 0.99,
            "reinvestment_rate": null,
            "research_to_sale_ratio": 4.42,
            "price_fair": 21,
            "eps_avg_yearly": 0.6,
            "eps_latest_yearly": 1.08,
            "eps_growth_yearly": 188.29
        },
        "20162": {
            "year_quarter": 20162,
            "year": 2016,
            "quarter": 2,
            "eps": 0.07,
            "eps_growth_year": -81.08,
            "eps_4q": 0.53,
            "eps_4q_growth_year": null,
            "roe": 0.62,
            "roe_4q": 2.31,
            "gross_profit": 946950,
            "gross_margin": 59.39,
            "gross_margin_4q_avg": 58.36,
            "net_income": 54355,
            "revenue": 1594332,
            "common_shares": 2384917,
            "book_valuer_per_share": 32.95,
            "book_valuer_per_share_4q_avg": 32.9,
            "equity": 8835116,
            "current_ratio": 225.2,
            "debt_ratio": 44.68,
            "inventory_turnover_ratio": 0.68,
            "account_receivable_turnover_ratio": 1.13,
            "reinvestment_rate": null,
            "research_to_sale_ratio": 4.15,
            "price_fair": 18.2,
            "eps_avg_yearly": 0.52,
            "eps_latest_yearly": 0.28,
            "eps_growth_yearly": 67.14
        },
        "20163": {
            "year_quarter": 20163,
            "year": 2016,
            "quarter": 3,
            "eps": -0.14,
            "eps_growth_year": -333.33,
            "eps_4q": 0.33,
            "eps_4q_growth_year": null,
            "roe": -0.22,
            "roe_4q": 1.9000000000000001,
            "gross_profit": 806985,
            "gross_margin": 57.49,
            "gross_margin_4q_avg": 57.32,
            "net_income": -19755,
            "revenue": 1403603,
            "common_shares": 2384917,
            "book_valuer_per_share": 32.99,
            "book_valuer_per_share_4q_avg": 32.94,
            "equity": 8864248,
            "current_ratio": 224.06,
            "debt_ratio": 45.36,
            "inventory_turnover_ratio": 0.6,
            "account_receivable_turnover_ratio": 1.03,
            "reinvestment_rate": null,
            "research_to_sale_ratio": 6.43,
            "price_fair": 18.2,
            "eps_avg_yearly": 0.52,
            "eps_latest_yearly": 0.28,
            "eps_growth_yearly": 67.14
        },
        "20164": {
            "year_quarter": 20164,
            "year": 2016,
            "quarter": 4,
            "eps": -0.77,
            "eps_growth_year": -713.68,
            "eps_4q": -0.56,
            "eps_4q_growth_year": -228.95,
            "roe": -2.53,
            "roe_4q": -1.0999999999999999,
            "gross_profit": 794694,
            "gross_margin": 53.72,
            "gross_margin_4q_avg": 56.32,
            "net_income": -217715,
            "revenue": 1479356,
            "common_shares": 2384917,
            "book_valuer_per_share": 31.21,
            "book_valuer_per_share_4q_avg": 32.56,
            "equity": 8360991,
            "current_ratio": 138.13,
            "debt_ratio": 45.15,
            "inventory_turnover_ratio": 0.7,
            "account_receivable_turnover_ratio": 1.18,
            "reinvestment_rate": null,
            "research_to_sale_ratio": 15.74,
            "price_fair": 18.2,
            "eps_avg_yearly": 0.52,
            "eps_latest_yearly": 0.28,
            "eps_growth_yearly": 67.14
        },
        "20171": {
            "year_quarter": 20171,
            "year": 2017,
            "quarter": 1,
            "eps": -0.3,
            "eps_growth_year": -211.11,
            "eps_4q": -1.13,
            "eps_4q_growth_year": -236.43,
            "roe": -0.88,
            "roe_4q": -3.01,
            "gross_profit": 672396,
            "gross_margin": 46.82,
            "gross_margin_4q_avg": 54.36,
            "net_income": -73703,
            "revenue": 1436112,
            "common_shares": 2384917,
            "book_valuer_per_share": 31.41,
            "book_valuer_per_share_4q_avg": 32.14,
            "equity": 8428152,
            "current_ratio": 232.25,
            "debt_ratio": 46.49,
            "inventory_turnover_ratio": 0.74,
            "account_receivable_turnover_ratio": 1.21,
            "reinvestment_rate": null,
            "research_to_sale_ratio": 5.45,
            "price_fair": 18.2,
            "eps_avg_yearly": 0.52,
            "eps_latest_yearly": 0.28,
            "eps_growth_yearly": 67.14
        },
        "20172": {
            "year_quarter": 20172,
            "year": 2017,
            "quarter": 2,
            "eps": 0.15,
            "eps_growth_year": 114.29,
            "eps_4q": -1.06,
            "eps_4q_growth_year": -300.91,
            "roe": 0.71,
            "roe_4q": -2.92,
            "gross_profit": 747790,
            "gross_margin": 47.41,
            "gross_margin_4q_avg": 51.36,
            "net_income": 57524,
            "revenue": 1577430,
            "common_shares": 2384917,
            "book_valuer_per_share": 30.33,
            "book_valuer_per_share_4q_avg": 31.49,
            "equity": 7885847,
            "current_ratio": 257.48,
            "debt_ratio": 49.58,
            "inventory_turnover_ratio": 0.8,
            "account_receivable_turnover_ratio": 1.37,
            "reinvestment_rate": null,
            "research_to_sale_ratio": 4.42,
            "price_fair": 18.2,
            "eps_avg_yearly": 0.52,
            "eps_latest_yearly": 0.28,
            "eps_growth_yearly": 67.14
        },
        "20173": {
            "year_quarter": 20173,
            "year": 2017,
            "quarter": 3,
            "eps": 0.2,
            "eps_growth_year": null,
            "eps_4q": -0.72,
            "eps_4q_growth_year": -319.66,
            "roe": 0.87,
            "roe_4q": -1.8299999999999996,
            "gross_profit": 783327,
            "gross_margin": 49.6,
            "gross_margin_4q_avg": 49.39,
            "net_income": 69092,
            "revenue": 1579129,
            "common_shares": 2384917,
            "book_valuer_per_share": 30.6,
            "book_valuer_per_share_4q_avg": 30.89,
            "equity": 7973710,
            "current_ratio": 234.85,
            "debt_ratio": 49.33,
            "inventory_turnover_ratio": 0.81,
            "account_receivable_turnover_ratio": 1.37,
            "reinvestment_rate": null,
            "research_to_sale_ratio": 5.77,
            "price_fair": 20.16,
            "eps_avg_yearly": 0.58,
            "eps_latest_yearly": 0.8,
            "eps_growth_yearly": 80.38
        },
        "20174": {
            "year_quarter": 20174,
            "year": 2017,
            "quarter": 4,
            "eps": -0.01,
            "eps_growth_year": null,
            "eps_4q": 0.03,
            "eps_4q_growth_year": null,
            "roe": -0.05,
            "roe_4q": 0.6499999999999998,
            "gross_profit": 876161,
            "gross_margin": 47.85,
            "gross_margin_4q_avg": 47.92,
            "net_income": -4095,
            "revenue": 1831089,
            "common_shares": 2384917,
            "book_valuer_per_share": 30.59,
            "book_valuer_per_share_4q_avg": 30.73,
            "equity": 7697021,
            "current_ratio": 223.94,
            "debt_ratio": 50.85,
            "inventory_turnover_ratio": 1.01,
            "account_receivable_turnover_ratio": 1.51,
            "reinvestment_rate": null,
            "research_to_sale_ratio": 4.94,
            "price_fair": 20.16,
            "eps_avg_yearly": 0.58,
            "eps_latest_yearly": 0.8,
            "eps_growth_yearly": 80.38
        },
        "20181": {
            "year_quarter": 20181,
            "year": 2018,
            "quarter": 1,
            "eps": 0.07,
            "eps_growth_year": null,
            "eps_4q": 0.4,
            "eps_4q_growth_year": null,
            "roe": 0.33,
            "roe_4q": 1.8599999999999999,
            "gross_profit": 683280,
            "gross_margin": 45.86,
            "gross_margin_4q_avg": 47.68,
            "net_income": 24982,
            "revenue": 1489784,
            "common_shares": 2384917,
            "book_valuer_per_share": 30.36,
            "book_valuer_per_share_4q_avg": 30.47,
            "equity": 7646103,
            "current_ratio": 216.94,
            "debt_ratio": 50.53,
            "inventory_turnover_ratio": 0.91,
            "account_receivable_turnover_ratio": 1.23,
            "reinvestment_rate": null,
            "research_to_sale_ratio": 5.91,
            "price_fair": 20.16,
            "eps_avg_yearly": 0.58,
            "eps_latest_yearly": 0.8,
            "eps_growth_yearly": 80.38
        },
        "20182": {
            "year_quarter": 20182,
            "year": 2018,
            "quarter": 2,
            "eps": -0.23,
            "eps_growth_year": -253.33,
            "eps_4q": 0.02,
            "eps_4q_growth_year": null,
            "roe": -0.64,
            "roe_4q": 0.51,
            "gross_profit": 782885,
            "gross_margin": 47.87,
            "gross_margin_4q_avg": 47.8,
            "net_income": -48797,
            "revenue": 1635282,
            "common_shares": 2382007,
            "book_valuer_per_share": 29.94,
            "book_valuer_per_share_4q_avg": 30.37,
            "equity": 7551029,
            "current_ratio": 188.82,
            "debt_ratio": 51.71,
            "inventory_turnover_ratio": 1,
            "account_receivable_turnover_ratio": 1.36,
            "reinvestment_rate": null,
            "research_to_sale_ratio": 4.48,
            "price_fair": 20.16,
            "eps_avg_yearly": 0.58,
            "eps_latest_yearly": 0.8,
            "eps_growth_yearly": 80.38
        },
        "20183": {
            "year_quarter": 20183,
            "year": 2018,
            "quarter": 3,
            "eps": 0.28,
            "eps_growth_year": 40,
            "eps_4q": 0.1,
            "eps_4q_growth_year": null,
            "roe": 0.99,
            "roe_4q": 0.6299999999999999,
            "gross_profit": 815898,
            "gross_margin": 51.6,
            "gross_margin_4q_avg": 48.3,
            "net_income": 75019,
            "revenue": 1581233,
            "common_shares": 2382007,
            "book_valuer_per_share": 30.42,
            "book_valuer_per_share_4q_avg": 30.33,
            "equity": 7674571,
            "current_ratio": 174.32,
            "debt_ratio": 51.1,
            "inventory_turnover_ratio": 0.84,
            "account_receivable_turnover_ratio": 1.31,
            "reinvestment_rate": null,
            "research_to_sale_ratio": 4.79,
            "price_fair": 20.16,
            "eps_avg_yearly": 0.58,
            "eps_latest_yearly": 0.8,
            "eps_growth_yearly": 80.38
        },
        "20184": {
            "year_quarter": 20184,
            "year": 2018,
            "quarter": 4,
            "eps": 0.3,
            "eps_growth_year": null,
            "eps_4q": 0.42,
            "eps_4q_growth_year": 1194.41,
            "roe": 0.95,
            "roe_4q": 1.63,
            "gross_profit": 857417,
            "gross_margin": 49.77,
            "gross_margin_4q_avg": 48.78,
            "net_income": 72884,
            "revenue": 1722595,
            "common_shares": 2382007,
            "book_valuer_per_share": 30.33,
            "book_valuer_per_share_4q_avg": 30.26,
            "equity": 7680722,
            "current_ratio": 169.23,
            "debt_ratio": 48.29,
            "inventory_turnover_ratio": 0.82,
            "account_receivable_turnover_ratio": 1.48,
            "reinvestment_rate": -236.54,
            "research_to_sale_ratio": 5.1,
            "price_fair": 23.8,
            "eps_avg_yearly": 0.68,
            "eps_latest_yearly": 1.2,
            "eps_growth_yearly": 71.75
        },
        "20191": {
            "year_quarter": 20191,
            "year": 2019,
            "quarter": 1,
            "eps": 1.16,
            "eps_growth_year": 1557.14,
            "eps_4q": 1.51,
            "eps_4q_growth_year": 276.14,
            "roe": 3.68,
            "roe_4q": 4.98,
            "gross_profit": 1079091,
            "gross_margin": 49.44,
            "gross_margin_4q_avg": 49.67,
            "net_income": 287031,
            "revenue": 2182671,
            "common_shares": 2382007,
            "book_valuer_per_share": 31.29,
            "book_valuer_per_share_4q_avg": 30.5,
            "equity": 7916268,
            "current_ratio": 195.24,
            "debt_ratio": 56.13,
            "inventory_turnover_ratio": 0.7,
            "account_receivable_turnover_ratio": 1.5,
            "reinvestment_rate": -30.8,
            "research_to_sale_ratio": 3.95,
            "price_fair": 43.6,
            "eps_avg_yearly": 1.25,
            "eps_latest_yearly": 4.64,
            "eps_growth_yearly": 225.31
        },
        "20192": {
            "year_quarter": 20192,
            "year": 2019,
            "quarter": 2,
            "eps": 0.2,
            "eps_growth_year": null,
            "eps_4q": 1.91,
            "eps_4q_growth_year": 8684.68,
            "roe": 0.67,
            "roe_4q": 6.290000000000001,
            "gross_profit": 963462,
            "gross_margin": 50.87,
            "gross_margin_4q_avg": 50.42,
            "net_income": 51989,
            "revenue": 1893864,
            "common_shares": 2431140,
            "book_valuer_per_share": 31.52,
            "book_valuer_per_share_4q_avg": 30.89,
            "equity": 7663785,
            "current_ratio": 173.33,
            "debt_ratio": 58.39,
            "inventory_turnover_ratio": 0.42,
            "account_receivable_turnover_ratio": 1.13,
            "reinvestment_rate": -34.22,
            "research_to_sale_ratio": 6.61,
            "price_fair": 41.65,
            "eps_avg_yearly": 1.19,
            "eps_latest_yearly": 0.8,
            "eps_growth_yearly": 155.76
        },
        "20193": {
            "year_quarter": 20193,
            "year": 2019,
            "quarter": 3,
            "eps": 0.82,
            "eps_growth_year": 192.86,
            "eps_4q": 2.45,
            "eps_4q_growth_year": 2318.33,
            "roe": 2.61,
            "roe_4q": 7.91,
            "gross_profit": 1031204,
            "gross_margin": 52.35,
            "gross_margin_4q_avg": 50.61,
            "net_income": 200018,
            "revenue": 1969931,
            "common_shares": 2431140,
            "book_valuer_per_share": 31.49,
            "book_valuer_per_share_4q_avg": 31.16,
            "equity": 7658861,
            "current_ratio": 198,
            "debt_ratio": 57.57,
            "inventory_turnover_ratio": 0.41,
            "account_receivable_turnover_ratio": 1.2,
            "reinvestment_rate": -27.55,
            "research_to_sale_ratio": 6.87,
            "price_fair": 54.95,
            "eps_avg_yearly": 1.57,
            "eps_latest_yearly": 3.28,
            "eps_growth_yearly": 352.66
        },
        "20194": {
            "year_quarter": 20194,
            "year": 2019,
            "quarter": 4,
            "eps": 0.57,
            "eps_growth_year": 89.35,
            "eps_4q": 2.73,
            "eps_4q_growth_year": 552.83,
            "roe": 1.81,
            "roe_4q": 8.77,
            "gross_profit": 1174114,
            "gross_margin": 37.53,
            "gross_margin_4q_avg": 47.55,
            "net_income": 139245,
            "revenue": 3128274,
            "common_shares": 2431140,
            "book_valuer_per_share": 31.85,
            "book_valuer_per_share_4q_avg": 31.54,
            "equity": 7743829,
            "current_ratio": 184.86,
            "debt_ratio": 56.78,
            "inventory_turnover_ratio": 1.12,
            "account_receivable_turnover_ratio": 1.6,
            "reinvestment_rate": -33.56,
            "research_to_sale_ratio": 6.61,
            "price_fair": 62.83,
            "eps_avg_yearly": 1.8,
            "eps_latest_yearly": 2.28,
            "eps_growth_yearly": 287.41
        },
        "20201": {
            "year_quarter": 20201,
            "year": 2020,
            "quarter": 1,
            "eps": 0.54,
            "eps_growth_year": -53.45,
            "eps_4q": 2.13,
            "eps_4q_growth_year": 41.46,
            "roe": 1.72,
            "roe_4q": 6.8100000000000005,
            "gross_profit": 900695,
            "gross_margin": 45.89,
            "gross_margin_4q_avg": 46.66,
            "net_income": 131691,
            "revenue": 1962532,
            "common_shares": 2431140,
            "book_valuer_per_share": 31.26,
            "book_valuer_per_share_4q_avg": 31.53,
            "equity": 7602760,
            "current_ratio": 158.65,
            "debt_ratio": 59.19,
            "inventory_turnover_ratio": 0.81,
            "account_receivable_turnover_ratio": 0.9,
            "reinvestment_rate": -24.2,
            "research_to_sale_ratio": 4.63,
            "price_fair": 67.55,
            "eps_avg_yearly": 1.93,
            "eps_latest_yearly": 2.16,
            "eps_growth_yearly": 222.28
        },
        "20202": {
            "year_quarter": 20202,
            "year": 2020,
            "quarter": 2,
            "eps": 1.23,
            "eps_growth_year": 515,
            "eps_4q": 3.14,
            "eps_4q_growth_year": 64.49,
            "roe": 3.85,
            "roe_4q": 9.99,
            "gross_profit": 1076902,
            "gross_margin": 40.23,
            "gross_margin_4q_avg": 44,
            "net_income": 298655,
            "revenue": 2676913,
            "common_shares": 2453040,
            "book_valuer_per_share": 32.19,
            "book_valuer_per_share_4q_avg": 31.7,
            "equity": 7898744,
            "current_ratio": 146.48,
            "debt_ratio": 56.36,
            "inventory_turnover_ratio": 1.15,
            "account_receivable_turnover_ratio": 1.12,
            "reinvestment_rate": -6.43,
            "research_to_sale_ratio": 3.21,
            "price_fair": 87.85,
            "eps_avg_yearly": 2.51,
            "eps_latest_yearly": 4.92,
            "eps_growth_yearly": 323.21
        },
        "20203": {
            "year_quarter": 20203,
            "year": 2020,
            "quarter": 3,
            "eps": 1.15,
            "eps_growth_year": 40.24,
            "eps_4q": 3.46,
            "eps_4q_growth_year": 41.14,
            "roe": 3.45,
            "roe_4q": 10.830000000000002,
            "gross_profit": 1255391,
            "gross_margin": 43.49,
            "gross_margin_4q_avg": 41.79,
            "net_income": 278806,
            "revenue": 2886299,
            "common_shares": 2453040,
            "book_valuer_per_share": 33.66,
            "book_valuer_per_share_4q_avg": 32.24,
            "equity": 8259784,
            "current_ratio": 143.16,
            "debt_ratio": 55.64,
            "inventory_turnover_ratio": 1.03,
            "account_receivable_turnover_ratio": 1.07,
            "reinvestment_rate": 2.65,
            "research_to_sale_ratio": 6,
            "price_fair": 95.98,
            "eps_avg_yearly": 2.74,
            "eps_latest_yearly": 4.6,
            "eps_growth_yearly": 284.4
        },
        "20204": {
            "year_quarter": 20204,
            "year": 2020,
            "quarter": 4,
            "eps": 1.3,
            "eps_growth_year": 126.13,
            "eps_4q": 4.18,
            "eps_4q_growth_year": 53.5,
            "roe": 3.74,
            "roe_4q": 12.760000000000002,
            "gross_profit": 1330051,
            "gross_margin": 42.48,
            "gross_margin_4q_avg": 43.02,
            "net_income": 318068,
            "revenue": 3130938,
            "common_shares": 2453540,
            "book_valuer_per_share": 35.64,
            "book_valuer_per_share_4q_avg": 33.19,
            "equity": 8745414,
            "current_ratio": 138.9,
            "debt_ratio": 55.73,
            "inventory_turnover_ratio": 0.92,
            "account_receivable_turnover_ratio": 1.16,
            "reinvestment_rate": 12.17,
            "research_to_sale_ratio": 4.97,
            "price_fair": 104.58,
            "eps_avg_yearly": 2.99,
            "eps_latest_yearly": 5.2,
            "eps_growth_yearly": 261.18
        },
        "20211": {
            "year_quarter": 20211,
            "year": 2021,
            "quarter": 1,
            "eps": 1.85,
            "eps_growth_year": 242.59,
            "eps_4q": 5.48,
            "eps_4q_growth_year": 156.68,
            "roe": 5.03,
            "roe_4q": 16.07,
            "gross_profit": 1496828,
            "gross_margin": 45.03,
            "gross_margin_4q_avg": 42.81,
            "net_income": 448883,
            "revenue": 3324389,
            "common_shares": 2453540,
            "book_valuer_per_share": 37.1,
            "book_valuer_per_share_4q_avg": 34.65,
            "equity": 9102863,
            "current_ratio": 193.24,
            "debt_ratio": 55.96,
            "inventory_turnover_ratio": 0.83,
            "account_receivable_turnover_ratio": 1.14,
            "reinvestment_rate": 14.3,
            "research_to_sale_ratio": 2.34,
            "price_fair": 118.62,
            "eps_avg_yearly": 3.39,
            "eps_latest_yearly": 7.4,
            "eps_growth_yearly": 252.82
        },
        "20212": {
            "year_quarter": 20212,
            "year": 2021,
            "quarter": 2,
            "eps": 1.38,
            "eps_growth_year": 12.2,
            "eps_4q": 5.33,
            "eps_4q_growth_year": 69.89,
            "roe": 3.59,
            "roe_4q": 15.810000000000002,
            "gross_profit": 1448641,
            "gross_margin": 41.82,
            "gross_margin_4q_avg": 43.21,
            "net_income": 354578,
            "revenue": 3464117,
            "common_shares": 2628713,
            "book_valuer_per_share": 40.62,
            "book_valuer_per_share_4q_avg": 36.76,
            "equity": 10677531,
            "current_ratio": 237.91,
            "debt_ratio": 50.38,
            "inventory_turnover_ratio": 0.82,
            "account_receivable_turnover_ratio": 0.97,
            "reinvestment_rate": 19.57,
            "research_to_sale_ratio": 5.04,
            "price_fair": 124.83,
            "eps_avg_yearly": 3.57,
            "eps_latest_yearly": 5.52,
            "eps_growth_yearly": 223.28
        },
        "20213": {
            "year_quarter": 20213,
            "year": 2021,
            "quarter": 3,
            "eps": 1.34,
            "eps_growth_year": 16.52,
            "eps_4q": 5.6,
            "eps_4q_growth_year": 62.04,
            "roe": 3.24,
            "roe_4q": 15.6,
            "gross_profit": 1384589,
            "gross_margin": 45.28,
            "gross_margin_4q_avg": 43.65,
            "net_income": 348277,
            "revenue": 3057780,
            "common_shares": 2628713,
            "book_valuer_per_share": 41.32,
            "book_valuer_per_share_4q_avg": 38.67,
            "equity": 10840408,
            "current_ratio": 191.73,
            "debt_ratio": 48.26,
            "inventory_turnover_ratio": 0.63,
            "account_receivable_turnover_ratio": 0.83,
            "reinvestment_rate": 19.03,
            "research_to_sale_ratio": 3.98,
            "price_fair": 138.13,
            "eps_avg_yearly": 3.95,
            "eps_latest_yearly": 5.36,
            "eps_growth_yearly": 211.21
        },
        "20214": {
            "year_quarter": 20214,
            "year": 2021,
            "quarter": 4,
            "eps": 0.96,
            "eps_growth_year": -25.94,
            "eps_4q": 5.35,
            "eps_4q_growth_year": 27.89,
            "roe": 2.3,
            "roe_4q": 14.16,
            "gross_profit": 1310062,
            "gross_margin": 46.74,
            "gross_margin_4q_avg": 44.72,
            "net_income": 251633,
            "revenue": 2802903,
            "common_shares": 2627963,
            "book_valuer_per_share": 42.21,
            "book_valuer_per_share_4q_avg": 40.31,
            "equity": 11068710,
            "current_ratio": 192.64,
            "debt_ratio": 47.84,
            "inventory_turnover_ratio": 0.53,
            "account_receivable_turnover_ratio": 0.85,
            "reinvestment_rate": 20.25,
            "research_to_sale_ratio": 7.92,
            "price_fair": 137.85,
            "eps_avg_yearly": 3.94,
            "eps_latest_yearly": 3.84,
            "eps_growth_yearly": 186.23
        },
        "20221": {
            "year_quarter": 20221,
            "year": 2022,
            "quarter": 1,
            "eps": 1.72,
            "eps_growth_year": -7.03,
            "eps_4q": 5.34,
            "eps_4q_growth_year": -2.5,
            "roe": 3.94,
            "roe_4q": 13.07,
            "gross_profit": 1370637,
            "gross_margin": 43.36,
            "gross_margin_4q_avg": 44.3,
            "net_income": 446104,
            "revenue": 3161377,
            "common_shares": 2627563,
            "book_valuer_per_share": 44.11,
            "book_valuer_per_share_4q_avg": 42.07,
            "equity": 11566431,
            "current_ratio": 126.78,
            "debt_ratio": 51.69,
            "inventory_turnover_ratio": 0.57,
            "account_receivable_turnover_ratio": 0.94,
            "reinvestment_rate": 44.13,
            "research_to_sale_ratio": 3.18,
            "price_fair": 145.2,
            "eps_avg_yearly": 4.15,
            "eps_latest_yearly": 6.88,
            "eps_growth_yearly": 195.55
        },
        "20222": {
            "year_quarter": 20222,
            "year": 2022,
            "quarter": 2,
            "eps": 1.26,
            "eps_growth_year": -8.7,
            "eps_4q": 5.24,
            "eps_4q_growth_year": -1.64,
            "roe": 2.86,
            "roe_4q": 12.34,
            "gross_profit": 1379357,
            "gross_margin": 47.39,
            "gross_margin_4q_avg": 45.69,
            "net_income": 327672,
            "revenue": 2910432,
            "common_shares": 2627563,
            "book_valuer_per_share": 43.36,
            "book_valuer_per_share_4q_avg": 42.75,
            "equity": 11368295,
            "current_ratio": 104.15,
            "debt_ratio": 51.75,
            "inventory_turnover_ratio": 0.49,
            "account_receivable_turnover_ratio": 0.84,
            "reinvestment_rate": 41.99,
            "research_to_sale_ratio": 3.71,
            "price_fair": 147.28,
            "eps_avg_yearly": 4.21,
            "eps_latest_yearly": 5.04,
            "eps_growth_yearly": 175.38
        },
        "20223": {
            "year_quarter": 20223,
            "year": 2022,
            "quarter": 3,
            "eps": 7.97,
            "eps_growth_year": 494.78,
            "eps_4q": 11.85,
            "eps_4q_growth_year": 111.48,
            "roe": 16.76,
            "roe_4q": 25.860000000000003,
            "gross_profit": 3656989,
            "gross_margin": 67.86,
            "gross_margin_4q_avg": 51.34,
            "net_income": 2079375,
            "revenue": 5389373,
            "common_shares": 2625913,
            "book_valuer_per_share": 51.3,
            "book_valuer_per_share_4q_avg": 45.25,
            "equity": 13442406,
            "current_ratio": 200.21,
            "debt_ratio": 49.98,
            "inventory_turnover_ratio": 0.56,
            "account_receivable_turnover_ratio": 1.17,
            "reinvestment_rate": 44.13,
            "research_to_sale_ratio": 3.76,
            "price_fair": 207.81,
            "eps_avg_yearly": 5.94,
            "eps_latest_yearly": 31.88,
            "eps_growth_yearly": 297.56
        },
        "20224": {
            "year_quarter": 20224,
            "year": 2022,
            "quarter": 4,
            "eps": 0.64,
            "eps_growth_year": -33.35,
            "eps_4q": 11.53,
            "eps_4q_growth_year": 115.39,
            "roe": 1.23,
            "roe_4q": 24.790000000000003,
            "gross_profit": 1399166,
            "gross_margin": 44.12,
            "gross_margin_4q_avg": 50.68,
            "net_income": 167606,
            "revenue": 3171590,
            "common_shares": 2625913,
            "book_valuer_per_share": 52.92,
            "book_valuer_per_share_4q_avg": 47.92,
            "equity": 13867890,
            "current_ratio": 180.91,
            "debt_ratio": 53.03,
            "inventory_turnover_ratio": 0.56,
            "account_receivable_turnover_ratio": 0.62,
            "reinvestment_rate": 50.58,
            "research_to_sale_ratio": 3.45,
            "price_fair": 210.79,
            "eps_avg_yearly": 6.02,
            "eps_latest_yearly": 2.56,
            "eps_growth_yearly": 272.78
        },
        "20231": {
            "year_quarter": 20231,
            "year": 2023,
            "quarter": 1,
            "eps": 4.58,
            "eps_growth_year": 166.28,
            "eps_4q": 14.38,
            "eps_4q_growth_year": 169.24,
            "roe": 8.54,
            "roe_4q": 29.39,
            "gross_profit": 2707473,
            "gross_margin": 59.85,
            "gross_margin_4q_avg": 54.81,
            "net_income": 1193923,
            "revenue": 4523860,
            "common_shares": 2625913,
            "book_valuer_per_share": 53.74,
            "book_valuer_per_share_4q_avg": 50.33,
            "equity": 14081733,
            "current_ratio": 207.7,
            "debt_ratio": 54.06,
            "inventory_turnover_ratio": 0.53,
            "account_receivable_turnover_ratio": 0.91,
            "reinvestment_rate": 44.81,
            "research_to_sale_ratio": 3.65,
            "price_fair": 240.71,
            "eps_avg_yearly": 6.88,
            "eps_latest_yearly": 18.32,
            "eps_growth_yearly": 355.02
        }
    },
    "months": {
        "2004-12": {
            "month": "2004-12",
            "price": "19.68",
            "revenue": 43338
        },
        "2005-01": {
            "month": "2005-01",
            "price": "19.06",
            "revenue": 53027
        },
        "2005-02": {
            "month": "2005-02",
            "price": "19.11",
            "revenue": 36410
        },
        "2005-03": {
            "month": "2005-03",
            "price": "21.51",
            "revenue": 46579
        },
        "2005-04": {
            "month": "2005-04",
            "price": "25.20",
            "revenue": 49080
        },
        "2005-05": {
            "month": "2005-05",
            "price": "24.51",
            "revenue": 41530
        },
        "2005-06": {
            "month": "2005-06",
            "price": "25.55",
            "revenue": 45788
        },
        "2005-07": {
            "month": "2005-07",
            "price": "24.30",
            "revenue": 46885
        },
        "2005-08": {
            "month": "2005-08",
            "price": "24.04",
            "revenue": 60999
        },
        "2005-10": {
            "month": "2005-10",
            "price": "25.04",
            "revenue": 38285
        },
        "2005-11": {
            "month": "2005-11",
            "price": "20.91",
            "revenue": 39032
        },
        "2005-12": {
            "month": "2005-12",
            "price": "18.90",
            "revenue": 27908
        },
        "2006-01": {
            "month": "2006-01",
            "price": "17.75",
            "revenue": 50474
        },
        "2006-02": {
            "month": "2006-02",
            "price": "17.50",
            "revenue": 37158
        },
        "2006-03": {
            "month": "2006-03",
            "price": "17.87",
            "revenue": 46693
        },
        "2006-05": {
            "month": "2006-05",
            "price": "15.74",
            "revenue": 43143
        },
        "2006-06": {
            "month": "2006-06",
            "price": "15.50",
            "revenue": 51845
        },
        "2006-07": {
            "month": "2006-07",
            "price": "14.10",
            "revenue": 37611
        },
        "2006-08": {
            "month": "2006-08",
            "price": "13.00",
            "revenue": 39305
        },
        "2006-09": {
            "month": "2006-09",
            "price": "12.64",
            "revenue": 37629
        },
        "2006-10": {
            "month": "2006-10",
            "price": "12.90",
            "revenue": 35578
        },
        "2006-11": {
            "month": "2006-11",
            "price": "12.22",
            "revenue": 44266
        },
        "2006-12": {
            "month": "2006-12",
            "price": "12.31",
            "revenue": 44676
        },
        "2007-01": {
            "month": "2007-01",
            "price": "12.53",
            "revenue": 48666
        },
        "2007-02": {
            "month": "2007-02",
            "price": "11.86",
            "revenue": 42680
        },
        "2007-03": {
            "month": "2007-03",
            "price": "12.19",
            "revenue": 44549
        },
        "2007-04": {
            "month": "2007-04",
            "price": "12.19",
            "revenue": 48020
        },
        "2007-05": {
            "month": "2007-05",
            "price": "13.44",
            "revenue": 49736
        },
        "2007-06": {
            "month": "2007-06",
            "price": "15.95",
            "revenue": 44645
        },
        "2007-07": {
            "month": "2007-07",
            "price": "23.55",
            "revenue": 47267
        },
        "2007-08": {
            "month": "2007-08",
            "price": "24.14",
            "revenue": 48382
        },
        "2007-09": {
            "month": "2007-09",
            "price": "26.10",
            "revenue": 40770
        },
        "2007-10": {
            "month": "2007-10",
            "price": "26.85",
            "revenue": 56997
        },
        "2007-11": {
            "month": "2007-11",
            "price": "26.12",
            "revenue": 43374
        },
        "2007-12": {
            "month": "2007-12",
            "price": "25.04",
            "revenue": 51862
        },
        "2008-01": {
            "month": "2008-01",
            "price": "20.04",
            "revenue": 54645
        },
        "2008-02": {
            "month": "2008-02",
            "price": "20.75",
            "revenue": 37748
        },
        "2008-03": {
            "month": "2008-03",
            "price": "23.08",
            "revenue": 40076
        },
        "2008-04": {
            "month": "2008-04",
            "price": "24.11",
            "revenue": 51162
        },
        "2008-05": {
            "month": "2008-05",
            "price": "26.37",
            "revenue": 42126
        },
        "2008-06": {
            "month": "2008-06",
            "price": "26.38",
            "revenue": 46615
        },
        "2008-07": {
            "month": "2008-07",
            "price": "23.39",
            "revenue": 49192
        },
        "2008-08": {
            "month": "2008-08",
            "price": "20.73",
            "revenue": 42705
        },
        "2008-09": {
            "month": "2008-09",
            "price": "14.24",
            "revenue": 40913
        },
        "2008-10": {
            "month": "2008-10",
            "price": "11.43",
            "revenue": 48230
        },
        "2008-11": {
            "month": "2008-11",
            "price": "10.17",
            "revenue": 45816
        },
        "2008-12": {
            "month": "2008-12",
            "price": "10.98",
            "revenue": 48778
        },
        "2009-01": {
            "month": "2009-01",
            "price": "13.45",
            "revenue": 43671
        },
        "2009-02": {
            "month": "2009-02",
            "price": "13.84",
            "revenue": 44902
        },
        "2009-03": {
            "month": "2009-03",
            "price": "14.64",
            "revenue": 50911
        },
        "2009-04": {
            "month": "2009-04",
            "price": "18.01",
            "revenue": 58846
        },
        "2009-05": {
            "month": "2009-05",
            "price": "20.64",
            "revenue": 43998
        },
        "2009-06": {
            "month": "2009-06",
            "price": "22.56",
            "revenue": 57183
        },
        "2009-07": {
            "month": "2009-07",
            "price": "33.05",
            "revenue": 47898
        },
        "2009-08": {
            "month": "2009-08",
            "price": "34.40",
            "revenue": 48033
        },
        "2009-09": {
            "month": "2009-09",
            "price": "27.17",
            "revenue": 52248
        },
        "2009-10": {
            "month": "2009-10",
            "price": "27.44",
            "revenue": 44018
        },
        "2009-11": {
            "month": "2009-11",
            "price": "29.69",
            "revenue": 54834
        },
        "2009-12": {
            "month": "2009-12",
            "price": "33.50",
            "revenue": 52736
        },
        "2010-01": {
            "month": "2010-01",
            "price": "28.10",
            "revenue": 34721
        },
        "2010-02": {
            "month": "2010-02",
            "price": "25.47",
            "revenue": 50301
        },
        "2010-03": {
            "month": "2010-03",
            "price": "31.88",
            "revenue": 51256
        },
        "2010-04": {
            "month": "2010-04",
            "price": "43.39",
            "revenue": 52083
        },
        "2010-05": {
            "month": "2010-05",
            "price": "38.94",
            "revenue": 49582
        },
        "2010-06": {
            "month": "2010-06",
            "price": "36.02",
            "revenue": 48027
        },
        "2010-07": {
            "month": "2010-07",
            "price": "41.74",
            "revenue": 41520
        },
        "2010-08": {
            "month": "2010-08",
            "price": "57.61",
            "revenue": 50303
        },
        "2010-09": {
            "month": "2010-09",
            "price": "62.56",
            "revenue": 47259
        },
        "2010-10": {
            "month": "2010-10",
            "price": "68.32",
            "revenue": 65711
        },
        "2010-11": {
            "month": "2010-11",
            "price": "56.38",
            "revenue": 23902
        },
        "2010-12": {
            "month": "2010-12",
            "price": "54.35",
            "revenue": 69855
        },
        "2011-01": {
            "month": "2011-01",
            "price": "49.86",
            "revenue": 43995
        },
        "2011-02": {
            "month": "2011-02",
            "price": "49.66",
            "revenue": 34161
        },
        "2011-03": {
            "month": "2011-03",
            "price": "47.54",
            "revenue": 40547
        },
        "2011-04": {
            "month": "2011-04",
            "price": "51.75",
            "revenue": 39730
        },
        "2011-05": {
            "month": "2011-05",
            "price": "49.84",
            "revenue": 38039
        },
        "2011-06": {
            "month": "2011-06",
            "price": "44.62",
            "revenue": 36644
        },
        "2011-07": {
            "month": "2011-07",
            "price": "42.09",
            "revenue": 33213
        },
        "2011-08": {
            "month": "2011-08",
            "price": "31.78",
            "revenue": 37839
        },
        "2011-09": {
            "month": "2011-09",
            "price": "29.58",
            "revenue": 51918
        },
        "2011-10": {
            "month": "2011-10",
            "price": "28.44",
            "revenue": 41269
        },
        "2011-11": {
            "month": "2011-11",
            "price": "23.16",
            "revenue": 51306
        },
        "2011-12": {
            "month": "2011-12",
            "price": "18.63",
            "revenue": 76229
        },
        "2012-01": {
            "month": "2012-01",
            "price": "20.87",
            "revenue": 32540
        },
        "2012-02": {
            "month": "2012-02",
            "price": "29.41",
            "revenue": 33217
        },
        "2012-03": {
            "month": "2012-03",
            "price": "28.54",
            "revenue": 34918
        },
        "2012-04": {
            "month": "2012-04",
            "price": "25.71",
            "revenue": 35106
        },
        "2012-05": {
            "month": "2012-05",
            "price": "23.27",
            "revenue": 43202
        },
        "2012-06": {
            "month": "2012-06",
            "price": "22.58",
            "revenue": 37013
        },
        "2012-07": {
            "month": "2012-07",
            "price": "23.84",
            "revenue": 51711
        },
        "2012-08": {
            "month": "2012-08",
            "price": "24.02",
            "revenue": 51170
        },
        "2012-09": {
            "month": "2012-09",
            "price": "23.83",
            "revenue": 45103
        },
        "2012-10": {
            "month": "2012-10",
            "price": "26.41",
            "revenue": 44769
        },
        "2012-11": {
            "month": "2012-11",
            "price": "22.86",
            "revenue": 39920
        },
        "2012-12": {
            "month": "2012-12",
            "price": "29.60",
            "revenue": 57818
        },
        "2013-01": {
            "month": "2013-01",
            "price": "38.18",
            "revenue": 46687
        },
        "2013-02": {
            "month": "2013-02",
            "price": "39.08",
            "revenue": 67266
        },
        "2013-03": {
            "month": "2013-03",
            "price": "44.13",
            "revenue": 45826
        },
        "2013-04": {
            "month": "2013-04",
            "price": "38.54",
            "revenue": 40544
        },
        "2013-05": {
            "month": "2013-05",
            "price": "44.68",
            "revenue": 38897
        },
        "2013-06": {
            "month": "2013-06",
            "price": "52.12",
            "revenue": 52567
        },
        "2013-07": {
            "month": "2013-07",
            "price": "54.71",
            "revenue": 41896
        },
        "2013-08": {
            "month": "2013-08",
            "price": "50.16",
            "revenue": 56231
        },
        "2013-09": {
            "month": "2013-09",
            "price": "54.62",
            "revenue": 55314
        },
        "2013-10": {
            "month": "2013-10",
            "price": "66.29",
            "revenue": 56677
        },
        "2013-11": {
            "month": "2013-11",
            "price": "65.83",
            "revenue": 76524
        },
        "2013-12": {
            "month": "2013-12",
            "price": "78.45",
            "revenue": 79289
        },
        "2014-01": {
            "month": "2014-01",
            "price": "91.17",
            "revenue": 49025
        },
        "2014-02": {
            "month": "2014-02",
            "price": "111.28",
            "revenue": 36849
        },
        "2014-03": {
            "month": "2014-03",
            "price": "136.88",
            "revenue": 43584
        },
        "2014-04": {
            "month": "2014-04",
            "price": "132.24",
            "revenue": 51723
        },
        "2014-05": {
            "month": "2014-05",
            "price": "136.17",
            "revenue": 50619
        },
        "2014-06": {
            "month": "2014-06",
            "price": "160.08",
            "revenue": 41304
        },
        "2014-07": {
            "month": "2014-07",
            "price": "169.52",
            "revenue": 49986
        },
        "2014-08": {
            "month": "2014-08",
            "price": "129.76",
            "revenue": 226157
        },
        "2014-09": {
            "month": "2014-09",
            "price": "129.07",
            "revenue": 187925
        },
        "2014-10": {
            "month": "2014-10",
            "price": "95.96",
            "revenue": 184525
        },
        "2014-11": {
            "month": "2014-11",
            "price": "87.50",
            "revenue": 201901
        },
        "2014-12": {
            "month": "2014-12",
            "price": "106.34",
            "revenue": 280140
        },
        "2015-01": {
            "month": "2015-01",
            "price": "95.92",
            "revenue": 434534
        },
        "2015-02": {
            "month": "2015-02",
            "price": "93.24",
            "revenue": 431755
        },
        "2015-03": {
            "month": "2015-03",
            "price": "99.83",
            "revenue": 428756
        },
        "2015-04": {
            "month": "2015-04",
            "price": "96.26",
            "revenue": 447818
        },
        "2015-05": {
            "month": "2015-05",
            "price": "82.52",
            "revenue": 430711
        },
        "2015-06": {
            "month": "2015-06",
            "price": "75.77",
            "revenue": 444228
        },
        "2015-07": {
            "month": "2015-07",
            "price": "78.58",
            "revenue": 531096
        },
        "2015-08": {
            "month": "2015-08",
            "price": "65.85",
            "revenue": 437454
        },
        "2015-09": {
            "month": "2015-09",
            "price": "68.84",
            "revenue": 460303
        },
        "2015-10": {
            "month": "2015-10",
            "price": "73.18",
            "revenue": 453161
        },
        "2015-11": {
            "month": "2015-11",
            "price": "74.33",
            "revenue": 513527
        },
        "2015-12": {
            "month": "2015-12",
            "price": "72.22",
            "revenue": 504913
        },
        "2016-01": {
            "month": "2016-01",
            "price": "63.71",
            "revenue": 490847
        },
        "2016-02": {
            "month": "2016-02",
            "price": "65.36",
            "revenue": 411563
        },
        "2016-03": {
            "month": "2016-03",
            "price": "69.07",
            "revenue": 521347
        },
        "2016-04": {
            "month": "2016-04",
            "price": "66.52",
            "revenue": 541374
        },
        "2016-05": {
            "month": "2016-05",
            "price": "64.10",
            "revenue": 531330
        },
        "2016-06": {
            "month": "2016-06",
            "price": "63.42",
            "revenue": 536249
        },
        "2016-07": {
            "month": "2016-07",
            "price": "62.75",
            "revenue": 471612
        },
        "2016-08": {
            "month": "2016-08",
            "price": "60.25",
            "revenue": 459988
        },
        "2016-09": {
            "month": "2016-09",
            "price": "61.78",
            "revenue": 456552
        },
        "2016-10": {
            "month": "2016-10",
            "price": "59.72",
            "revenue": 584364
        },
        "2016-11": {
            "month": "2016-11",
            "price": "51.13",
            "revenue": 463228
        },
        "2016-12": {
            "month": "2016-12",
            "price": "53.01",
            "revenue": 523383
        },
        "2017-01": {
            "month": "2017-01",
            "price": "59.68",
            "revenue": 507379
        },
        "2017-02": {
            "month": "2017-02",
            "price": "64.80",
            "revenue": 418861
        },
        "2017-03": {
            "month": "2017-03",
            "price": "63.02",
            "revenue": 512460
        },
        "2017-04": {
            "month": "2017-04",
            "price": "54.04",
            "revenue": 543301
        },
        "2017-05": {
            "month": "2017-05",
            "price": "53.18",
            "revenue": 510065
        },
        "2017-06": {
            "month": "2017-06",
            "price": "56.39",
            "revenue": 548918
        },
        "2017-07": {
            "month": "2017-07",
            "price": "54.59",
            "revenue": 513994
        },
        "2017-08": {
            "month": "2017-08",
            "price": "50.52",
            "revenue": 523660
        },
        "2017-09": {
            "month": "2017-09",
            "price": "49.88",
            "revenue": 558261
        },
        "2017-10": {
            "month": "2017-10",
            "price": "48.43",
            "revenue": 477051
        },
        "2017-11": {
            "month": "2017-11",
            "price": "51.03",
            "revenue": 514774
        },
        "2017-12": {
            "month": "2017-12",
            "price": "49.36",
            "revenue": 526194
        },
        "2018-01": {
            "month": "2018-01",
            "price": "49.99",
            "revenue": 537143
        },
        "2018-02": {
            "month": "2018-02",
            "price": "44.30",
            "revenue": 475437
        },
        "2018-03": {
            "month": "2018-03",
            "price": "47.45",
            "revenue": 503075
        },
        "2018-04": {
            "month": "2018-04",
            "price": "73.86",
            "revenue": 481941
        },
        "2018-05": {
            "month": "2018-05",
            "price": "78.22",
            "revenue": 563288
        },
        "2018-06": {
            "month": "2018-06",
            "price": "84.13",
            "revenue": 592557
        },
        "2018-07": {
            "month": "2018-07",
            "price": "69.29",
            "revenue": 515538
        },
        "2018-08": {
            "month": "2018-08",
            "price": "65.23",
            "revenue": 520877
        },
        "2018-09": {
            "month": "2018-09",
            "price": "54.21",
            "revenue": 544339
        },
        "2018-10": {
            "month": "2018-10",
            "price": "60.94",
            "revenue": 529961
        },
        "2018-11": {
            "month": "2018-11",
            "price": "65.64",
            "revenue": 588640
        },
        "2018-12": {
            "month": "2018-12",
            "price": "76.43",
            "revenue": 529896
        },
        "2019-01": {
            "month": "2019-01",
            "price": "76.11",
            "revenue": 590779
        },
        "2019-02": {
            "month": "2019-02",
            "price": "101.45",
            "revenue": 1011990
        },
        "2019-03": {
            "month": "2019-03",
            "price": "121.50",
            "revenue": 598153
        },
        "2019-04": {
            "month": "2019-04",
            "price": "106.92",
            "revenue": 588865
        },
        "2019-05": {
            "month": "2019-05",
            "price": "99.59",
            "revenue": 679516
        },
        "2019-06": {
            "month": "2019-06",
            "price": "107.70",
            "revenue": 709789
        },
        "2019-07": {
            "month": "2019-07",
            "price": "117.84",
            "revenue": 745674
        },
        "2019-08": {
            "month": "2019-08",
            "price": "96.32",
            "revenue": 627033
        },
        "2019-09": {
            "month": "2019-09",
            "price": "97.84",
            "revenue": 607743
        },
        "2019-10": {
            "month": "2019-10",
            "price": "94.64",
            "revenue": 739594
        },
        "2019-11": {
            "month": "2019-11",
            "price": "108.36",
            "revenue": 728066
        },
        "2019-12": {
            "month": "2019-12",
            "price": "109.84",
            "revenue": 1734290
        },
        "2020-01": {
            "month": "2020-01",
            "price": "107.51",
            "revenue": 745428
        },
        "2020-02": {
            "month": "2020-02",
            "price": "91.15",
            "revenue": 519923
        },
        "2020-03": {
            "month": "2020-03",
            "price": "70.28",
            "revenue": 698813
        },
        "2020-04": {
            "month": "2020-04",
            "price": "68.90",
            "revenue": 790366
        },
        "2020-05": {
            "month": "2020-05",
            "price": "78.02",
            "revenue": 860254
        },
        "2020-06": {
            "month": "2020-06",
            "price": "82.24",
            "revenue": 1052244
        },
        "2020-07": {
            "month": "2020-07",
            "price": "81.82",
            "revenue": 1116873
        },
        "2020-08": {
            "month": "2020-08",
            "price": "79.23",
            "revenue": 747953
        },
        "2020-09": {
            "month": "2020-09",
            "price": "81.61",
            "revenue": 1020621
        },
        "2020-10": {
            "month": "2020-10",
            "price": "80.89",
            "revenue": 1023290
        },
        "2020-11": {
            "month": "2020-11",
            "price": "84.59",
            "revenue": 957236
        },
        "2020-12": {
            "month": "2020-12",
            "price": "82.63",
            "revenue": 1011132
        },
        "2021-01": {
            "month": "2021-01",
            "price": "74.48",
            "revenue": 1208009
        },
        "2021-02": {
            "month": "2021-02",
            "price": "72.05",
            "revenue": 1015941
        },
        "2021-03": {
            "month": "2021-03",
            "price": "74.22",
            "revenue": 1100414
        },
        "2021-04": {
            "month": "2021-04",
            "price": "81.14",
            "revenue": 1157472
        },
        "2021-05": {
            "month": "2021-05",
            "price": "82.45",
            "revenue": 1156527
        },
        "2021-06": {
            "month": "2021-06",
            "price": "89.02",
            "revenue": 1361956
        },
        "2021-07": {
            "month": "2021-07",
            "price": "130.34",
            "revenue": 1107853
        },
        "2021-08": {
            "month": "2021-08",
            "price": "120.86",
            "revenue": 936958
        },
        "2021-09": {
            "month": "2021-09",
            "price": "102.22",
            "revenue": 1012862
        },
        "2021-10": {
            "month": "2021-10",
            "price": "96.80",
            "revenue": 868252
        },
        "2021-11": {
            "month": "2021-11",
            "price": "102.22",
            "revenue": 986367
        },
        "2021-12": {
            "month": "2021-12",
            "price": "98.65",
            "revenue": 914162
        },
        "2022-01": {
            "month": "2022-01",
            "price": "89.82",
            "revenue": 945800
        },
        "2022-02": {
            "month": "2022-02",
            "price": "92.67",
            "revenue": 1028926
        },
        "2022-03": {
            "month": "2022-03",
            "price": "113.99",
            "revenue": 1186652
        },
        "2022-04": {
            "month": "2022-04",
            "price": "126.16",
            "revenue": 999151
        },
        "2022-05": {
            "month": "2022-05",
            "price": "122.64",
            "revenue": 870540
        },
        "2022-06": {
            "month": "2022-06",
            "price": "142.17",
            "revenue": 1040734
        },
        "2022-07": {
            "month": "2022-07",
            "price": "139.21",
            "revenue": 1043645
        },
        "2022-08": {
            "month": "2022-08",
            "price": "158.52",
            "revenue": 996806
        },
        "2022-09": {
            "month": "2022-09",
            "price": "164.33",
            "revenue": 3348921
        },
        "2022-10": {
            "month": "2022-10",
            "price": "155.10",
            "revenue": 829290
        },
        "2022-11": {
            "month": "2022-11",
            "price": "188.02",
            "revenue": 1071324
        },
        "2022-12": {
            "month": "2022-12",
            "price": "243.20",
            "revenue": 1270976
        },
        "2023-01": {
            "month": "2023-01",
            "price": "240.85",
            "revenue": 2007756
        },
        "2023-02": {
            "month": "2023-02",
            "price": "274.19",
            "revenue": 1085919
        },
        "2023-03": {
            "month": "2023-03",
            "price": "258.33",
            "revenue": 1430185
        },
        "2023-04": {
            "month": "2023-04",
            "price": "262.94",
            "revenue": 2017216
        }
    }
}
