{
    "summary": {
        "stock_name": "易威",
        "stock_id": "1799",
        "category": "生技醫療",
        "main_business": "通用醫藥成分及產品之開發、製造與銷售<br>醫療器材批發零售業<br>國際貿易業",
        "website_url": "http://www.easywellbio.com",
        "ceo": "李艾平",
        "pe_ratio": -16,
        "report_year_from": 2004,
        "report_year_to": 2023,
        "age": 19,
        "eps_negative_percentage": 82,
        "eps_growth_avg": {
            "last_all": -66.1,
            "last_2y": null,
            "last_4y": null,
            "last_8y": null,
            "last_12y": -100,
            "last_16y": null,
            "last_20y": null,
            "at_2006_last_3y": null,
            "at_2007_last_3y": null,
            "at_2008_last_3y": null,
            "at_2009_last_3y": null,
            "at_2010_last_3y": null,
            "at_2011_last_3y": -66.1,
            "at_2012_last_3y": -80.37,
            "at_2013_last_3y": -100,
            "at_2014_last_3y": null,
            "at_2015_last_3y": null,
            "at_2016_last_3y": null,
            "at_2017_last_3y": null,
            "at_2018_last_3y": null,
            "at_2019_last_3y": null,
            "at_2020_last_3y": null,
            "at_2021_last_3y": null,
            "at_2022_last_3y": null,
            "at_2023_last_3y": null,
            "at_2006_last_all": null,
            "at_2007_last_all": null,
            "at_2008_last_all": null,
            "at_2009_last_all": -49.16,
            "at_2010_last_all": -66.1,
            "at_2011_last_all": -66.1,
            "at_2012_last_all": -66.1,
            "at_2013_last_all": -66.1,
            "at_2014_last_all": -66.1,
            "at_2015_last_all": -66.1,
            "at_2016_last_all": -66.1,
            "at_2017_last_all": -66.1,
            "at_2018_last_all": -66.1,
            "at_2019_last_all": -66.1,
            "at_2020_last_all": -66.1,
            "at_2021_last_all": -66.1,
            "at_2022_last_all": -66.1,
            "at_2023_last_all": -66.1
        },
        "latest_eps": -1.38,
        "latest_price": 21.7,
        "latest_roe": -20.89,
        "latest_gross_margin": 47.64,
        "latest_equity": 717200,
        "latest_revenue": 36967,
        "latest_gross_profit": 17610,
        "latest_net_income": -52646,
        "latest_debt_ratio": 36.29,
        "latest_current_ratio": 519.15,
        "latest_account_receivable_turnover_ratio": 2.87,
        "latest_inventory_turnover_ratio": 0.61,
        "latest_reinvestment_rate": null,
        "latest_research_to_sale_ratio": 163.23
    },
    "eps_dividends": {
        "2001": {
            "cash": 0,
            "stock": 0,
            "eps": 0
        },
        "2002": {
            "cash": 0,
            "stock": 0,
            "eps": 0
        },
        "2003": {
            "cash": 0,
            "stock": 0,
            "eps": 0
        },
        "2004": {
            "cash": 0,
            "stock": 0,
            "eps": 0
        },
        "2005": {
            "cash": 0.43,
            "stock": 1.01,
            "eps": 0
        },
        "2006": {
            "cash": 2.26,
            "stock": 0,
            "eps": 0
        },
        "2007": {
            "cash": 0,
            "stock": 0,
            "eps": 3.06
        },
        "2008": {
            "cash": 1.96,
            "stock": 0,
            "eps": 1.91
        },
        "2009": {
            "cash": 0.8,
            "stock": 1,
            "eps": 0.75
        },
        "2010": {
            "cash": 1,
            "stock": 1,
            "eps": -0.14
        },
        "2011": {
            "cash": 0,
            "stock": 0,
            "eps": -2.64
        },
        "2012": {
            "cash": 0,
            "stock": 0,
            "eps": -3.57
        },
        "2013": {
            "cash": 0,
            "stock": 0,
            "eps": -4.67
        },
        "2014": {
            "cash": 0,
            "stock": 0,
            "eps": -2.37
        },
        "2015": {
            "cash": 0,
            "stock": 0,
            "eps": -2.33
        },
        "2016": {
            "cash": 0,
            "stock": 0,
            "eps": -3.62
        },
        "2017": {
            "cash": 0,
            "stock": 0,
            "eps": -3.4
        },
        "2018": {
            "cash": 0,
            "stock": 0,
            "eps": -2.45
        },
        "2019": {
            "cash": 0,
            "stock": 0,
            "eps": -2.41
        },
        "2020": {
            "cash": 0,
            "stock": 0,
            "eps": -1.31
        },
        "2021": {
            "cash": 0,
            "stock": 0,
            "eps": -0.97
        },
        "2022": {
            "cash": 0,
            "stock": 0,
            "eps": -1.18
        },
        "2023": {
            "cash": 0,
            "stock": 0,
            "eps": -0.43
        }
    },
    "dividends": {
        "2005-04-21": {
            "cash": 0.43,
            "stock": 1.01
        },
        "2006-05-30": {
            "cash": 2.26,
            "stock": 0
        },
        "2008-03-05": {
            "cash": 1.96,
            "stock": 0
        },
        "2009-03-16": {
            "cash": 0.8,
            "stock": 1
        },
        "2010-03-17": {
            "cash": 1,
            "stock": 1
        }
    },
    "prices": {
        "200101": "無",
        "200102": "無",
        "200103": "無",
        "200104": "無",
        "200105": "無",
        "200106": "無",
        "200107": "無",
        "200108": "無",
        "200109": "無",
        "200110": "無",
        "200111": "無",
        "200112": "無",
        "200201": "無",
        "200202": "無",
        "200203": "無",
        "200204": "無",
        "200205": "無",
        "200206": "無",
        "200207": "無",
        "200208": "無",
        "200209": "無",
        "200210": "無",
        "200211": "無",
        "200212": "無",
        "200301": "無",
        "200302": "無",
        "200303": "無",
        "200304": "無",
        "200305": "無",
        "200306": "無",
        "200307": "無",
        "200308": "無",
        "200309": "無",
        "200310": "無",
        "200311": "無",
        "200312": "無",
        "200401": "無",
        "200402": "無",
        "200403": "無",
        "200404": "無",
        "200405": "無",
        "200406": "無",
        "200407": "無",
        "200408": "無",
        "200409": "無",
        "200410": "無",
        "200411": "無",
        "200412": "無",
        "200501": "無",
        "200502": "無",
        "200503": "無",
        "200504": "無",
        "200505": "無",
        "200506": "無",
        "200507": "無",
        "200508": "無",
        "200509": "無",
        "200510": "無",
        "200511": "無",
        "200512": "無",
        "200601": "無",
        "200602": "無",
        "200603": "無",
        "200604": "無",
        "200605": "無",
        "200606": "無",
        "200607": "無",
        "200608": "無",
        "200609": "無",
        "200610": "無",
        "200611": "無",
        "200612": "無",
        "200701": "無",
        "200702": "25.75",
        "200703": "24.95",
        "200704": "25.96",
        "200705": "25.06",
        "200706": "32.15",
        "200707": "32.51",
        "200708": "31.58",
        "200709": "30.73",
        "200710": "30.35",
        "200711": "27.83",
        "200712": "23.94",
        "200801": "20.70",
        "200802": "18.08",
        "200803": "23.76",
        "200804": "25.66",
        "200805": "29.07",
        "200806": "28.82",
        "200807": "24.95",
        "200808": "22.95",
        "200809": "19.46",
        "200810": "15.48",
        "200811": "13.56",
        "200812": "14.39",
        "200901": "13.96",
        "200902": "13.51",
        "200903": "15.72",
        "200904": "29.01",
        "200905": "28.05",
        "200906": "24.06",
        "200907": "26.48",
        "200908": "27.33",
        "200909": "26.79",
        "200910": "25.83",
        "200911": "23.97",
        "200912": "26.39",
        "201001": "25.05",
        "201002": "22.30",
        "201003": "25.44",
        "201004": "28.10",
        "201005": "26.89",
        "201006": "27.00",
        "201007": "27.14",
        "201008": "24.56",
        "201009": "25.33",
        "201010": "25.07",
        "201011": "21.91",
        "201012": "22.07",
        "201101": "21.54",
        "201102": "21.59",
        "201103": "21.65",
        "201104": "22.10",
        "201105": "21.39",
        "201106": "19.08",
        "201107": "17.14",
        "201108": "13.68",
        "201109": "11.99",
        "201110": "12.26",
        "201111": "12.38",
        "201112": "11.22",
        "201201": "10.00",
        "201202": "12.56",
        "201203": "11.62",
        "201204": "9.78",
        "201205": "9.32",
        "201206": "9.37",
        "201207": "9.04",
        "201208": "8.96",
        "201209": "9.18",
        "201210": "11.58",
        "201211": "13.04",
        "201212": "14.93",
        "201301": "14.77",
        "201302": "16.37",
        "201303": "17.65",
        "201304": "15.28",
        "201305": "14.91",
        "201306": "15.41",
        "201307": "14.53",
        "201308": "13.57",
        "201309": "15.62",
        "201310": "17.64",
        "201311": "23.80",
        "201312": "23.34",
        "201401": "23.42",
        "201402": "30.26",
        "201403": "38.28",
        "201404": "37.60",
        "201405": "36.00",
        "201406": "48.06",
        "201407": "43.63",
        "201408": "37.03",
        "201409": "38.33",
        "201410": "38.90",
        "201411": "35.62",
        "201412": "40.18",
        "201501": "40.30",
        "201502": "38.03",
        "201503": "35.89",
        "201504": "37.17",
        "201505": "33.63",
        "201506": "28.48",
        "201507": "32.46",
        "201508": "27.27",
        "201509": "27.70",
        "201510": "29.61",
        "201511": "35.44",
        "201512": "34.96",
        "201601": "32.58",
        "201602": "33.79",
        "201603": "33.64",
        "201604": "32.22",
        "201605": "30.56",
        "201606": "29.78",
        "201607": "29.62",
        "201608": "28.02",
        "201609": "26.07",
        "201610": "25.27",
        "201611": "22.36",
        "201612": "21.62",
        "201701": "20.78",
        "201702": "21.88",
        "201703": "24.39",
        "201704": "22.85",
        "201705": "22.88",
        "201706": "23.83",
        "201707": "24.56",
        "201708": "23.21",
        "201709": "23.21",
        "201710": "22.43",
        "201711": "21.33",
        "201712": "18.19",
        "201801": "18.75",
        "201802": "18.10",
        "201803": "19.00",
        "201804": "20.68",
        "201805": "18.41",
        "201806": "17.85",
        "201807": "17.85",
        "201808": "17.54",
        "201809": "16.91",
        "201810": "14.18",
        "201811": "12.44",
        "201812": "11.40",
        "201901": "12.56",
        "201902": "12.36",
        "201903": "12.48",
        "201904": "12.28",
        "201905": "10.66",
        "201906": "9.77",
        "201907": "11.11",
        "201908": "10.18",
        "201909": "10.70",
        "201910": "10.32",
        "201911": "9.92",
        "201912": "9.84",
        "202001": "10.66",
        "202002": "10.91",
        "202003": "10.65",
        "202004": "9.84",
        "202005": "14.64",
        "202006": "20.83",
        "202007": "26.32",
        "202008": "22.53",
        "202009": "18.54",
        "202010": "18.11",
        "202011": "19.01",
        "202012": "17.68",
        "202101": "16.00",
        "202102": "16.09",
        "202103": "16.75",
        "202104": "17.50",
        "202105": "17.20",
        "202106": "16.26",
        "202107": "15.74",
        "202108": "15.72",
        "202109": "15.67",
        "202110": "15.40",
        "202111": "15.52",
        "202112": "16.18",
        "202201": "15.82",
        "202202": "15.45",
        "202203": "14.24",
        "202204": "14.81",
        "202205": "14.13",
        "202206": "12.86",
        "202207": "12.78",
        "202208": "11.50",
        "202209": "10.47",
        "202210": "14.31",
        "202211": "14.63",
        "202212": "15.86",
        "202301": "15.99",
        "202302": "15.66",
        "202303": "18.77",
        "202304": "19.79",
        "202305": "20.51",
        "202306": "22.78"
    },
    "quarters": {
        "20011": {
            "year_quarter": 20011,
            "year": 2001,
            "quarter": 1,
            "eps": null,
            "eps_growth_year": null,
            "eps_4q": null,
            "eps_4q_growth_year": null,
            "roe": null,
            "roe_4q": 0,
            "gross_profit": null,
            "gross_margin": null,
            "gross_margin_4q_avg": 0,
            "net_income": null,
            "revenue": null,
            "common_shares": null,
            "book_valuer_per_share": null,
            "book_valuer_per_share_4q_avg": 0,
            "equity": null,
            "current_ratio": null,
            "debt_ratio": null,
            "inventory_turnover_ratio": null,
            "account_receivable_turnover_ratio": null,
            "reinvestment_rate": null,
            "research_to_sale_ratio": null,
            "price_fair": 0,
            "eps_avg_yearly": 0,
            "eps_latest_yearly": 0,
            "eps_growth_yearly": 0
        },
        "20012": {
            "year_quarter": 20012,
            "year": 2001,
            "quarter": 2,
            "eps": null,
            "eps_growth_year": null,
            "eps_4q": null,
            "eps_4q_growth_year": null,
            "roe": null,
            "roe_4q": 0,
            "gross_profit": null,
            "gross_margin": null,
            "gross_margin_4q_avg": 0,
            "net_income": null,
            "revenue": null,
            "common_shares": null,
            "book_valuer_per_share": null,
            "book_valuer_per_share_4q_avg": 0,
            "equity": null,
            "current_ratio": null,
            "debt_ratio": null,
            "inventory_turnover_ratio": null,
            "account_receivable_turnover_ratio": null,
            "reinvestment_rate": null,
            "research_to_sale_ratio": null,
            "price_fair": 0,
            "eps_avg_yearly": 0,
            "eps_latest_yearly": 0,
            "eps_growth_yearly": 0
        },
        "20013": {
            "year_quarter": 20013,
            "year": 2001,
            "quarter": 3,
            "eps": null,
            "eps_growth_year": null,
            "eps_4q": null,
            "eps_4q_growth_year": null,
            "roe": null,
            "roe_4q": 0,
            "gross_profit": null,
            "gross_margin": null,
            "gross_margin_4q_avg": 0,
            "net_income": null,
            "revenue": null,
            "common_shares": null,
            "book_valuer_per_share": null,
            "book_valuer_per_share_4q_avg": 0,
            "equity": null,
            "current_ratio": null,
            "debt_ratio": null,
            "inventory_turnover_ratio": null,
            "account_receivable_turnover_ratio": null,
            "reinvestment_rate": null,
            "research_to_sale_ratio": null,
            "price_fair": 0,
            "eps_avg_yearly": 0,
            "eps_latest_yearly": 0,
            "eps_growth_yearly": 0
        },
        "20014": {
            "year_quarter": 20014,
            "year": 2001,
            "quarter": 4,
            "eps": null,
            "eps_growth_year": null,
            "eps_4q": null,
            "eps_4q_growth_year": null,
            "roe": null,
            "roe_4q": 0,
            "gross_profit": null,
            "gross_margin": null,
            "gross_margin_4q_avg": 0,
            "net_income": null,
            "revenue": null,
            "common_shares": 75000,
            "book_valuer_per_share": 5.49,
            "book_valuer_per_share_4q_avg": 1.37,
            "equity": 41203,
            "current_ratio": 193.26,
            "debt_ratio": 35.11,
            "inventory_turnover_ratio": null,
            "account_receivable_turnover_ratio": null,
            "reinvestment_rate": null,
            "research_to_sale_ratio": null,
            "price_fair": 0,
            "eps_avg_yearly": 0,
            "eps_latest_yearly": 0,
            "eps_growth_yearly": 0
        },
        "20021": {
            "year_quarter": 20021,
            "year": 2002,
            "quarter": 1,
            "eps": null,
            "eps_growth_year": null,
            "eps_4q": null,
            "eps_4q_growth_year": null,
            "roe": null,
            "roe_4q": 0,
            "gross_profit": null,
            "gross_margin": null,
            "gross_margin_4q_avg": 0,
            "net_income": null,
            "revenue": null,
            "common_shares": null,
            "book_valuer_per_share": null,
            "book_valuer_per_share_4q_avg": 1.37,
            "equity": null,
            "current_ratio": null,
            "debt_ratio": null,
            "inventory_turnover_ratio": null,
            "account_receivable_turnover_ratio": null,
            "reinvestment_rate": null,
            "research_to_sale_ratio": null,
            "price_fair": 0,
            "eps_avg_yearly": 0,
            "eps_latest_yearly": 0,
            "eps_growth_yearly": 0
        },
        "20022": {
            "year_quarter": 20022,
            "year": 2002,
            "quarter": 2,
            "eps": null,
            "eps_growth_year": null,
            "eps_4q": null,
            "eps_4q_growth_year": null,
            "roe": null,
            "roe_4q": 0,
            "gross_profit": null,
            "gross_margin": null,
            "gross_margin_4q_avg": 0,
            "net_income": null,
            "revenue": null,
            "common_shares": null,
            "book_valuer_per_share": null,
            "book_valuer_per_share_4q_avg": 1.37,
            "equity": null,
            "current_ratio": null,
            "debt_ratio": null,
            "inventory_turnover_ratio": null,
            "account_receivable_turnover_ratio": null,
            "reinvestment_rate": null,
            "research_to_sale_ratio": null,
            "price_fair": 0,
            "eps_avg_yearly": 0,
            "eps_latest_yearly": 0,
            "eps_growth_yearly": 0
        },
        "20023": {
            "year_quarter": 20023,
            "year": 2002,
            "quarter": 3,
            "eps": null,
            "eps_growth_year": null,
            "eps_4q": null,
            "eps_4q_growth_year": null,
            "roe": null,
            "roe_4q": 0,
            "gross_profit": null,
            "gross_margin": null,
            "gross_margin_4q_avg": 0,
            "net_income": null,
            "revenue": null,
            "common_shares": null,
            "book_valuer_per_share": null,
            "book_valuer_per_share_4q_avg": 1.37,
            "equity": null,
            "current_ratio": null,
            "debt_ratio": null,
            "inventory_turnover_ratio": null,
            "account_receivable_turnover_ratio": null,
            "reinvestment_rate": null,
            "research_to_sale_ratio": null,
            "price_fair": 0,
            "eps_avg_yearly": 0,
            "eps_latest_yearly": 0,
            "eps_growth_yearly": 0
        },
        "20024": {
            "year_quarter": 20024,
            "year": 2002,
            "quarter": 4,
            "eps": null,
            "eps_growth_year": null,
            "eps_4q": null,
            "eps_4q_growth_year": null,
            "roe": null,
            "roe_4q": 0,
            "gross_profit": null,
            "gross_margin": null,
            "gross_margin_4q_avg": 0,
            "net_income": null,
            "revenue": null,
            "common_shares": 100000,
            "book_valuer_per_share": 6.93,
            "book_valuer_per_share_4q_avg": 1.73,
            "equity": 69282,
            "current_ratio": 194.04,
            "debt_ratio": 40.37,
            "inventory_turnover_ratio": null,
            "account_receivable_turnover_ratio": null,
            "reinvestment_rate": null,
            "research_to_sale_ratio": null,
            "price_fair": 0,
            "eps_avg_yearly": 0,
            "eps_latest_yearly": 0,
            "eps_growth_yearly": 0
        },
        "20031": {
            "year_quarter": 20031,
            "year": 2003,
            "quarter": 1,
            "eps": null,
            "eps_growth_year": null,
            "eps_4q": null,
            "eps_4q_growth_year": null,
            "roe": null,
            "roe_4q": 0,
            "gross_profit": null,
            "gross_margin": null,
            "gross_margin_4q_avg": 0,
            "net_income": null,
            "revenue": null,
            "common_shares": null,
            "book_valuer_per_share": null,
            "book_valuer_per_share_4q_avg": 1.73,
            "equity": null,
            "current_ratio": null,
            "debt_ratio": null,
            "inventory_turnover_ratio": null,
            "account_receivable_turnover_ratio": null,
            "reinvestment_rate": null,
            "research_to_sale_ratio": null,
            "price_fair": 0,
            "eps_avg_yearly": 0,
            "eps_latest_yearly": 0,
            "eps_growth_yearly": 0
        },
        "20032": {
            "year_quarter": 20032,
            "year": 2003,
            "quarter": 2,
            "eps": null,
            "eps_growth_year": null,
            "eps_4q": null,
            "eps_4q_growth_year": null,
            "roe": null,
            "roe_4q": 0,
            "gross_profit": null,
            "gross_margin": null,
            "gross_margin_4q_avg": 0,
            "net_income": null,
            "revenue": null,
            "common_shares": null,
            "book_valuer_per_share": null,
            "book_valuer_per_share_4q_avg": 1.73,
            "equity": null,
            "current_ratio": null,
            "debt_ratio": null,
            "inventory_turnover_ratio": null,
            "account_receivable_turnover_ratio": null,
            "reinvestment_rate": null,
            "research_to_sale_ratio": null,
            "price_fair": 0,
            "eps_avg_yearly": 0,
            "eps_latest_yearly": 0,
            "eps_growth_yearly": 0
        },
        "20033": {
            "year_quarter": 20033,
            "year": 2003,
            "quarter": 3,
            "eps": null,
            "eps_growth_year": null,
            "eps_4q": null,
            "eps_4q_growth_year": null,
            "roe": null,
            "roe_4q": 0,
            "gross_profit": null,
            "gross_margin": null,
            "gross_margin_4q_avg": 0,
            "net_income": null,
            "revenue": null,
            "common_shares": null,
            "book_valuer_per_share": null,
            "book_valuer_per_share_4q_avg": 1.73,
            "equity": null,
            "current_ratio": null,
            "debt_ratio": null,
            "inventory_turnover_ratio": null,
            "account_receivable_turnover_ratio": null,
            "reinvestment_rate": null,
            "research_to_sale_ratio": null,
            "price_fair": 0,
            "eps_avg_yearly": 0,
            "eps_latest_yearly": 0,
            "eps_growth_yearly": 0
        },
        "20034": {
            "year_quarter": 20034,
            "year": 2003,
            "quarter": 4,
            "eps": null,
            "eps_growth_year": null,
            "eps_4q": null,
            "eps_4q_growth_year": null,
            "roe": null,
            "roe_4q": 0,
            "gross_profit": null,
            "gross_margin": null,
            "gross_margin_4q_avg": 0,
            "net_income": null,
            "revenue": null,
            "common_shares": 100000,
            "book_valuer_per_share": 9.91,
            "book_valuer_per_share_4q_avg": 2.48,
            "equity": 99067,
            "current_ratio": 207.73,
            "debt_ratio": 33.06,
            "inventory_turnover_ratio": null,
            "account_receivable_turnover_ratio": null,
            "reinvestment_rate": null,
            "research_to_sale_ratio": null,
            "price_fair": 0,
            "eps_avg_yearly": 0,
            "eps_latest_yearly": 0,
            "eps_growth_yearly": 0
        },
        "20041": {
            "year_quarter": 20041,
            "year": 2004,
            "quarter": 1,
            "eps": null,
            "eps_growth_year": null,
            "eps_4q": null,
            "eps_4q_growth_year": null,
            "roe": null,
            "roe_4q": 0,
            "gross_profit": null,
            "gross_margin": null,
            "gross_margin_4q_avg": 0,
            "net_income": null,
            "revenue": null,
            "common_shares": null,
            "book_valuer_per_share": null,
            "book_valuer_per_share_4q_avg": 2.48,
            "equity": null,
            "current_ratio": null,
            "debt_ratio": null,
            "inventory_turnover_ratio": null,
            "account_receivable_turnover_ratio": null,
            "reinvestment_rate": null,
            "research_to_sale_ratio": null,
            "price_fair": 0,
            "eps_avg_yearly": 0,
            "eps_latest_yearly": 0,
            "eps_growth_yearly": 0
        },
        "20042": {
            "year_quarter": 20042,
            "year": 2004,
            "quarter": 2,
            "eps": null,
            "eps_growth_year": null,
            "eps_4q": null,
            "eps_4q_growth_year": null,
            "roe": null,
            "roe_4q": 0,
            "gross_profit": null,
            "gross_margin": null,
            "gross_margin_4q_avg": 0,
            "net_income": null,
            "revenue": null,
            "common_shares": null,
            "book_valuer_per_share": null,
            "book_valuer_per_share_4q_avg": 2.48,
            "equity": null,
            "current_ratio": null,
            "debt_ratio": null,
            "inventory_turnover_ratio": null,
            "account_receivable_turnover_ratio": null,
            "reinvestment_rate": null,
            "research_to_sale_ratio": null,
            "price_fair": 0,
            "eps_avg_yearly": 0,
            "eps_latest_yearly": 0,
            "eps_growth_yearly": 0
        },
        "20043": {
            "year_quarter": 20043,
            "year": 2004,
            "quarter": 3,
            "eps": null,
            "eps_growth_year": null,
            "eps_4q": null,
            "eps_4q_growth_year": null,
            "roe": null,
            "roe_4q": 0,
            "gross_profit": null,
            "gross_margin": null,
            "gross_margin_4q_avg": 0,
            "net_income": null,
            "revenue": null,
            "common_shares": null,
            "book_valuer_per_share": null,
            "book_valuer_per_share_4q_avg": 2.48,
            "equity": null,
            "current_ratio": null,
            "debt_ratio": null,
            "inventory_turnover_ratio": null,
            "account_receivable_turnover_ratio": null,
            "reinvestment_rate": null,
            "research_to_sale_ratio": null,
            "price_fair": 0,
            "eps_avg_yearly": 0,
            "eps_latest_yearly": 0,
            "eps_growth_yearly": 0
        },
        "20044": {
            "year_quarter": 20044,
            "year": 2004,
            "quarter": 4,
            "eps": null,
            "eps_growth_year": null,
            "eps_4q": null,
            "eps_4q_growth_year": null,
            "roe": null,
            "roe_4q": 0,
            "gross_profit": null,
            "gross_margin": null,
            "gross_margin_4q_avg": 0,
            "net_income": null,
            "revenue": null,
            "common_shares": 130000,
            "book_valuer_per_share": 11.84,
            "book_valuer_per_share_4q_avg": 2.96,
            "equity": 153866,
            "current_ratio": 491.32,
            "debt_ratio": 16.8,
            "inventory_turnover_ratio": null,
            "account_receivable_turnover_ratio": null,
            "reinvestment_rate": null,
            "research_to_sale_ratio": null,
            "price_fair": 0,
            "eps_avg_yearly": 0,
            "eps_latest_yearly": 0,
            "eps_growth_yearly": 0
        },
        "20051": {
            "year_quarter": 20051,
            "year": 2005,
            "quarter": 1,
            "eps": null,
            "eps_growth_year": null,
            "eps_4q": null,
            "eps_4q_growth_year": null,
            "roe": null,
            "roe_4q": 0,
            "gross_profit": null,
            "gross_margin": null,
            "gross_margin_4q_avg": 0,
            "net_income": null,
            "revenue": null,
            "common_shares": null,
            "book_valuer_per_share": null,
            "book_valuer_per_share_4q_avg": 2.96,
            "equity": null,
            "current_ratio": null,
            "debt_ratio": null,
            "inventory_turnover_ratio": null,
            "account_receivable_turnover_ratio": null,
            "reinvestment_rate": null,
            "research_to_sale_ratio": null,
            "price_fair": 0,
            "eps_avg_yearly": 0,
            "eps_latest_yearly": 0,
            "eps_growth_yearly": 0
        },
        "20052": {
            "year_quarter": 20052,
            "year": 2005,
            "quarter": 2,
            "eps": null,
            "eps_growth_year": null,
            "eps_4q": null,
            "eps_4q_growth_year": null,
            "roe": null,
            "roe_4q": 0,
            "gross_profit": null,
            "gross_margin": null,
            "gross_margin_4q_avg": 0,
            "net_income": null,
            "revenue": null,
            "common_shares": null,
            "book_valuer_per_share": null,
            "book_valuer_per_share_4q_avg": 2.96,
            "equity": null,
            "current_ratio": null,
            "debt_ratio": null,
            "inventory_turnover_ratio": null,
            "account_receivable_turnover_ratio": null,
            "reinvestment_rate": null,
            "research_to_sale_ratio": null,
            "price_fair": 0,
            "eps_avg_yearly": 0,
            "eps_latest_yearly": 0,
            "eps_growth_yearly": 0
        },
        "20053": {
            "year_quarter": 20053,
            "year": 2005,
            "quarter": 3,
            "eps": null,
            "eps_growth_year": null,
            "eps_4q": null,
            "eps_4q_growth_year": null,
            "roe": null,
            "roe_4q": 0,
            "gross_profit": null,
            "gross_margin": null,
            "gross_margin_4q_avg": 0,
            "net_income": null,
            "revenue": null,
            "common_shares": null,
            "book_valuer_per_share": null,
            "book_valuer_per_share_4q_avg": 2.96,
            "equity": null,
            "current_ratio": null,
            "debt_ratio": null,
            "inventory_turnover_ratio": null,
            "account_receivable_turnover_ratio": null,
            "reinvestment_rate": null,
            "research_to_sale_ratio": null,
            "price_fair": 0,
            "eps_avg_yearly": 0,
            "eps_latest_yearly": 0,
            "eps_growth_yearly": 0
        },
        "20054": {
            "year_quarter": 20054,
            "year": 2005,
            "quarter": 4,
            "eps": null,
            "eps_growth_year": null,
            "eps_4q": null,
            "eps_4q_growth_year": null,
            "roe": null,
            "roe_4q": 0,
            "gross_profit": null,
            "gross_margin": null,
            "gross_margin_4q_avg": 0,
            "net_income": null,
            "revenue": null,
            "common_shares": 144116,
            "book_valuer_per_share": 13.27,
            "book_valuer_per_share_4q_avg": 3.32,
            "equity": 191197,
            "current_ratio": 482.96,
            "debt_ratio": 19.1,
            "inventory_turnover_ratio": null,
            "account_receivable_turnover_ratio": null,
            "reinvestment_rate": null,
            "research_to_sale_ratio": null,
            "price_fair": 0,
            "eps_avg_yearly": 0,
            "eps_latest_yearly": 0,
            "eps_growth_yearly": 0
        },
        "20061": {
            "year_quarter": 20061,
            "year": 2006,
            "quarter": 1,
            "eps": null,
            "eps_growth_year": null,
            "eps_4q": null,
            "eps_4q_growth_year": null,
            "roe": null,
            "roe_4q": 0,
            "gross_profit": null,
            "gross_margin": null,
            "gross_margin_4q_avg": 0,
            "net_income": null,
            "revenue": null,
            "common_shares": null,
            "book_valuer_per_share": null,
            "book_valuer_per_share_4q_avg": 3.32,
            "equity": null,
            "current_ratio": null,
            "debt_ratio": null,
            "inventory_turnover_ratio": null,
            "account_receivable_turnover_ratio": null,
            "reinvestment_rate": null,
            "research_to_sale_ratio": null,
            "price_fair": 0,
            "eps_avg_yearly": 0,
            "eps_latest_yearly": 0,
            "eps_growth_yearly": 0
        },
        "20062": {
            "year_quarter": 20062,
            "year": 2006,
            "quarter": 2,
            "eps": null,
            "eps_growth_year": null,
            "eps_4q": null,
            "eps_4q_growth_year": null,
            "roe": null,
            "roe_4q": 0,
            "gross_profit": null,
            "gross_margin": null,
            "gross_margin_4q_avg": 0,
            "net_income": null,
            "revenue": null,
            "common_shares": null,
            "book_valuer_per_share": null,
            "book_valuer_per_share_4q_avg": 3.32,
            "equity": null,
            "current_ratio": null,
            "debt_ratio": null,
            "inventory_turnover_ratio": null,
            "account_receivable_turnover_ratio": null,
            "reinvestment_rate": null,
            "research_to_sale_ratio": null,
            "price_fair": 0,
            "eps_avg_yearly": 0,
            "eps_latest_yearly": 0,
            "eps_growth_yearly": 0
        },
        "20063": {
            "year_quarter": 20063,
            "year": 2006,
            "quarter": 3,
            "eps": null,
            "eps_growth_year": null,
            "eps_4q": null,
            "eps_4q_growth_year": null,
            "roe": null,
            "roe_4q": 0,
            "gross_profit": null,
            "gross_margin": null,
            "gross_margin_4q_avg": 0,
            "net_income": null,
            "revenue": null,
            "common_shares": null,
            "book_valuer_per_share": null,
            "book_valuer_per_share_4q_avg": 3.32,
            "equity": null,
            "current_ratio": null,
            "debt_ratio": null,
            "inventory_turnover_ratio": null,
            "account_receivable_turnover_ratio": null,
            "reinvestment_rate": null,
            "research_to_sale_ratio": null,
            "price_fair": 0,
            "eps_avg_yearly": 0,
            "eps_latest_yearly": 0,
            "eps_growth_yearly": 0
        },
        "20064": {
            "year_quarter": 20064,
            "year": 2006,
            "quarter": 4,
            "eps": null,
            "eps_growth_year": null,
            "eps_4q": null,
            "eps_4q_growth_year": null,
            "roe": null,
            "roe_4q": 0,
            "gross_profit": null,
            "gross_margin": null,
            "gross_margin_4q_avg": 0,
            "net_income": null,
            "revenue": null,
            "common_shares": 154116,
            "book_valuer_per_share": 13.41,
            "book_valuer_per_share_4q_avg": 3.35,
            "equity": 206725,
            "current_ratio": 466.04,
            "debt_ratio": 18.34,
            "inventory_turnover_ratio": null,
            "account_receivable_turnover_ratio": null,
            "reinvestment_rate": null,
            "research_to_sale_ratio": null,
            "price_fair": 0,
            "eps_avg_yearly": 0,
            "eps_latest_yearly": 0,
            "eps_growth_yearly": 0
        },
        "20071": {
            "year_quarter": 20071,
            "year": 2007,
            "quarter": 1,
            "eps": 1.02,
            "eps_growth_year": null,
            "eps_4q": null,
            "eps_4q_growth_year": null,
            "roe": 7.3,
            "roe_4q": 7.3,
            "gross_profit": 31053,
            "gross_margin": 51.12,
            "gross_margin_4q_avg": 12.78,
            "net_income": 15686,
            "revenue": 60741,
            "common_shares": 154116,
            "book_valuer_per_share": 14.46,
            "book_valuer_per_share_4q_avg": 6.97,
            "equity": 222916,
            "current_ratio": 455.01,
            "debt_ratio": 17.77,
            "inventory_turnover_ratio": 0.39,
            "account_receivable_turnover_ratio": null,
            "reinvestment_rate": null,
            "research_to_sale_ratio": null,
            "price_fair": 0,
            "eps_avg_yearly": 0,
            "eps_latest_yearly": 0,
            "eps_growth_yearly": 0
        },
        "20072": {
            "year_quarter": 20072,
            "year": 2007,
            "quarter": 2,
            "eps": 0.7,
            "eps_growth_year": null,
            "eps_4q": null,
            "eps_4q_growth_year": null,
            "roe": 4.26,
            "roe_4q": 11.559999999999999,
            "gross_profit": 25625,
            "gross_margin": 49.74,
            "gross_margin_4q_avg": 25.22,
            "net_income": 10988,
            "revenue": 51519,
            "common_shares": 194116,
            "book_valuer_per_share": 15.11,
            "book_valuer_per_share_4q_avg": 10.75,
            "equity": 293350,
            "current_ratio": 419.16,
            "debt_ratio": 19.07,
            "inventory_turnover_ratio": 0.37,
            "account_receivable_turnover_ratio": null,
            "reinvestment_rate": null,
            "research_to_sale_ratio": null,
            "price_fair": 8.4,
            "eps_avg_yearly": 2.8,
            "eps_latest_yearly": 2.8,
            "eps_growth_yearly": -125.49
        },
        "20073": {
            "year_quarter": 20073,
            "year": 2007,
            "quarter": 3,
            "eps": 0.81,
            "eps_growth_year": null,
            "eps_4q": null,
            "eps_4q_growth_year": null,
            "roe": 4.55,
            "roe_4q": 16.11,
            "gross_profit": 29805,
            "gross_margin": 54.28,
            "gross_margin_4q_avg": 38.79,
            "net_income": 13662,
            "revenue": 54909,
            "common_shares": 194116,
            "book_valuer_per_share": 15.83,
            "book_valuer_per_share_4q_avg": 14.7,
            "equity": 307264,
            "current_ratio": 788.16,
            "debt_ratio": 10.16,
            "inventory_turnover_ratio": 0.37,
            "account_receivable_turnover_ratio": null,
            "reinvestment_rate": null,
            "research_to_sale_ratio": null,
            "price_fair": 9.06,
            "eps_avg_yearly": 3.02,
            "eps_latest_yearly": 3.24,
            "eps_growth_yearly": -31.32
        },
        "20074": {
            "year_quarter": 20074,
            "year": 2007,
            "quarter": 4,
            "eps": 0.53,
            "eps_growth_year": null,
            "eps_4q": 2.82,
            "eps_4q_growth_year": null,
            "roe": 2.99,
            "roe_4q": 19.1,
            "gross_profit": 40391,
            "gross_margin": 57.76,
            "gross_margin_4q_avg": 53.23,
            "net_income": 9319,
            "revenue": 69929,
            "common_shares": 194116,
            "book_valuer_per_share": 16.29,
            "book_valuer_per_share_4q_avg": 15.42,
            "equity": 316214,
            "current_ratio": 704.11,
            "debt_ratio": 12.44,
            "inventory_turnover_ratio": 0.45,
            "account_receivable_turnover_ratio": null,
            "reinvestment_rate": null,
            "research_to_sale_ratio": null,
            "price_fair": 8.16,
            "eps_avg_yearly": 2.72,
            "eps_latest_yearly": 2.12,
            "eps_growth_yearly": -66.97
        },
        "20081": {
            "year_quarter": 20081,
            "year": 2008,
            "quarter": 1,
            "eps": 0.52,
            "eps_growth_year": -49.02,
            "eps_4q": 2.26,
            "eps_4q_growth_year": null,
            "roe": 3.18,
            "roe_4q": 14.979999999999999,
            "gross_profit": 29332,
            "gross_margin": 52.08,
            "gross_margin_4q_avg": 53.47,
            "net_income": 10167,
            "revenue": 56316,
            "common_shares": 194116,
            "book_valuer_per_share": 16.64,
            "book_valuer_per_share_4q_avg": 15.97,
            "equity": 322959,
            "current_ratio": 597.99,
            "debt_ratio": 13.57,
            "inventory_turnover_ratio": 0.42,
            "account_receivable_turnover_ratio": null,
            "reinvestment_rate": null,
            "research_to_sale_ratio": null,
            "price_fair": 7.68,
            "eps_avg_yearly": 2.56,
            "eps_latest_yearly": 2.08,
            "eps_growth_yearly": -52.11
        },
        "20082": {
            "year_quarter": 20082,
            "year": 2008,
            "quarter": 2,
            "eps": 0.49,
            "eps_growth_year": -30,
            "eps_4q": 2.2,
            "eps_4q_growth_year": null,
            "roe": 3.1,
            "roe_4q": 13.82,
            "gross_profit": 26467,
            "gross_margin": 51.32,
            "gross_margin_4q_avg": 53.86,
            "net_income": 9507,
            "revenue": 51573,
            "common_shares": 194116,
            "book_valuer_per_share": 14.97,
            "book_valuer_per_share_4q_avg": 15.93,
            "equity": 290505,
            "current_ratio": 511.5,
            "debt_ratio": 15.01,
            "inventory_turnover_ratio": 0.37,
            "account_receivable_turnover_ratio": null,
            "reinvestment_rate": null,
            "research_to_sale_ratio": null,
            "price_fair": 7.32,
            "eps_avg_yearly": 2.44,
            "eps_latest_yearly": 1.96,
            "eps_growth_yearly": -46.31
        },
        "20083": {
            "year_quarter": 20083,
            "year": 2008,
            "quarter": 3,
            "eps": 0.62,
            "eps_growth_year": -23.46,
            "eps_4q": 2.11,
            "eps_4q_growth_year": null,
            "roe": 4.03,
            "roe_4q": 13.3,
            "gross_profit": 30894,
            "gross_margin": 47.33,
            "gross_margin_4q_avg": 52.12,
            "net_income": 12071,
            "revenue": 65271,
            "common_shares": 194116,
            "book_valuer_per_share": 15.89,
            "book_valuer_per_share_4q_avg": 15.95,
            "equity": 308546,
            "current_ratio": 500.84,
            "debt_ratio": 15.03,
            "inventory_turnover_ratio": 0.44,
            "account_receivable_turnover_ratio": null,
            "reinvestment_rate": null,
            "research_to_sale_ratio": null,
            "price_fair": 7.34,
            "eps_avg_yearly": 2.45,
            "eps_latest_yearly": 2.48,
            "eps_growth_yearly": -20.9
        },
        "20084": {
            "year_quarter": 20084,
            "year": 2008,
            "quarter": 4,
            "eps": 0.28,
            "eps_growth_year": -47.17,
            "eps_4q": 1.91,
            "eps_4q_growth_year": -32.51,
            "roe": 1.7,
            "roe_4q": 12.01,
            "gross_profit": 22856,
            "gross_margin": 47.42,
            "gross_margin_4q_avg": 49.54,
            "net_income": 5467,
            "revenue": 48195,
            "common_shares": 214116,
            "book_valuer_per_share": 15.6,
            "book_valuer_per_share_4q_avg": 15.78,
            "equity": 334082,
            "current_ratio": 625.3,
            "debt_ratio": 12.06,
            "inventory_turnover_ratio": 0.29,
            "account_receivable_turnover_ratio": 4.35,
            "reinvestment_rate": null,
            "research_to_sale_ratio": null,
            "price_fair": 6.77,
            "eps_avg_yearly": 2.26,
            "eps_latest_yearly": 1.12,
            "eps_growth_yearly": -49.25
        },
        "20091": {
            "year_quarter": 20091,
            "year": 2009,
            "quarter": 1,
            "eps": 0.05,
            "eps_growth_year": -90.38,
            "eps_4q": 1.43,
            "eps_4q_growth_year": -36.66,
            "roe": 0.29,
            "roe_4q": 9.120000000000001,
            "gross_profit": 13512,
            "gross_margin": 39.36,
            "gross_margin_4q_avg": 46.36,
            "net_income": 980,
            "revenue": 34333,
            "common_shares": 214116,
            "book_valuer_per_share": 15.84,
            "book_valuer_per_share_4q_avg": 15.58,
            "equity": 339160,
            "current_ratio": 867.35,
            "debt_ratio": 8.54,
            "inventory_turnover_ratio": 0.24,
            "account_receivable_turnover_ratio": 1.95,
            "reinvestment_rate": null,
            "research_to_sale_ratio": null,
            "price_fair": 6,
            "eps_avg_yearly": 2,
            "eps_latest_yearly": 0.2,
            "eps_growth_yearly": -84.17
        },
        "20092": {
            "year_quarter": 20092,
            "year": 2009,
            "quarter": 2,
            "eps": 0.06,
            "eps_growth_year": -87.76,
            "eps_4q": 0.86,
            "eps_4q_growth_year": -60.94,
            "roe": 0.42,
            "roe_4q": 6.44,
            "gross_profit": 16592,
            "gross_margin": 40.46,
            "gross_margin_4q_avg": 43.64,
            "net_income": 1391,
            "revenue": 41007,
            "common_shares": 214116,
            "book_valuer_per_share": 14.95,
            "book_valuer_per_share_4q_avg": 15.57,
            "equity": 320152,
            "current_ratio": 489.29,
            "debt_ratio": 14.81,
            "inventory_turnover_ratio": 0.29,
            "account_receivable_turnover_ratio": 2.7,
            "reinvestment_rate": null,
            "research_to_sale_ratio": null,
            "price_fair": 5.41,
            "eps_avg_yearly": 1.8,
            "eps_latest_yearly": 0.24,
            "eps_growth_yearly": -65.93
        },
        "20093": {
            "year_quarter": 20093,
            "year": 2009,
            "quarter": 3,
            "eps": 0.19,
            "eps_growth_year": -69.35,
            "eps_4q": 0.5,
            "eps_4q_growth_year": -76.22,
            "roe": 1.29,
            "roe_4q": 3.7,
            "gross_profit": 23317,
            "gross_margin": 37.99,
            "gross_margin_4q_avg": 41.31,
            "net_income": 4779,
            "revenue": 61378,
            "common_shares": 281000,
            "book_valuer_per_share": 14.94,
            "book_valuer_per_share_4q_avg": 15.33,
            "equity": 419737,
            "current_ratio": 845.98,
            "debt_ratio": 9.14,
            "inventory_turnover_ratio": 0.46,
            "account_receivable_turnover_ratio": 2.68,
            "reinvestment_rate": null,
            "research_to_sale_ratio": null,
            "price_fair": 59.5,
            "eps_avg_yearly": 1.7,
            "eps_latest_yearly": 0.76,
            "eps_growth_yearly": 27.33
        },
        "20094": {
            "year_quarter": 20094,
            "year": 2009,
            "quarter": 4,
            "eps": 0.45,
            "eps_growth_year": 60.71,
            "eps_4q": 0.66,
            "eps_4q_growth_year": -65.3,
            "roe": 2.69,
            "roe_4q": 4.69,
            "gross_profit": 33492,
            "gross_margin": 41.61,
            "gross_margin_4q_avg": 39.86,
            "net_income": 11433,
            "revenue": 80486,
            "common_shares": 281000,
            "book_valuer_per_share": 15.27,
            "book_valuer_per_share_4q_avg": 15.25,
            "equity": 429111,
            "current_ratio": 591.97,
            "debt_ratio": 13.28,
            "inventory_turnover_ratio": 0.58,
            "account_receivable_turnover_ratio": 3.1,
            "reinvestment_rate": null,
            "research_to_sale_ratio": null,
            "price_fair": 59.82,
            "eps_avg_yearly": 1.71,
            "eps_latest_yearly": 1.8,
            "eps_growth_yearly": 74.61
        },
        "20101": {
            "year_quarter": 20101,
            "year": 2010,
            "quarter": 1,
            "eps": 0.22,
            "eps_growth_year": 340,
            "eps_4q": 0.84,
            "eps_4q_growth_year": -40.92,
            "roe": 1.42,
            "roe_4q": 5.819999999999999,
            "gross_profit": 28519,
            "gross_margin": 35.33,
            "gross_margin_4q_avg": 38.85,
            "net_income": 6135,
            "revenue": 80712,
            "common_shares": 281000,
            "book_valuer_per_share": 15.46,
            "book_valuer_per_share_4q_avg": 15.16,
            "equity": 434519,
            "current_ratio": 692.03,
            "debt_ratio": 11.04,
            "inventory_turnover_ratio": 0.68,
            "account_receivable_turnover_ratio": 1.7,
            "reinvestment_rate": null,
            "research_to_sale_ratio": 10,
            "price_fair": 57.4,
            "eps_avg_yearly": 1.64,
            "eps_latest_yearly": 0.88,
            "eps_growth_yearly": 51.35
        },
        "20102": {
            "year_quarter": 20102,
            "year": 2010,
            "quarter": 2,
            "eps": 0.18,
            "eps_growth_year": 200.76,
            "eps_4q": 0.9,
            "eps_4q_growth_year": 5.2,
            "roe": 1.32,
            "roe_4q": 6.72,
            "gross_profit": 24846,
            "gross_margin": 38.82,
            "gross_margin_4q_avg": 38.44,
            "net_income": 5578,
            "revenue": 64008,
            "common_shares": 281000,
            "book_valuer_per_share": 14.72,
            "book_valuer_per_share_4q_avg": 15.1,
            "equity": 413585,
            "current_ratio": 427.79,
            "debt_ratio": 17.27,
            "inventory_turnover_ratio": 0.55,
            "account_receivable_turnover_ratio": 1.7,
            "reinvestment_rate": null,
            "research_to_sale_ratio": 15.49,
            "price_fair": 54.92,
            "eps_avg_yearly": 1.57,
            "eps_latest_yearly": 0.72,
            "eps_growth_yearly": 41.81
        },
        "20103": {
            "year_quarter": 20103,
            "year": 2010,
            "quarter": 3,
            "eps": -0.25,
            "eps_growth_year": -229.63,
            "eps_4q": 0.5,
            "eps_4q_growth_year": 0.18,
            "roe": -1.86,
            "roe_4q": 3.57,
            "gross_profit": 8134,
            "gross_margin": 30.88,
            "gross_margin_4q_avg": 36.66,
            "net_income": -7613,
            "revenue": 26337,
            "common_shares": 309100,
            "book_valuer_per_share": 13.07,
            "book_valuer_per_share_4q_avg": 14.63,
            "equity": 403925,
            "current_ratio": 686.6,
            "debt_ratio": 10.65,
            "inventory_turnover_ratio": 0.23,
            "account_receivable_turnover_ratio": 1.25,
            "reinvestment_rate": null,
            "research_to_sale_ratio": 36.72,
            "price_fair": 54.92,
            "eps_avg_yearly": 1.57,
            "eps_latest_yearly": 0.72,
            "eps_growth_yearly": 41.81
        },
        "20104": {
            "year_quarter": 20104,
            "year": 2010,
            "quarter": 4,
            "eps": -0.29,
            "eps_growth_year": -164.1,
            "eps_4q": -0.16,
            "eps_4q_growth_year": -123.99,
            "roe": -2.28,
            "roe_4q": -1.3999999999999995,
            "gross_profit": 11516,
            "gross_margin": 49.17,
            "gross_margin_4q_avg": 38.55,
            "net_income": -9113,
            "revenue": 23420,
            "common_shares": 315950,
            "book_valuer_per_share": 12.52,
            "book_valuer_per_share_4q_avg": 13.94,
            "equity": 395421,
            "current_ratio": 747.64,
            "debt_ratio": 9.58,
            "inventory_turnover_ratio": 0.13,
            "account_receivable_turnover_ratio": 1.79,
            "reinvestment_rate": 203.45,
            "research_to_sale_ratio": 52.92,
            "price_fair": 54.92,
            "eps_avg_yearly": 1.57,
            "eps_latest_yearly": 0.72,
            "eps_growth_yearly": 41.81
        },
        "20111": {
            "year_quarter": 20111,
            "year": 2011,
            "quarter": 1,
            "eps": -0.52,
            "eps_growth_year": -336.36,
            "eps_4q": -0.87,
            "eps_4q_growth_year": -203.41,
            "roe": -4.24,
            "roe_4q": -7.059999999999999,
            "gross_profit": 2819,
            "gross_margin": 13.66,
            "gross_margin_4q_avg": 33.13,
            "net_income": -16452,
            "revenue": 20631,
            "common_shares": 315950,
            "book_valuer_per_share": 12.05,
            "book_valuer_per_share_4q_avg": 13.09,
            "equity": 380603,
            "current_ratio": 884.13,
            "debt_ratio": 8.08,
            "inventory_turnover_ratio": 0.17,
            "account_receivable_turnover_ratio": 1.52,
            "reinvestment_rate": 320.64,
            "research_to_sale_ratio": 56.92,
            "price_fair": 54.92,
            "eps_avg_yearly": 1.57,
            "eps_latest_yearly": 0.72,
            "eps_growth_yearly": 41.81
        },
        "20112": {
            "year_quarter": 20112,
            "year": 2011,
            "quarter": 2,
            "eps": -0.48,
            "eps_growth_year": -366.63,
            "eps_4q": -1.53,
            "eps_4q_growth_year": -269.49,
            "roe": -4.08,
            "roe_4q": -12.459999999999999,
            "gross_profit": 4909,
            "gross_margin": 24.52,
            "gross_margin_4q_avg": 29.56,
            "net_income": -15202,
            "revenue": 20021,
            "common_shares": 315950,
            "book_valuer_per_share": 11.52,
            "book_valuer_per_share_4q_avg": 12.29,
            "equity": 363861,
            "current_ratio": 949.8,
            "debt_ratio": 7.44,
            "inventory_turnover_ratio": 0.14,
            "account_receivable_turnover_ratio": 1.79,
            "reinvestment_rate": 511.1,
            "research_to_sale_ratio": 52.37,
            "price_fair": 51.33,
            "eps_avg_yearly": 1.47,
            "eps_latest_yearly": 0.72,
            "eps_growth_yearly": 55.75
        },
        "20113": {
            "year_quarter": 20113,
            "year": 2011,
            "quarter": 3,
            "eps": -0.75,
            "eps_growth_year": null,
            "eps_4q": -2.04,
            "eps_4q_growth_year": -506.5,
            "roe": -6.68,
            "roe_4q": -17.28,
            "gross_profit": -3148,
            "gross_margin": -15.66,
            "gross_margin_4q_avg": 17.92,
            "net_income": -23774,
            "revenue": 20103,
            "common_shares": 315950,
            "book_valuer_per_share": 11.01,
            "book_valuer_per_share_4q_avg": 11.78,
            "equity": 347739,
            "current_ratio": 829.15,
            "debt_ratio": 8.22,
            "inventory_turnover_ratio": 0.22,
            "account_receivable_turnover_ratio": 2.13,
            "reinvestment_rate": 4738.03,
            "research_to_sale_ratio": 58.62,
            "price_fair": 45.69,
            "eps_avg_yearly": 1.31,
            "eps_latest_yearly": 0.72,
            "eps_growth_yearly": 55.11
        },
        "20114": {
            "year_quarter": 20114,
            "year": 2011,
            "quarter": 4,
            "eps": -0.89,
            "eps_growth_year": null,
            "eps_4q": -2.63,
            "eps_4q_growth_year": null,
            "roe": -8.43,
            "roe_4q": -23.43,
            "gross_profit": -5488,
            "gross_margin": -32.95,
            "gross_margin_4q_avg": -2.61,
            "net_income": -28283,
            "revenue": 16656,
            "common_shares": 318040,
            "book_valuer_per_share": 10.15,
            "book_valuer_per_share_4q_avg": 11.18,
            "equity": 322896,
            "current_ratio": 510.7,
            "debt_ratio": 12.42,
            "inventory_turnover_ratio": 0.22,
            "account_receivable_turnover_ratio": 2.18,
            "reinvestment_rate": null,
            "research_to_sale_ratio": 99.45,
            "price_fair": 42.84,
            "eps_avg_yearly": 1.22,
            "eps_latest_yearly": 0.72,
            "eps_growth_yearly": 74.44
        },
        "20121": {
            "year_quarter": 20121,
            "year": 2012,
            "quarter": 1,
            "eps": -0.65,
            "eps_growth_year": null,
            "eps_4q": -2.77,
            "eps_4q_growth_year": null,
            "roe": -6.66,
            "roe_4q": -25.85,
            "gross_profit": -894,
            "gross_margin": -3.72,
            "gross_margin_4q_avg": -6.95,
            "net_income": -20735,
            "revenue": 24017,
            "common_shares": 318200,
            "book_valuer_per_share": 9.42,
            "book_valuer_per_share_4q_avg": 10.53,
            "equity": 299861,
            "current_ratio": 420.83,
            "debt_ratio": 15,
            "inventory_turnover_ratio": 0.26,
            "account_receivable_turnover_ratio": 2.55,
            "reinvestment_rate": null,
            "research_to_sale_ratio": 54.52,
            "price_fair": 39.51,
            "eps_avg_yearly": 1.13,
            "eps_latest_yearly": 0.72,
            "eps_growth_yearly": 83.55
        },
        "20122": {
            "year_quarter": 20122,
            "year": 2012,
            "quarter": 2,
            "eps": -1.39,
            "eps_growth_year": null,
            "eps_4q": -3.68,
            "eps_4q_growth_year": null,
            "roe": -15.88,
            "roe_4q": -37.65,
            "gross_profit": -11924,
            "gross_margin": -52.85,
            "gross_margin_4q_avg": -26.3,
            "net_income": -44184,
            "revenue": 22562,
            "common_shares": 318200,
            "book_valuer_per_share": 8.06,
            "book_valuer_per_share_4q_avg": 9.66,
            "equity": 256485,
            "current_ratio": 440.82,
            "debt_ratio": 13.36,
            "inventory_turnover_ratio": 0.42,
            "account_receivable_turnover_ratio": 2.44,
            "reinvestment_rate": null,
            "research_to_sale_ratio": 64.99,
            "price_fair": 35.88,
            "eps_avg_yearly": 1.03,
            "eps_latest_yearly": 0.72,
            "eps_growth_yearly": 96.88
        },
        "20123": {
            "year_quarter": 20123,
            "year": 2012,
            "quarter": 3,
            "eps": -0.75,
            "eps_growth_year": null,
            "eps_4q": -3.68,
            "eps_4q_growth_year": null,
            "roe": -9.85,
            "roe_4q": -40.82,
            "gross_profit": -4614,
            "gross_margin": -24.23,
            "gross_margin_4q_avg": -28.44,
            "net_income": -23997,
            "revenue": 19042,
            "common_shares": 318200,
            "book_valuer_per_share": 7.25,
            "book_valuer_per_share_4q_avg": 8.72,
            "equity": 230559,
            "current_ratio": 340.63,
            "debt_ratio": 16.3,
            "inventory_turnover_ratio": 0.34,
            "account_receivable_turnover_ratio": 2,
            "reinvestment_rate": null,
            "research_to_sale_ratio": 64.66,
            "price_fair": 28.6,
            "eps_avg_yearly": 0.82,
            "eps_latest_yearly": 0.72,
            "eps_growth_yearly": 95.56
        },
        "20124": {
            "year_quarter": 20124,
            "year": 2012,
            "quarter": 4,
            "eps": -0.78,
            "eps_growth_year": null,
            "eps_4q": -3.57,
            "eps_4q_growth_year": null,
            "roe": -11.34,
            "roe_4q": -43.730000000000004,
            "gross_profit": 1344,
            "gross_margin": 4.64,
            "gross_margin_4q_avg": -19.04,
            "net_income": -24740,
            "revenue": 28986,
            "common_shares": 318200,
            "book_valuer_per_share": 6.47,
            "book_valuer_per_share_4q_avg": 7.8,
            "equity": 205735,
            "current_ratio": 210.82,
            "debt_ratio": 26.19,
            "inventory_turnover_ratio": 0.4,
            "account_receivable_turnover_ratio": 1.94,
            "reinvestment_rate": null,
            "research_to_sale_ratio": 58.32,
            "price_fair": 26.83,
            "eps_avg_yearly": 0.77,
            "eps_latest_yearly": 0.72,
            "eps_growth_yearly": 148.05
        },
        "20131": {
            "year_quarter": 20131,
            "year": 2013,
            "quarter": 1,
            "eps": -0.73,
            "eps_growth_year": null,
            "eps_4q": -3.64,
            "eps_4q_growth_year": null,
            "roe": -11.86,
            "roe_4q": -48.93,
            "gross_profit": -1917,
            "gross_margin": -8.89,
            "gross_margin_4q_avg": -20.33,
            "net_income": -23115,
            "revenue": 21561,
            "common_shares": 318200,
            "book_valuer_per_share": 5.78,
            "book_valuer_per_share_4q_avg": 6.89,
            "equity": 184005,
            "current_ratio": 177.12,
            "debt_ratio": 33.99,
            "inventory_turnover_ratio": 0.35,
            "account_receivable_turnover_ratio": 1.53,
            "reinvestment_rate": null,
            "research_to_sale_ratio": 65.54,
            "price_fair": 30.8,
            "eps_avg_yearly": 0.88,
            "eps_latest_yearly": 0.72,
            "eps_growth_yearly": 243.37
        },
        "20132": {
            "year_quarter": 20132,
            "year": 2013,
            "quarter": 2,
            "eps": -0.63,
            "eps_growth_year": null,
            "eps_4q": -2.89,
            "eps_4q_growth_year": null,
            "roe": -11.56,
            "roe_4q": -44.61000000000001,
            "gross_profit": 953,
            "gross_margin": 3.25,
            "gross_margin_4q_avg": -6.31,
            "net_income": -20164,
            "revenue": 29283,
            "common_shares": 318440,
            "book_valuer_per_share": 5.18,
            "book_valuer_per_share_4q_avg": 6.17,
            "equity": 164930,
            "current_ratio": 139.87,
            "debt_ratio": 43.73,
            "inventory_turnover_ratio": 0.43,
            "account_receivable_turnover_ratio": 2.45,
            "reinvestment_rate": null,
            "research_to_sale_ratio": 34.12,
            "price_fair": 36.4,
            "eps_avg_yearly": 1.04,
            "eps_latest_yearly": 0.72,
            "eps_growth_yearly": 284.22
        },
        "20133": {
            "year_quarter": 20133,
            "year": 2013,
            "quarter": 3,
            "eps": -0.34,
            "eps_growth_year": null,
            "eps_4q": -1.7,
            "eps_4q_growth_year": null,
            "roe": -5.79,
            "roe_4q": -40.55,
            "gross_profit": 8573,
            "gross_margin": 30.46,
            "gross_margin_4q_avg": 7.37,
            "net_income": -13818,
            "revenue": 28141,
            "common_shares": 480440,
            "book_valuer_per_share": 6.5,
            "book_valuer_per_share_4q_avg": 5.98,
            "equity": 312394,
            "current_ratio": 645.07,
            "debt_ratio": 12.57,
            "inventory_turnover_ratio": 0.3,
            "account_receivable_turnover_ratio": 2.31,
            "reinvestment_rate": null,
            "research_to_sale_ratio": 38.01,
            "price_fair": 39.67,
            "eps_avg_yearly": 1.13,
            "eps_latest_yearly": 0.72,
            "eps_growth_yearly": 90.07
        },
        "20134": {
            "year_quarter": 20134,
            "year": 2013,
            "quarter": 4,
            "eps": -2.97,
            "eps_growth_year": null,
            "eps_4q": -4.53,
            "eps_4q_growth_year": null,
            "roe": -42,
            "roe_4q": -71.21000000000001,
            "gross_profit": -11613,
            "gross_margin": -54.55,
            "gross_margin_4q_avg": -7.43,
            "net_income": -108526,
            "revenue": 21287,
            "common_shares": 365894,
            "book_valuer_per_share": 5.59,
            "book_valuer_per_share_4q_avg": 5.76,
            "equity": 204360,
            "current_ratio": 256.13,
            "debt_ratio": 29.7,
            "inventory_turnover_ratio": 0.56,
            "account_receivable_turnover_ratio": 1.94,
            "reinvestment_rate": null,
            "research_to_sale_ratio": 61.31,
            "price_fair": 2.4,
            "eps_avg_yearly": 0.8,
            "eps_latest_yearly": 0.72,
            "eps_growth_yearly": -138.59
        },
        "20141": {
            "year_quarter": 20141,
            "year": 2014,
            "quarter": 1,
            "eps": -1.13,
            "eps_growth_year": null,
            "eps_4q": -4.06,
            "eps_4q_growth_year": null,
            "roe": -14,
            "roe_4q": -73.35,
            "gross_profit": -1300,
            "gross_margin": -7.38,
            "gross_margin_4q_avg": -7.06,
            "net_income": -41384,
            "revenue": 17619,
            "common_shares": 452814,
            "book_valuer_per_share": 8.54,
            "book_valuer_per_share_4q_avg": 6.45,
            "equity": 386857,
            "current_ratio": 658.47,
            "debt_ratio": 15,
            "inventory_turnover_ratio": 0.36,
            "account_receivable_turnover_ratio": 2.28,
            "reinvestment_rate": null,
            "research_to_sale_ratio": 31.27,
            "price_fair": 2.16,
            "eps_avg_yearly": 0.72,
            "eps_latest_yearly": 0.72,
            "eps_growth_yearly": -72.73
        },
        "20142": {
            "year_quarter": 20142,
            "year": 2014,
            "quarter": 2,
            "eps": -0.34,
            "eps_growth_year": null,
            "eps_4q": -3.95,
            "eps_4q_growth_year": null,
            "roe": -4.05,
            "roe_4q": -65.84,
            "gross_profit": -1339,
            "gross_margin": -7.4,
            "gross_margin_4q_avg": -9.72,
            "net_income": -15353,
            "revenue": 18091,
            "common_shares": 452814,
            "book_valuer_per_share": 8.19,
            "book_valuer_per_share_4q_avg": 7.21,
            "equity": 370984,
            "current_ratio": 1500.58,
            "debt_ratio": 6.34,
            "inventory_turnover_ratio": 0.37,
            "account_receivable_turnover_ratio": 3.11,
            "reinvestment_rate": null,
            "research_to_sale_ratio": 24.32,
            "price_fair": 0,
            "eps_avg_yearly": 0,
            "eps_latest_yearly": 0,
            "eps_growth_yearly": 0
        },
        "20143": {
            "year_quarter": 20143,
            "year": 2014,
            "quarter": 3,
            "eps": -0.53,
            "eps_growth_year": null,
            "eps_4q": -3.75,
            "eps_4q_growth_year": null,
            "roe": -5.11,
            "roe_4q": -65.16,
            "gross_profit": -7015,
            "gross_margin": -18.84,
            "gross_margin_4q_avg": -22.04,
            "net_income": -25676,
            "revenue": 37231,
            "common_shares": 507814,
            "book_valuer_per_share": 11.35,
            "book_valuer_per_share_4q_avg": 8.42,
            "equity": 633830,
            "current_ratio": 660.32,
            "debt_ratio": 7.93,
            "inventory_turnover_ratio": 0.91,
            "account_receivable_turnover_ratio": 2.91,
            "reinvestment_rate": null,
            "research_to_sale_ratio": 17.76,
            "price_fair": 0,
            "eps_avg_yearly": 0,
            "eps_latest_yearly": 0,
            "eps_growth_yearly": 0
        },
        "20144": {
            "year_quarter": 20144,
            "year": 2014,
            "quarter": 4,
            "eps": -0.37,
            "eps_growth_year": null,
            "eps_4q": -1.97,
            "eps_4q_growth_year": null,
            "roe": -3.36,
            "roe_4q": -26.52,
            "gross_profit": 17656,
            "gross_margin": 11.47,
            "gross_margin_4q_avg": -5.54,
            "net_income": -21057,
            "revenue": 153897,
            "common_shares": 514114,
            "book_valuer_per_share": 10.92,
            "book_valuer_per_share_4q_avg": 9.75,
            "equity": 617940,
            "current_ratio": 473.81,
            "debt_ratio": 10.95,
            "inventory_turnover_ratio": 3.01,
            "account_receivable_turnover_ratio": 2.57,
            "reinvestment_rate": null,
            "research_to_sale_ratio": 7.59,
            "price_fair": 0,
            "eps_avg_yearly": 0,
            "eps_latest_yearly": 0,
            "eps_growth_yearly": 0
        },
        "20151": {
            "year_quarter": 20151,
            "year": 2015,
            "quarter": 1,
            "eps": -0.72,
            "eps_growth_year": null,
            "eps_4q": -1.51,
            "eps_4q_growth_year": null,
            "roe": -4.88,
            "roe_4q": -17.400000000000002,
            "gross_profit": 4599,
            "gross_margin": 3.6,
            "gross_margin_4q_avg": -2.79,
            "net_income": -40018,
            "revenue": 127879,
            "common_shares": 654114,
            "book_valuer_per_share": 14.79,
            "book_valuer_per_share_4q_avg": 11.31,
            "equity": 1023251,
            "current_ratio": 936.53,
            "debt_ratio": 7.54,
            "inventory_turnover_ratio": 1.82,
            "account_receivable_turnover_ratio": 1.67,
            "reinvestment_rate": null,
            "research_to_sale_ratio": 14.83,
            "price_fair": 0,
            "eps_avg_yearly": 0,
            "eps_latest_yearly": 0,
            "eps_growth_yearly": 0
        },
        "20152": {
            "year_quarter": 20152,
            "year": 2015,
            "quarter": 2,
            "eps": -0.48,
            "eps_growth_year": null,
            "eps_4q": -1.77,
            "eps_4q_growth_year": null,
            "roe": -3.36,
            "roe_4q": -16.71,
            "gross_profit": 6416,
            "gross_margin": 3.85,
            "gross_margin_4q_avg": 0.02,
            "net_income": -33818,
            "revenue": 166743,
            "common_shares": 654114,
            "book_valuer_per_share": 14.3,
            "book_valuer_per_share_4q_avg": 12.84,
            "equity": 989509,
            "current_ratio": 1217.81,
            "debt_ratio": 5.51,
            "inventory_turnover_ratio": 2.39,
            "account_receivable_turnover_ratio": 2.46,
            "reinvestment_rate": null,
            "research_to_sale_ratio": 12.71,
            "price_fair": 0,
            "eps_avg_yearly": 0,
            "eps_latest_yearly": 0,
            "eps_growth_yearly": 0
        },
        "20153": {
            "year_quarter": 20153,
            "year": 2015,
            "quarter": 3,
            "eps": -0.37,
            "eps_growth_year": null,
            "eps_4q": -1.74,
            "eps_4q_growth_year": null,
            "roe": -2.62,
            "roe_4q": -14.219999999999999,
            "gross_profit": 10160,
            "gross_margin": 12.43,
            "gross_margin_4q_avg": 7.84,
            "net_income": -25814,
            "revenue": 81728,
            "common_shares": 654114,
            "book_valuer_per_share": 14.11,
            "book_valuer_per_share_4q_avg": 13.53,
            "equity": 977327,
            "current_ratio": 1208.36,
            "debt_ratio": 5.18,
            "inventory_turnover_ratio": 1.31,
            "account_receivable_turnover_ratio": 1.23,
            "reinvestment_rate": null,
            "research_to_sale_ratio": 25.19,
            "price_fair": 0,
            "eps_avg_yearly": 0,
            "eps_latest_yearly": 0,
            "eps_growth_yearly": 0
        },
        "20154": {
            "year_quarter": 20154,
            "year": 2015,
            "quarter": 4,
            "eps": -0.76,
            "eps_growth_year": null,
            "eps_4q": -2.21,
            "eps_4q_growth_year": null,
            "roe": -5.42,
            "roe_4q": -16.279999999999998,
            "gross_profit": -1116,
            "gross_margin": -1.22,
            "gross_margin_4q_avg": 4.67,
            "net_income": -51664,
            "revenue": 91811,
            "common_shares": 654114,
            "book_valuer_per_share": 13.36,
            "book_valuer_per_share_4q_avg": 14.14,
            "equity": 927427,
            "current_ratio": 2181.34,
            "debt_ratio": 2.57,
            "inventory_turnover_ratio": 1.87,
            "account_receivable_turnover_ratio": 2.2,
            "reinvestment_rate": null,
            "research_to_sale_ratio": 30.94,
            "price_fair": 0,
            "eps_avg_yearly": 0,
            "eps_latest_yearly": 0,
            "eps_growth_yearly": 0
        },
        "20161": {
            "year_quarter": 20161,
            "year": 2016,
            "quarter": 1,
            "eps": -0.58,
            "eps_growth_year": null,
            "eps_4q": -2.2,
            "eps_4q_growth_year": null,
            "roe": -4.39,
            "roe_4q": -15.79,
            "gross_profit": 10135,
            "gross_margin": 44.15,
            "gross_margin_4q_avg": 14.8,
            "net_income": -39852,
            "revenue": 22958,
            "common_shares": 654114,
            "book_valuer_per_share": 12.77,
            "book_valuer_per_share_4q_avg": 13.64,
            "equity": 886326,
            "current_ratio": 1443.43,
            "debt_ratio": 2.94,
            "inventory_turnover_ratio": 0.34,
            "account_receivable_turnover_ratio": 1.16,
            "reinvestment_rate": null,
            "research_to_sale_ratio": 112.93,
            "price_fair": 0,
            "eps_avg_yearly": 0,
            "eps_latest_yearly": 0,
            "eps_growth_yearly": 0
        },
        "20162": {
            "year_quarter": 20162,
            "year": 2016,
            "quarter": 2,
            "eps": -0.79,
            "eps_growth_year": null,
            "eps_4q": -2.49,
            "eps_4q_growth_year": null,
            "roe": -5.91,
            "roe_4q": -18.34,
            "gross_profit": 9591,
            "gross_margin": 13.77,
            "gross_margin_4q_avg": 17.28,
            "net_income": -55122,
            "revenue": 69670,
            "common_shares": 654114,
            "book_valuer_per_share": 11.99,
            "book_valuer_per_share_4q_avg": 13.06,
            "equity": 980312,
            "current_ratio": 724.95,
            "debt_ratio": 4.71,
            "inventory_turnover_ratio": 1.45,
            "account_receivable_turnover_ratio": 3.19,
            "reinvestment_rate": null,
            "research_to_sale_ratio": 58.5,
            "price_fair": 0,
            "eps_avg_yearly": 0,
            "eps_latest_yearly": 0,
            "eps_growth_yearly": 0
        },
        "20163": {
            "year_quarter": 20163,
            "year": 2016,
            "quarter": 3,
            "eps": -0.91,
            "eps_growth_year": null,
            "eps_4q": -3.03,
            "eps_4q_growth_year": null,
            "roe": -7.17,
            "roe_4q": -22.89,
            "gross_profit": 17541,
            "gross_margin": 13.5,
            "gross_margin_4q_avg": 17.55,
            "net_income": -67934,
            "revenue": 129887,
            "common_shares": 654114,
            "book_valuer_per_share": 11.02,
            "book_valuer_per_share_4q_avg": 12.29,
            "equity": 913958,
            "current_ratio": 245.01,
            "debt_ratio": 14.32,
            "inventory_turnover_ratio": 2.24,
            "account_receivable_turnover_ratio": 2.33,
            "reinvestment_rate": null,
            "research_to_sale_ratio": 43.62,
            "price_fair": 0,
            "eps_avg_yearly": 0,
            "eps_latest_yearly": 0,
            "eps_growth_yearly": 0
        },
        "20164": {
            "year_quarter": 20164,
            "year": 2016,
            "quarter": 4,
            "eps": -1.34,
            "eps_growth_year": null,
            "eps_4q": -3.21,
            "eps_4q_growth_year": null,
            "roe": -11.63,
            "roe_4q": -29.1,
            "gross_profit": -20620,
            "gross_margin": -19.57,
            "gross_margin_4q_avg": 12.96,
            "net_income": -115745,
            "revenue": 105385,
            "common_shares": 794114,
            "book_valuer_per_share": 11.21,
            "book_valuer_per_share_4q_avg": 11.75,
            "equity": 1075760,
            "current_ratio": 383.67,
            "debt_ratio": 15.11,
            "inventory_turnover_ratio": 3.01,
            "account_receivable_turnover_ratio": 1.93,
            "reinvestment_rate": null,
            "research_to_sale_ratio": 56.73,
            "price_fair": 0,
            "eps_avg_yearly": 0,
            "eps_latest_yearly": 0,
            "eps_growth_yearly": 0
        },
        "20171": {
            "year_quarter": 20171,
            "year": 2017,
            "quarter": 1,
            "eps": -0.94,
            "eps_growth_year": null,
            "eps_4q": -3.49,
            "eps_4q_growth_year": null,
            "roe": -8.06,
            "roe_4q": -32.769999999999996,
            "gross_profit": 9566,
            "gross_margin": 9.92,
            "gross_margin_4q_avg": 4.41,
            "net_income": -86516,
            "revenue": 96416,
            "common_shares": 836277,
            "book_valuer_per_share": 10.68,
            "book_valuer_per_share_4q_avg": 11.23,
            "equity": 1069892,
            "current_ratio": 814.7,
            "debt_ratio": 16.13,
            "inventory_turnover_ratio": 6.36,
            "account_receivable_turnover_ratio": 3.57,
            "reinvestment_rate": null,
            "research_to_sale_ratio": 76.42,
            "price_fair": 0,
            "eps_avg_yearly": 0,
            "eps_latest_yearly": 0,
            "eps_growth_yearly": 0
        },
        "20172": {
            "year_quarter": 20172,
            "year": 2017,
            "quarter": 2,
            "eps": -0.78,
            "eps_growth_year": null,
            "eps_4q": -3.64,
            "eps_4q_growth_year": null,
            "roe": -6.78,
            "roe_4q": -33.64,
            "gross_profit": 7985,
            "gross_margin": 7.42,
            "gross_margin_4q_avg": 2.82,
            "net_income": -70377,
            "revenue": 107594,
            "common_shares": 839027,
            "book_valuer_per_share": 10.02,
            "book_valuer_per_share_4q_avg": 10.73,
            "equity": 1006050,
            "current_ratio": 449.03,
            "debt_ratio": 18.57,
            "inventory_turnover_ratio": 51.33,
            "account_receivable_turnover_ratio": 2.71,
            "reinvestment_rate": null,
            "research_to_sale_ratio": 64.72,
            "price_fair": 0,
            "eps_avg_yearly": 0,
            "eps_latest_yearly": 0,
            "eps_growth_yearly": 0
        },
        "20173": {
            "year_quarter": 20173,
            "year": 2017,
            "quarter": 3,
            "eps": -0.91,
            "eps_growth_year": null,
            "eps_4q": -3.84,
            "eps_4q_growth_year": null,
            "roe": -8.94,
            "roe_4q": -35.410000000000004,
            "gross_profit": 7424,
            "gross_margin": 7.6,
            "gross_margin_4q_avg": 1.34,
            "net_income": -86169,
            "revenue": 97652,
            "common_shares": 838427,
            "book_valuer_per_share": 9.11,
            "book_valuer_per_share_4q_avg": 10.26,
            "equity": 921737,
            "current_ratio": 448.93,
            "debt_ratio": 19.57,
            "inventory_turnover_ratio": 8.77,
            "account_receivable_turnover_ratio": 1.48,
            "reinvestment_rate": null,
            "research_to_sale_ratio": 86.7,
            "price_fair": 0,
            "eps_avg_yearly": 0,
            "eps_latest_yearly": 0,
            "eps_growth_yearly": 0
        },
        "20174": {
            "year_quarter": 20174,
            "year": 2017,
            "quarter": 4,
            "eps": -0.77,
            "eps_growth_year": null,
            "eps_4q": -2.95,
            "eps_4q_growth_year": null,
            "roe": -8.34,
            "roe_4q": -32.120000000000005,
            "gross_profit": 11471,
            "gross_margin": 15.75,
            "gross_margin_4q_avg": 10.17,
            "net_income": -84466,
            "revenue": 72816,
            "common_shares": 988427,
            "book_valuer_per_share": 9.64,
            "book_valuer_per_share_4q_avg": 9.86,
            "equity": 1102625,
            "current_ratio": 529.03,
            "debt_ratio": 17.63,
            "inventory_turnover_ratio": 3.26,
            "account_receivable_turnover_ratio": 1.27,
            "reinvestment_rate": null,
            "research_to_sale_ratio": 110.23,
            "price_fair": 0,
            "eps_avg_yearly": 0,
            "eps_latest_yearly": 0,
            "eps_growth_yearly": 0
        },
        "20181": {
            "year_quarter": 20181,
            "year": 2018,
            "quarter": 1,
            "eps": -0.54,
            "eps_growth_year": null,
            "eps_4q": -2.74,
            "eps_4q_growth_year": null,
            "roe": -5.77,
            "roe_4q": -29.83,
            "gross_profit": 9097,
            "gross_margin": 9.87,
            "gross_margin_4q_avg": 10.16,
            "net_income": -61631,
            "revenue": 92196,
            "common_shares": 988427,
            "book_valuer_per_share": 9,
            "book_valuer_per_share_4q_avg": 9.44,
            "equity": 1033780,
            "current_ratio": 541.74,
            "debt_ratio": 17.16,
            "inventory_turnover_ratio": 8.35,
            "account_receivable_turnover_ratio": 1.65,
            "reinvestment_rate": null,
            "research_to_sale_ratio": 65.83,
            "price_fair": 0,
            "eps_avg_yearly": 0,
            "eps_latest_yearly": 0,
            "eps_growth_yearly": 0
        },
        "20182": {
            "year_quarter": 20182,
            "year": 2018,
            "quarter": 2,
            "eps": -0.63,
            "eps_growth_year": null,
            "eps_4q": -2.72,
            "eps_4q_growth_year": null,
            "roe": -7.17,
            "roe_4q": -30.22,
            "gross_profit": 8224,
            "gross_margin": 9.82,
            "gross_margin_4q_avg": 10.76,
            "net_income": -72042,
            "revenue": 83758,
            "common_shares": 988427,
            "book_valuer_per_share": 8.49,
            "book_valuer_per_share_4q_avg": 9.06,
            "equity": 975562,
            "current_ratio": 394.44,
            "debt_ratio": 19.07,
            "inventory_turnover_ratio": 8.31,
            "account_receivable_turnover_ratio": 1.38,
            "reinvestment_rate": null,
            "research_to_sale_ratio": 82.54,
            "price_fair": 0,
            "eps_avg_yearly": 0,
            "eps_latest_yearly": 0,
            "eps_growth_yearly": 0
        },
        "20183": {
            "year_quarter": 20183,
            "year": 2018,
            "quarter": 3,
            "eps": -0.35,
            "eps_growth_year": null,
            "eps_4q": -2.29,
            "eps_4q_growth_year": null,
            "roe": -4.29,
            "roe_4q": -25.57,
            "gross_profit": 22103,
            "gross_margin": 23.36,
            "gross_margin_4q_avg": 14.7,
            "net_income": -40965,
            "revenue": 94620,
            "common_shares": 988427,
            "book_valuer_per_share": 8.16,
            "book_valuer_per_share_4q_avg": 8.82,
            "equity": 935895,
            "current_ratio": 191.97,
            "debt_ratio": 21.01,
            "inventory_turnover_ratio": 3.61,
            "account_receivable_turnover_ratio": 1.75,
            "reinvestment_rate": null,
            "research_to_sale_ratio": 71.94,
            "price_fair": 0,
            "eps_avg_yearly": 0,
            "eps_latest_yearly": 0,
            "eps_growth_yearly": 0
        },
        "20184": {
            "year_quarter": 20184,
            "year": 2018,
            "quarter": 4,
            "eps": -0.93,
            "eps_growth_year": null,
            "eps_4q": -2.45,
            "eps_4q_growth_year": null,
            "roe": -16.69,
            "roe_4q": -33.92,
            "gross_profit": 11272,
            "gross_margin": 7.59,
            "gross_margin_4q_avg": 12.66,
            "net_income": -144355,
            "revenue": 148604,
            "common_shares": 988427,
            "book_valuer_per_share": 7.25,
            "book_valuer_per_share_4q_avg": 8.23,
            "equity": 793562,
            "current_ratio": 179.51,
            "debt_ratio": 21.24,
            "inventory_turnover_ratio": 10.05,
            "account_receivable_turnover_ratio": 2.17,
            "reinvestment_rate": null,
            "research_to_sale_ratio": 35.15,
            "price_fair": 0,
            "eps_avg_yearly": 0,
            "eps_latest_yearly": 0,
            "eps_growth_yearly": 0
        },
        "20191": {
            "year_quarter": 20191,
            "year": 2019,
            "quarter": 1,
            "eps": -0.6,
            "eps_growth_year": null,
            "eps_4q": -2.31,
            "eps_4q_growth_year": null,
            "roe": -8.92,
            "roe_4q": -37.07,
            "gross_profit": 14055,
            "gross_margin": 16.79,
            "gross_margin_4q_avg": 14.39,
            "net_income": -72265,
            "revenue": 83724,
            "common_shares": 1088427,
            "book_valuer_per_share": 6.97,
            "book_valuer_per_share_4q_avg": 7.72,
            "equity": 826109,
            "current_ratio": 240.28,
            "debt_ratio": 37.12,
            "inventory_turnover_ratio": 12.3,
            "account_receivable_turnover_ratio": 1.45,
            "reinvestment_rate": null,
            "research_to_sale_ratio": 73.63,
            "price_fair": 0,
            "eps_avg_yearly": 0,
            "eps_latest_yearly": 0,
            "eps_growth_yearly": 0
        },
        "20192": {
            "year_quarter": 20192,
            "year": 2019,
            "quarter": 2,
            "eps": -0.61,
            "eps_growth_year": null,
            "eps_4q": -2.34,
            "eps_4q_growth_year": null,
            "roe": -9.73,
            "roe_4q": -39.63,
            "gross_profit": 6025,
            "gross_margin": 5.6,
            "gross_margin_4q_avg": 13.34,
            "net_income": -76626,
            "revenue": 107537,
            "common_shares": 1088427,
            "book_valuer_per_share": 6.34,
            "book_valuer_per_share_4q_avg": 7.18,
            "equity": 749408,
            "current_ratio": 190.28,
            "debt_ratio": 40.77,
            "inventory_turnover_ratio": 12.42,
            "account_receivable_turnover_ratio": 2.34,
            "reinvestment_rate": null,
            "research_to_sale_ratio": 52.3,
            "price_fair": 0,
            "eps_avg_yearly": 0,
            "eps_latest_yearly": 0,
            "eps_growth_yearly": 0
        },
        "20193": {
            "year_quarter": 20193,
            "year": 2019,
            "quarter": 3,
            "eps": -0.47,
            "eps_growth_year": null,
            "eps_4q": -2.5,
            "eps_4q_growth_year": null,
            "roe": -7.74,
            "roe_4q": -43.08,
            "gross_profit": 10754,
            "gross_margin": 13.4,
            "gross_margin_4q_avg": 10.85,
            "net_income": -54603,
            "revenue": 80278,
            "common_shares": 1088427,
            "book_valuer_per_share": 5.86,
            "book_valuer_per_share_4q_avg": 6.61,
            "equity": 661665,
            "current_ratio": 152.13,
            "debt_ratio": 43.21,
            "inventory_turnover_ratio": 4.09,
            "account_receivable_turnover_ratio": 1.76,
            "reinvestment_rate": null,
            "research_to_sale_ratio": 66.9,
            "price_fair": 0,
            "eps_avg_yearly": 0,
            "eps_latest_yearly": 0,
            "eps_growth_yearly": 0
        },
        "20194": {
            "year_quarter": 20194,
            "year": 2019,
            "quarter": 4,
            "eps": -0.73,
            "eps_growth_year": null,
            "eps_4q": -2.16,
            "eps_4q_growth_year": null,
            "roe": -14.05,
            "roe_4q": -40.44,
            "gross_profit": 4626,
            "gross_margin": 5.23,
            "gross_margin_4q_avg": 10.26,
            "net_income": -95447,
            "revenue": 88421,
            "common_shares": 1258427,
            "book_valuer_per_share": 5.38,
            "book_valuer_per_share_4q_avg": 6.14,
            "equity": 696898,
            "current_ratio": 200.79,
            "debt_ratio": 40.62,
            "inventory_turnover_ratio": 5.1,
            "account_receivable_turnover_ratio": 3.81,
            "reinvestment_rate": null,
            "research_to_sale_ratio": 60.76,
            "price_fair": 0,
            "eps_avg_yearly": 0,
            "eps_latest_yearly": 0,
            "eps_growth_yearly": 0
        },
        "20201": {
            "year_quarter": 20201,
            "year": 2020,
            "quarter": 1,
            "eps": -0.36,
            "eps_growth_year": null,
            "eps_4q": -2.03,
            "eps_4q_growth_year": null,
            "roe": -7.01,
            "roe_4q": -38.53,
            "gross_profit": 18419,
            "gross_margin": 23.66,
            "gross_margin_4q_avg": 11.97,
            "net_income": -47835,
            "revenue": 77836,
            "common_shares": 1258427,
            "book_valuer_per_share": 5.03,
            "book_valuer_per_share_4q_avg": 5.65,
            "equity": 667648,
            "current_ratio": 259.37,
            "debt_ratio": 37.11,
            "inventory_turnover_ratio": 3.74,
            "account_receivable_turnover_ratio": 2.88,
            "reinvestment_rate": null,
            "research_to_sale_ratio": 74.79,
            "price_fair": 0,
            "eps_avg_yearly": 0,
            "eps_latest_yearly": 0,
            "eps_growth_yearly": 0
        },
        "20202": {
            "year_quarter": 20202,
            "year": 2020,
            "quarter": 2,
            "eps": -0.42,
            "eps_growth_year": null,
            "eps_4q": -1.74,
            "eps_4q_growth_year": null,
            "roe": -8.2,
            "roe_4q": -37,
            "gross_profit": 19280,
            "gross_margin": 28.44,
            "gross_margin_4q_avg": 17.68,
            "net_income": -60342,
            "revenue": 67791,
            "common_shares": 1393797,
            "book_valuer_per_share": 5.56,
            "book_valuer_per_share_4q_avg": 5.46,
            "equity": 803424,
            "current_ratio": 551.65,
            "debt_ratio": 32.06,
            "inventory_turnover_ratio": 2.38,
            "account_receivable_turnover_ratio": 3.01,
            "reinvestment_rate": null,
            "research_to_sale_ratio": 98,
            "price_fair": 0,
            "eps_avg_yearly": 0,
            "eps_latest_yearly": 0,
            "eps_growth_yearly": 0
        },
        "20203": {
            "year_quarter": 20203,
            "year": 2020,
            "quarter": 3,
            "eps": -0.38,
            "eps_growth_year": null,
            "eps_4q": -1.75,
            "eps_4q_growth_year": null,
            "roe": -7.14,
            "roe_4q": -36.400000000000006,
            "gross_profit": 10493,
            "gross_margin": 29.88,
            "gross_margin_4q_avg": 21.8,
            "net_income": -55316,
            "revenue": 35120,
            "common_shares": 1393797,
            "book_valuer_per_share": 5.17,
            "book_valuer_per_share_4q_avg": 5.29,
            "equity": 746726,
            "current_ratio": 539.54,
            "debt_ratio": 32.87,
            "inventory_turnover_ratio": 1.29,
            "account_receivable_turnover_ratio": 2.37,
            "reinvestment_rate": null,
            "research_to_sale_ratio": 154.67,
            "price_fair": 0,
            "eps_avg_yearly": 0,
            "eps_latest_yearly": 0,
            "eps_growth_yearly": 0
        },
        "20204": {
            "year_quarter": 20204,
            "year": 2020,
            "quarter": 4,
            "eps": -0.15,
            "eps_growth_year": null,
            "eps_4q": -1.24,
            "eps_4q_growth_year": null,
            "roe": -2.83,
            "roe_4q": -25.18,
            "gross_profit": 35769,
            "gross_margin": 41.16,
            "gross_margin_4q_avg": 30.79,
            "net_income": -21353,
            "revenue": 86907,
            "common_shares": 1393797,
            "book_valuer_per_share": 5.05,
            "book_valuer_per_share_4q_avg": 5.2,
            "equity": 763520,
            "current_ratio": 629.85,
            "debt_ratio": 31.07,
            "inventory_turnover_ratio": 1.95,
            "account_receivable_turnover_ratio": 3.59,
            "reinvestment_rate": null,
            "research_to_sale_ratio": 49.07,
            "price_fair": 0,
            "eps_avg_yearly": 0,
            "eps_latest_yearly": 0,
            "eps_growth_yearly": 0
        },
        "20211": {
            "year_quarter": 20211,
            "year": 2021,
            "quarter": 1,
            "eps": 0.04,
            "eps_growth_year": null,
            "eps_4q": -0.88,
            "eps_4q_growth_year": null,
            "roe": -0.03,
            "roe_4q": -18.2,
            "gross_profit": 12838,
            "gross_margin": 17.92,
            "gross_margin_4q_avg": 29.35,
            "net_income": -254,
            "revenue": 71639,
            "common_shares": 1393797,
            "book_valuer_per_share": 5.09,
            "book_valuer_per_share_4q_avg": 5.22,
            "equity": 762708,
            "current_ratio": 702.21,
            "debt_ratio": 30.37,
            "inventory_turnover_ratio": 2.02,
            "account_receivable_turnover_ratio": 2.16,
            "reinvestment_rate": null,
            "research_to_sale_ratio": 81.74,
            "price_fair": 0,
            "eps_avg_yearly": 0,
            "eps_latest_yearly": 0,
            "eps_growth_yearly": 0
        },
        "20212": {
            "year_quarter": 20212,
            "year": 2021,
            "quarter": 2,
            "eps": -0.43,
            "eps_growth_year": null,
            "eps_4q": -0.79,
            "eps_4q_growth_year": null,
            "roe": -7.61,
            "roe_4q": -17.61,
            "gross_profit": 4056,
            "gross_margin": 8.72,
            "gross_margin_4q_avg": 24.42,
            "net_income": -67699,
            "revenue": 46525,
            "common_shares": 1633797,
            "book_valuer_per_share": 5.93,
            "book_valuer_per_share_4q_avg": 5.31,
            "equity": 1015567,
            "current_ratio": 1361.58,
            "debt_ratio": 26.5,
            "inventory_turnover_ratio": 1.66,
            "account_receivable_turnover_ratio": 1.38,
            "reinvestment_rate": null,
            "research_to_sale_ratio": 128.95,
            "price_fair": 0,
            "eps_avg_yearly": 0,
            "eps_latest_yearly": 0,
            "eps_growth_yearly": 0
        },
        "20213": {
            "year_quarter": 20213,
            "year": 2021,
            "quarter": 3,
            "eps": -0.31,
            "eps_growth_year": null,
            "eps_4q": -0.78,
            "eps_4q_growth_year": null,
            "roe": -5.75,
            "roe_4q": -16.22,
            "gross_profit": 14321,
            "gross_margin": 34.09,
            "gross_margin_4q_avg": 25.47,
            "net_income": -56743,
            "revenue": 42014,
            "common_shares": 1633797,
            "book_valuer_per_share": 5.62,
            "book_valuer_per_share_4q_avg": 5.42,
            "equity": 958796,
            "current_ratio": 1131.75,
            "debt_ratio": 27.8,
            "inventory_turnover_ratio": 1.25,
            "account_receivable_turnover_ratio": 1.14,
            "reinvestment_rate": null,
            "research_to_sale_ratio": 144.81,
            "price_fair": 0,
            "eps_avg_yearly": 0,
            "eps_latest_yearly": 0,
            "eps_growth_yearly": 0
        },
        "20214": {
            "year_quarter": 20214,
            "year": 2021,
            "quarter": 4,
            "eps": -0.27,
            "eps_growth_year": null,
            "eps_4q": -0.92,
            "eps_4q_growth_year": null,
            "roe": -4.9,
            "roe_4q": -18.290000000000003,
            "gross_profit": 19215,
            "gross_margin": 51.79,
            "gross_margin_4q_avg": 28.13,
            "net_income": -45813,
            "revenue": 37099,
            "common_shares": 1633797,
            "book_valuer_per_share": 5.35,
            "book_valuer_per_share_4q_avg": 5.5,
            "equity": 912092,
            "current_ratio": 1409.86,
            "debt_ratio": 27.84,
            "inventory_turnover_ratio": 0.87,
            "account_receivable_turnover_ratio": 1.01,
            "reinvestment_rate": null,
            "research_to_sale_ratio": 151.91,
            "price_fair": 0,
            "eps_avg_yearly": 0,
            "eps_latest_yearly": 0,
            "eps_growth_yearly": 0
        },
        "20221": {
            "year_quarter": 20221,
            "year": 2022,
            "quarter": 1,
            "eps": -0.32,
            "eps_growth_year": -900,
            "eps_4q": -1.27,
            "eps_4q_growth_year": null,
            "roe": -6.24,
            "roe_4q": -24.5,
            "gross_profit": 11455,
            "gross_margin": 32.66,
            "gross_margin_4q_avg": 31.82,
            "net_income": -55497,
            "revenue": 35071,
            "common_shares": 1633797,
            "book_valuer_per_share": 5.09,
            "book_valuer_per_share_4q_avg": 5.5,
            "equity": 867446,
            "current_ratio": 817.44,
            "debt_ratio": 30.66,
            "inventory_turnover_ratio": 1.09,
            "account_receivable_turnover_ratio": 1.76,
            "reinvestment_rate": null,
            "research_to_sale_ratio": 157.47,
            "price_fair": 0,
            "eps_avg_yearly": 0,
            "eps_latest_yearly": 0,
            "eps_growth_yearly": 0
        },
        "20222": {
            "year_quarter": 20222,
            "year": 2022,
            "quarter": 2,
            "eps": -0.23,
            "eps_growth_year": null,
            "eps_4q": -1.12,
            "eps_4q_growth_year": null,
            "roe": -4.54,
            "roe_4q": -21.43,
            "gross_profit": 19046,
            "gross_margin": 54.54,
            "gross_margin_4q_avg": 43.27,
            "net_income": -38703,
            "revenue": 34920,
            "common_shares": 1633797,
            "book_valuer_per_share": 4.91,
            "book_valuer_per_share_4q_avg": 5.24,
            "equity": 836875,
            "current_ratio": 663.63,
            "debt_ratio": 32.46,
            "inventory_turnover_ratio": 0.52,
            "account_receivable_turnover_ratio": 3.6,
            "reinvestment_rate": null,
            "research_to_sale_ratio": 150.43,
            "price_fair": 0,
            "eps_avg_yearly": 0,
            "eps_latest_yearly": 0,
            "eps_growth_yearly": 0
        },
        "20223": {
            "year_quarter": 20223,
            "year": 2022,
            "quarter": 3,
            "eps": -0.23,
            "eps_growth_year": null,
            "eps_4q": -1.39,
            "eps_4q_growth_year": null,
            "roe": -3.25,
            "roe_4q": -18.93,
            "gross_profit": 24806,
            "gross_margin": 58.98,
            "gross_margin_4q_avg": 49.49,
            "net_income": -27008,
            "revenue": 42058,
            "common_shares": 1143658,
            "book_valuer_per_share": 6.91,
            "book_valuer_per_share_4q_avg": 5.57,
            "equity": 824455,
            "current_ratio": 693.4,
            "debt_ratio": 33.59,
            "inventory_turnover_ratio": 0.41,
            "account_receivable_turnover_ratio": 4.96,
            "reinvestment_rate": null,
            "research_to_sale_ratio": 117,
            "price_fair": 0,
            "eps_avg_yearly": 0,
            "eps_latest_yearly": 0,
            "eps_growth_yearly": 0
        },
        "20224": {
            "year_quarter": 20224,
            "year": 2022,
            "quarter": 4,
            "eps": -0.4,
            "eps_growth_year": null,
            "eps_4q": -1.41,
            "eps_4q_growth_year": null,
            "roe": -5.92,
            "roe_4q": -19.950000000000003,
            "gross_profit": 21007,
            "gross_margin": 31.42,
            "gross_margin_4q_avg": 44.4,
            "net_income": -47186,
            "revenue": 66848,
            "common_shares": 1143658,
            "book_valuer_per_share": 6.46,
            "book_valuer_per_share_4q_avg": 5.84,
            "equity": 770559,
            "current_ratio": 643.31,
            "debt_ratio": 34.32,
            "inventory_turnover_ratio": 1.27,
            "account_receivable_turnover_ratio": 4.28,
            "reinvestment_rate": null,
            "research_to_sale_ratio": 78.46,
            "price_fair": 0,
            "eps_avg_yearly": 0,
            "eps_latest_yearly": 0,
            "eps_growth_yearly": 0
        },
        "20231": {
            "year_quarter": 20231,
            "year": 2023,
            "quarter": 1,
            "eps": -0.43,
            "eps_growth_year": null,
            "eps_4q": -1.38,
            "eps_4q_growth_year": null,
            "roe": -7.08,
            "roe_4q": -20.79,
            "gross_profit": 17610,
            "gross_margin": 47.64,
            "gross_margin_4q_avg": 48.15,
            "net_income": -52646,
            "revenue": 36967,
            "common_shares": 1143658,
            "book_valuer_per_share": 6.02,
            "book_valuer_per_share_4q_avg": 6.08,
            "equity": 717200,
            "current_ratio": 519.15,
            "debt_ratio": 36.29,
            "inventory_turnover_ratio": 0.61,
            "account_receivable_turnover_ratio": 2.87,
            "reinvestment_rate": null,
            "research_to_sale_ratio": 163.23,
            "price_fair": 0,
            "eps_avg_yearly": 0,
            "eps_latest_yearly": 0,
            "eps_growth_yearly": 0
        }
    },
    "months": {
        "2007-02": {
            "month": "2007-02",
            "price": "25.75",
            "revenue": 14827
        },
        "2007-03": {
            "month": "2007-03",
            "price": "24.95",
            "revenue": 21366
        },
        "2007-04": {
            "month": "2007-04",
            "price": "25.96",
            "revenue": 19118
        },
        "2007-05": {
            "month": "2007-05",
            "price": "25.06",
            "revenue": 19452
        },
        "2007-06": {
            "month": "2007-06",
            "price": "32.15",
            "revenue": 12948
        },
        "2007-07": {
            "month": "2007-07",
            "price": "32.51",
            "revenue": 17528
        },
        "2007-08": {
            "month": "2007-08",
            "price": "31.58",
            "revenue": 19084
        },
        "2007-09": {
            "month": "2007-09",
            "price": "30.73",
            "revenue": 18297
        },
        "2007-10": {
            "month": "2007-10",
            "price": "30.35",
            "revenue": 18318
        },
        "2007-11": {
            "month": "2007-11",
            "price": "27.83",
            "revenue": 29315
        },
        "2007-12": {
            "month": "2007-12",
            "price": "23.94",
            "revenue": 22296
        },
        "2008-01": {
            "month": "2008-01",
            "price": "20.70",
            "revenue": 20754
        },
        "2008-02": {
            "month": "2008-02",
            "price": "18.08",
            "revenue": 15983
        },
        "2008-03": {
            "month": "2008-03",
            "price": "23.76",
            "revenue": 19580
        },
        "2008-04": {
            "month": "2008-04",
            "price": "25.66",
            "revenue": 17818
        },
        "2008-05": {
            "month": "2008-05",
            "price": "29.07",
            "revenue": 14356
        },
        "2008-06": {
            "month": "2008-06",
            "price": "28.82",
            "revenue": 19398
        },
        "2008-07": {
            "month": "2008-07",
            "price": "24.95",
            "revenue": 20359
        },
        "2008-08": {
            "month": "2008-08",
            "price": "22.95",
            "revenue": 18397
        },
        "2008-09": {
            "month": "2008-09",
            "price": "19.46",
            "revenue": 26515
        },
        "2008-10": {
            "month": "2008-10",
            "price": "15.48",
            "revenue": 15266
        },
        "2008-11": {
            "month": "2008-11",
            "price": "13.56",
            "revenue": 17005
        },
        "2008-12": {
            "month": "2008-12",
            "price": "14.39",
            "revenue": 15925
        },
        "2009-01": {
            "month": "2009-01",
            "price": "13.96",
            "revenue": 11863
        },
        "2009-02": {
            "month": "2009-02",
            "price": "13.51",
            "revenue": 11721
        },
        "2009-03": {
            "month": "2009-03",
            "price": "15.72",
            "revenue": 10749
        },
        "2009-04": {
            "month": "2009-04",
            "price": "29.01",
            "revenue": 11239
        },
        "2009-05": {
            "month": "2009-05",
            "price": "28.05",
            "revenue": 11943
        },
        "2009-06": {
            "month": "2009-06",
            "price": "24.06",
            "revenue": 17825
        },
        "2009-07": {
            "month": "2009-07",
            "price": "26.48",
            "revenue": 17912
        },
        "2009-08": {
            "month": "2009-08",
            "price": "27.33",
            "revenue": 22559
        },
        "2009-09": {
            "month": "2009-09",
            "price": "26.79",
            "revenue": 20907
        },
        "2009-10": {
            "month": "2009-10",
            "price": "25.83",
            "revenue": 20355
        },
        "2009-11": {
            "month": "2009-11",
            "price": "23.97",
            "revenue": 30637
        },
        "2009-12": {
            "month": "2009-12",
            "price": "26.39",
            "revenue": 29494
        },
        "2010-01": {
            "month": "2010-01",
            "price": "25.05",
            "revenue": 28444
        },
        "2010-02": {
            "month": "2010-02",
            "price": "22.30",
            "revenue": 26220
        },
        "2010-03": {
            "month": "2010-03",
            "price": "25.44",
            "revenue": 26048
        },
        "2010-04": {
            "month": "2010-04",
            "price": "28.10",
            "revenue": 25882
        },
        "2010-05": {
            "month": "2010-05",
            "price": "26.89",
            "revenue": 24342
        },
        "2010-06": {
            "month": "2010-06",
            "price": "27.00",
            "revenue": 13785
        },
        "2010-07": {
            "month": "2010-07",
            "price": "27.14",
            "revenue": 9926
        },
        "2010-08": {
            "month": "2010-08",
            "price": "24.56",
            "revenue": 8899
        },
        "2010-09": {
            "month": "2010-09",
            "price": "25.33",
            "revenue": 7511
        },
        "2010-10": {
            "month": "2010-10",
            "price": "25.07",
            "revenue": 6033
        },
        "2010-11": {
            "month": "2010-11",
            "price": "21.91",
            "revenue": 7610
        },
        "2010-12": {
            "month": "2010-12",
            "price": "22.07",
            "revenue": 9777
        },
        "2011-01": {
            "month": "2011-01",
            "price": "21.54",
            "revenue": 9037
        },
        "2011-02": {
            "month": "2011-02",
            "price": "21.59",
            "revenue": 5642
        },
        "2011-03": {
            "month": "2011-03",
            "price": "21.65",
            "revenue": 5953
        },
        "2011-04": {
            "month": "2011-04",
            "price": "22.10",
            "revenue": 7039
        },
        "2011-05": {
            "month": "2011-05",
            "price": "21.39",
            "revenue": 7538
        },
        "2011-06": {
            "month": "2011-06",
            "price": "19.08",
            "revenue": 5444
        },
        "2011-07": {
            "month": "2011-07",
            "price": "17.14",
            "revenue": 9343
        },
        "2011-08": {
            "month": "2011-08",
            "price": "13.68",
            "revenue": 6828
        },
        "2011-09": {
            "month": "2011-09",
            "price": "11.99",
            "revenue": 3932
        },
        "2011-10": {
            "month": "2011-10",
            "price": "12.26",
            "revenue": 3914
        },
        "2011-11": {
            "month": "2011-11",
            "price": "12.38",
            "revenue": 4613
        },
        "2011-12": {
            "month": "2011-12",
            "price": "11.22",
            "revenue": 8129
        },
        "2012-01": {
            "month": "2012-01",
            "price": "10.00",
            "revenue": 6731
        },
        "2012-02": {
            "month": "2012-02",
            "price": "12.56",
            "revenue": 7109
        },
        "2012-03": {
            "month": "2012-03",
            "price": "11.62",
            "revenue": 10177
        },
        "2012-04": {
            "month": "2012-04",
            "price": "9.78",
            "revenue": 8861
        },
        "2012-05": {
            "month": "2012-05",
            "price": "9.32",
            "revenue": 7528
        },
        "2012-06": {
            "month": "2012-06",
            "price": "9.37",
            "revenue": 6172
        },
        "2012-07": {
            "month": "2012-07",
            "price": "9.04",
            "revenue": 7103
        },
        "2012-08": {
            "month": "2012-08",
            "price": "8.96",
            "revenue": 4976
        },
        "2012-09": {
            "month": "2012-09",
            "price": "9.18",
            "revenue": 6963
        },
        "2012-10": {
            "month": "2012-10",
            "price": "11.58",
            "revenue": 6786
        },
        "2012-11": {
            "month": "2012-11",
            "price": "13.04",
            "revenue": 9422
        },
        "2012-12": {
            "month": "2012-12",
            "price": "14.93",
            "revenue": 12778
        },
        "2013-01": {
            "month": "2013-01",
            "price": "14.77",
            "revenue": 9002
        },
        "2013-02": {
            "month": "2013-02",
            "price": "16.37",
            "revenue": 5759
        },
        "2013-03": {
            "month": "2013-03",
            "price": "17.65",
            "revenue": 6800
        },
        "2013-04": {
            "month": "2013-04",
            "price": "15.28",
            "revenue": 7787
        },
        "2013-05": {
            "month": "2013-05",
            "price": "14.91",
            "revenue": 12863
        },
        "2013-06": {
            "month": "2013-06",
            "price": "15.41",
            "revenue": 8634
        },
        "2013-07": {
            "month": "2013-07",
            "price": "14.53",
            "revenue": 12942
        },
        "2013-08": {
            "month": "2013-08",
            "price": "13.57",
            "revenue": 7001
        },
        "2013-09": {
            "month": "2013-09",
            "price": "15.62",
            "revenue": 8198
        },
        "2013-10": {
            "month": "2013-10",
            "price": "17.64",
            "revenue": 8282
        },
        "2013-11": {
            "month": "2013-11",
            "price": "23.80",
            "revenue": 8382
        },
        "2013-12": {
            "month": "2013-12",
            "price": "23.34",
            "revenue": 4622
        },
        "2014-01": {
            "month": "2014-01",
            "price": "23.42",
            "revenue": 10283
        },
        "2014-02": {
            "month": "2014-02",
            "price": "30.26",
            "revenue": 3921
        },
        "2014-03": {
            "month": "2014-03",
            "price": "38.28",
            "revenue": 3415
        },
        "2014-04": {
            "month": "2014-04",
            "price": "37.60",
            "revenue": 7194
        },
        "2014-05": {
            "month": "2014-05",
            "price": "36.00",
            "revenue": 4955
        },
        "2014-06": {
            "month": "2014-06",
            "price": "48.06",
            "revenue": 5942
        },
        "2014-07": {
            "month": "2014-07",
            "price": "43.63",
            "revenue": 8014
        },
        "2014-08": {
            "month": "2014-08",
            "price": "37.03",
            "revenue": 2232
        },
        "2014-09": {
            "month": "2014-09",
            "price": "38.33",
            "revenue": 26985
        },
        "2014-10": {
            "month": "2014-10",
            "price": "38.90",
            "revenue": 24665
        },
        "2014-11": {
            "month": "2014-11",
            "price": "35.62",
            "revenue": 60020
        },
        "2014-12": {
            "month": "2014-12",
            "price": "40.18",
            "revenue": 67317
        },
        "2015-01": {
            "month": "2015-01",
            "price": "40.30",
            "revenue": 55470
        },
        "2015-02": {
            "month": "2015-02",
            "price": "38.03",
            "revenue": 21300
        },
        "2015-03": {
            "month": "2015-03",
            "price": "35.89",
            "revenue": 51264
        },
        "2015-04": {
            "month": "2015-04",
            "price": "37.17",
            "revenue": 61250
        },
        "2015-05": {
            "month": "2015-05",
            "price": "33.63",
            "revenue": 28282
        },
        "2015-06": {
            "month": "2015-06",
            "price": "28.48",
            "revenue": 78653
        },
        "2015-07": {
            "month": "2015-07",
            "price": "32.46",
            "revenue": 30898
        },
        "2015-08": {
            "month": "2015-08",
            "price": "27.27",
            "revenue": 27899
        },
        "2015-09": {
            "month": "2015-09",
            "price": "27.70",
            "revenue": 20355
        },
        "2015-10": {
            "month": "2015-10",
            "price": "29.61",
            "revenue": 22300
        },
        "2015-11": {
            "month": "2015-11",
            "price": "35.44",
            "revenue": 37502
        },
        "2015-12": {
            "month": "2015-12",
            "price": "34.96",
            "revenue": 26503
        },
        "2016-01": {
            "month": "2016-01",
            "price": "32.58",
            "revenue": 16286
        },
        "2016-02": {
            "month": "2016-02",
            "price": "33.79",
            "revenue": 3818
        },
        "2016-03": {
            "month": "2016-03",
            "price": "33.64",
            "revenue": 2855
        },
        "2016-04": {
            "month": "2016-04",
            "price": "32.22",
            "revenue": 14157
        },
        "2016-05": {
            "month": "2016-05",
            "price": "30.56",
            "revenue": 31605
        },
        "2016-06": {
            "month": "2016-06",
            "price": "29.78",
            "revenue": 23907
        },
        "2016-07": {
            "month": "2016-07",
            "price": "29.62",
            "revenue": 33306
        },
        "2016-08": {
            "month": "2016-08",
            "price": "28.02",
            "revenue": 29155
        },
        "2016-09": {
            "month": "2016-09",
            "price": "26.07",
            "revenue": 67425
        },
        "2016-10": {
            "month": "2016-10",
            "price": "25.27",
            "revenue": 26888
        },
        "2016-11": {
            "month": "2016-11",
            "price": "22.36",
            "revenue": 52882
        },
        "2016-12": {
            "month": "2016-12",
            "price": "21.62",
            "revenue": 25617
        },
        "2017-01": {
            "month": "2017-01",
            "price": "20.78",
            "revenue": 59399
        },
        "2017-02": {
            "month": "2017-02",
            "price": "21.88",
            "revenue": 26605
        },
        "2017-03": {
            "month": "2017-03",
            "price": "24.39",
            "revenue": 10411
        },
        "2017-04": {
            "month": "2017-04",
            "price": "22.85",
            "revenue": 28974
        },
        "2017-05": {
            "month": "2017-05",
            "price": "22.88",
            "revenue": 34656
        },
        "2017-06": {
            "month": "2017-06",
            "price": "23.83",
            "revenue": 43964
        },
        "2017-07": {
            "month": "2017-07",
            "price": "24.56",
            "revenue": 6246
        },
        "2017-08": {
            "month": "2017-08",
            "price": "23.21",
            "revenue": 32749
        },
        "2017-09": {
            "month": "2017-09",
            "price": "23.21",
            "revenue": 58656
        },
        "2017-10": {
            "month": "2017-10",
            "price": "22.43",
            "revenue": 24939
        },
        "2017-11": {
            "month": "2017-11",
            "price": "21.33",
            "revenue": 26162
        },
        "2017-12": {
            "month": "2017-12",
            "price": "18.19",
            "revenue": 21715
        },
        "2018-01": {
            "month": "2018-01",
            "price": "18.75",
            "revenue": 45500
        },
        "2018-02": {
            "month": "2018-02",
            "price": "18.10",
            "revenue": 25431
        },
        "2018-03": {
            "month": "2018-03",
            "price": "19.00",
            "revenue": 21265
        },
        "2018-04": {
            "month": "2018-04",
            "price": "20.68",
            "revenue": 18918
        },
        "2018-05": {
            "month": "2018-05",
            "price": "18.41",
            "revenue": 15632
        },
        "2018-06": {
            "month": "2018-06",
            "price": "17.85",
            "revenue": 49207
        },
        "2018-07": {
            "month": "2018-07",
            "price": "17.85",
            "revenue": 41150
        },
        "2018-08": {
            "month": "2018-08",
            "price": "17.54",
            "revenue": 23080
        },
        "2018-09": {
            "month": "2018-09",
            "price": "16.91",
            "revenue": 30390
        },
        "2018-10": {
            "month": "2018-10",
            "price": "14.18",
            "revenue": 59146
        },
        "2018-11": {
            "month": "2018-11",
            "price": "12.44",
            "revenue": 17620
        },
        "2018-12": {
            "month": "2018-12",
            "price": "11.40",
            "revenue": 71837
        },
        "2019-01": {
            "month": "2019-01",
            "price": "12.56",
            "revenue": 27480
        },
        "2019-02": {
            "month": "2019-02",
            "price": "12.36",
            "revenue": 28860
        },
        "2019-03": {
            "month": "2019-03",
            "price": "12.48",
            "revenue": 27384
        },
        "2019-04": {
            "month": "2019-04",
            "price": "12.28",
            "revenue": 23568
        },
        "2019-05": {
            "month": "2019-05",
            "price": "10.66",
            "revenue": 24147
        },
        "2019-06": {
            "month": "2019-06",
            "price": "9.77",
            "revenue": 59822
        },
        "2019-07": {
            "month": "2019-07",
            "price": "11.11",
            "revenue": 11464
        },
        "2019-08": {
            "month": "2019-08",
            "price": "10.18",
            "revenue": 38009
        },
        "2019-09": {
            "month": "2019-09",
            "price": "10.70",
            "revenue": 30805
        },
        "2019-10": {
            "month": "2019-10",
            "price": "10.32",
            "revenue": 18755
        },
        "2019-11": {
            "month": "2019-11",
            "price": "9.92",
            "revenue": 34251
        },
        "2019-12": {
            "month": "2019-12",
            "price": "9.84",
            "revenue": 35415
        },
        "2020-01": {
            "month": "2020-01",
            "price": "10.66",
            "revenue": 36991
        },
        "2020-02": {
            "month": "2020-02",
            "price": "10.91",
            "revenue": 20325
        },
        "2020-03": {
            "month": "2020-03",
            "price": "10.65",
            "revenue": 20519
        },
        "2020-04": {
            "month": "2020-04",
            "price": "9.84",
            "revenue": 25190
        },
        "2020-05": {
            "month": "2020-05",
            "price": "14.64",
            "revenue": 37713
        },
        "2020-06": {
            "month": "2020-06",
            "price": "20.83",
            "revenue": 4889
        },
        "2020-07": {
            "month": "2020-07",
            "price": "26.32",
            "revenue": 11635
        },
        "2020-08": {
            "month": "2020-08",
            "price": "22.53",
            "revenue": 21459
        },
        "2020-09": {
            "month": "2020-09",
            "price": "18.54",
            "revenue": 2026
        },
        "2020-10": {
            "month": "2020-10",
            "price": "18.11",
            "revenue": 31034
        },
        "2020-11": {
            "month": "2020-11",
            "price": "19.01",
            "revenue": 21320
        },
        "2020-12": {
            "month": "2020-12",
            "price": "17.68",
            "revenue": 34553
        },
        "2021-01": {
            "month": "2021-01",
            "price": "16.00",
            "revenue": 14852
        },
        "2021-02": {
            "month": "2021-02",
            "price": "16.09",
            "revenue": 13748
        },
        "2021-03": {
            "month": "2021-03",
            "price": "16.75",
            "revenue": 43040
        },
        "2021-04": {
            "month": "2021-04",
            "price": "17.50",
            "revenue": 12589
        },
        "2021-05": {
            "month": "2021-05",
            "price": "17.20",
            "revenue": 26326
        },
        "2021-06": {
            "month": "2021-06",
            "price": "16.26",
            "revenue": 7609
        },
        "2021-07": {
            "month": "2021-07",
            "price": "15.74",
            "revenue": 16399
        },
        "2021-08": {
            "month": "2021-08",
            "price": "15.72",
            "revenue": 17148
        },
        "2021-09": {
            "month": "2021-09",
            "price": "15.67",
            "revenue": 8467
        },
        "2021-10": {
            "month": "2021-10",
            "price": "15.40",
            "revenue": 9312
        },
        "2021-11": {
            "month": "2021-11",
            "price": "15.52",
            "revenue": 20479
        },
        "2021-12": {
            "month": "2021-12",
            "price": "16.18",
            "revenue": 7308
        },
        "2022-01": {
            "month": "2022-01",
            "price": "15.82",
            "revenue": 10719
        },
        "2022-02": {
            "month": "2022-02",
            "price": "15.45",
            "revenue": 7647
        },
        "2022-03": {
            "month": "2022-03",
            "price": "14.24",
            "revenue": 16704
        },
        "2022-04": {
            "month": "2022-04",
            "price": "14.81",
            "revenue": 5222
        },
        "2022-05": {
            "month": "2022-05",
            "price": "14.13",
            "revenue": 9336
        },
        "2022-06": {
            "month": "2022-06",
            "price": "12.86",
            "revenue": 20362
        },
        "2022-07": {
            "month": "2022-07",
            "price": "12.78",
            "revenue": 18627
        },
        "2022-08": {
            "month": "2022-08",
            "price": "11.50",
            "revenue": 5419
        },
        "2022-09": {
            "month": "2022-09",
            "price": "10.47",
            "revenue": 18013
        },
        "2022-10": {
            "month": "2022-10",
            "price": "14.31",
            "revenue": 20301
        },
        "2022-11": {
            "month": "2022-11",
            "price": "14.63",
            "revenue": 29039
        },
        "2022-12": {
            "month": "2022-12",
            "price": "15.86",
            "revenue": 17509
        },
        "2023-01": {
            "month": "2023-01",
            "price": "15.99",
            "revenue": 12855
        },
        "2023-02": {
            "month": "2023-02",
            "price": "15.66",
            "revenue": 10481
        },
        "2023-03": {
            "month": "2023-03",
            "price": "18.77",
            "revenue": 13631
        },
        "2023-04": {
            "month": "2023-04",
            "price": "19.79",
            "revenue": 20178
        },
        "2023-05": {
            "month": "2023-05",
            "price": "20.51",
            "revenue": 13530
        }
    }
}
