{
    "summary": {
        "stock_name": "台玻",
        "stock_id": "1802",
        "category": "玻璃陶瓷",
        "main_business": "平板玻璃之製造與銷售<br>玻璃纖維布及玻璃纖維束之製造與銷售<br>玻璃器皿之製造與銷售",
        "website_url": "http://www.taiwanglass.com",
        "ceo": "林伯實",
        "pe_ratio": -34,
        "report_year_from": 2001,
        "report_year_to": 2023,
        "age": 23,
        "eps_negative_percentage": 30,
        "eps_growth_avg": {
            "last_all": -20.51,
            "last_2y": 0,
            "last_4y": -33.33,
            "last_8y": -49.86,
            "last_12y": -57.6,
            "last_16y": -31.96,
            "last_20y": -20.63,
            "at_2006_last_3y": 10.53,
            "at_2007_last_3y": 15.24,
            "at_2008_last_3y": -23.78,
            "at_2009_last_3y": -17.76,
            "at_2010_last_3y": 12.91,
            "at_2011_last_3y": -4.93,
            "at_2012_last_3y": -13.84,
            "at_2013_last_3y": -17.96,
            "at_2014_last_3y": -76.94,
            "at_2015_last_3y": -100,
            "at_2016_last_3y": -100,
            "at_2017_last_3y": -100,
            "at_2018_last_3y": -74.66,
            "at_2019_last_3y": -74.66,
            "at_2020_last_3y": -74.66,
            "at_2021_last_3y": -16.44,
            "at_2022_last_3y": -33.33,
            "at_2023_last_3y": 0,
            "at_2024_last_3y": 0,
            "at_2006_last_all": 4.67,
            "at_2007_last_all": 6.81,
            "at_2008_last_all": -3.36,
            "at_2009_last_all": -3.13,
            "at_2010_last_all": 8.33,
            "at_2011_last_all": 2.11,
            "at_2012_last_all": -7.17,
            "at_2013_last_all": -7.17,
            "at_2014_last_all": -7.17,
            "at_2015_last_all": -14.91,
            "at_2016_last_all": -14.91,
            "at_2017_last_all": -14.91,
            "at_2018_last_all": -17.55,
            "at_2019_last_all": -23.44,
            "at_2020_last_all": -23.44,
            "at_2021_last_all": -15.21,
            "at_2022_last_all": -20.51,
            "at_2023_last_all": -20.51,
            "at_2024_last_all": -20.51
        },
        "latest_eps": -0.53,
        "latest_price": 18,
        "latest_roe": -3.07,
        "latest_gross_margin": 12.93,
        "latest_equity": 51908707,
        "latest_revenue": 12419347,
        "latest_gross_profit": 1606220,
        "latest_net_income": 326809,
        "latest_debt_ratio": 44.24,
        "latest_current_ratio": 115.28,
        "latest_account_receivable_turnover_ratio": 0.96,
        "latest_inventory_turnover_ratio": 0.87,
        "latest_reinvestment_rate": -24.22,
        "latest_research_to_sale_ratio": 2.32
    },
    "eps_dividends": {
        "1991": {
            "cash": 0,
            "stock": 1.8,
            "eps": 0
        },
        "1992": {
            "cash": 0.46,
            "stock": 1.04,
            "eps": 0
        },
        "1993": {
            "cash": 0.35,
            "stock": 1,
            "eps": 0
        },
        "1994": {
            "cash": 0.35,
            "stock": 1,
            "eps": 0
        },
        "1995": {
            "cash": 0.35,
            "stock": 1.5,
            "eps": 0
        },
        "1996": {
            "cash": 0.35,
            "stock": 1.5,
            "eps": 0
        },
        "1997": {
            "cash": 0,
            "stock": 1.9,
            "eps": 0
        },
        "2000": {
            "cash": 1.25,
            "stock": 0,
            "eps": 0
        },
        "2001": {
            "cash": 0.8,
            "stock": 0.81,
            "eps": 1.81
        },
        "2002": {
            "cash": 1,
            "stock": 0,
            "eps": 1.47
        },
        "2003": {
            "cash": 0.3,
            "stock": 0.7,
            "eps": 1.45
        },
        "2004": {
            "cash": 0.4,
            "stock": 0.8,
            "eps": 2.78
        },
        "2005": {
            "cash": 0.5,
            "stock": 1,
            "eps": 2.07
        },
        "2006": {
            "cash": 0.4,
            "stock": 0.8,
            "eps": 1.6
        },
        "2007": {
            "cash": 0.24,
            "stock": 0.96,
            "eps": 1.88
        },
        "2008": {
            "cash": 0.4,
            "stock": 0.8,
            "eps": 0.67
        },
        "2009": {
            "cash": 0.2,
            "stock": 0.3,
            "eps": 0.66
        },
        "2010": {
            "cash": 0.2,
            "stock": 0.3,
            "eps": 2.58
        },
        "2011": {
            "cash": 1.05,
            "stock": 1.45,
            "eps": 1.19
        },
        "2012": {
            "cash": 0,
            "stock": 0,
            "eps": -0.8
        },
        "2013": {
            "cash": 0.1,
            "stock": 0,
            "eps": -0.38
        },
        "2014": {
            "cash": 0.1,
            "stock": 0,
            "eps": 0.06
        },
        "2015": {
            "cash": 0,
            "stock": 0,
            "eps": -1.95
        },
        "2016": {
            "cash": 0,
            "stock": 0,
            "eps": -0.63
        },
        "2017": {
            "cash": 0,
            "stock": 0,
            "eps": 0.73
        },
        "2018": {
            "cash": 0.5,
            "stock": 0,
            "eps": 0.37
        },
        "2019": {
            "cash": 0.3,
            "stock": 0,
            "eps": -0.5
        },
        "2020": {
            "cash": 0,
            "stock": 0,
            "eps": 0.85
        },
        "2021": {
            "cash": 0.5,
            "stock": 0,
            "eps": 3.94
        },
        "2022": {
            "cash": 1.82,
            "stock": 0,
            "eps": -0.25
        },
        "2023": {
            "cash": 0,
            "stock": 0,
            "eps": -0.18
        }
    },
    "dividends": {
        "1991-03-12": {
            "cash": 0,
            "stock": 1.8
        },
        "1992-03-25": {
            "cash": 0.46,
            "stock": 1.04
        },
        "1993-03-26": {
            "cash": 0.35,
            "stock": 1
        },
        "1994-04-01": {
            "cash": 0.35,
            "stock": 1
        },
        "1995-03-31": {
            "cash": 0.35,
            "stock": 1.5
        },
        "1996-03-28": {
            "cash": 0.35,
            "stock": 1.5
        },
        "1997-03-28": {
            "cash": 0,
            "stock": 1.9
        },
        "2000-04-28": {
            "cash": 1.25,
            "stock": 0
        },
        "2001-03-30": {
            "cash": 0.8,
            "stock": 0.81
        },
        "2002-05-31": {
            "cash": 1,
            "stock": 0
        },
        "2003-04-25": {
            "cash": 0.3,
            "stock": 0.7
        },
        "2004-01-19": {
            "cash": 0.4,
            "stock": 0.8
        },
        "2005-01-26": {
            "cash": 0.5,
            "stock": 1
        },
        "2006-04-12": {
            "cash": 0.4,
            "stock": 0.8
        },
        "2007-02-02": {
            "cash": 0.24,
            "stock": 0.96
        },
        "2008-01-31": {
            "cash": 0.4,
            "stock": 0.8
        },
        "2009-01-22": {
            "cash": 0.2,
            "stock": 0.3
        },
        "2010-01-29": {
            "cash": 0.2,
            "stock": 0.3
        },
        "2011-01-01": {
            "cash": 0.45,
            "stock": 0.45
        },
        "2011-01-28": {
            "cash": 0.6,
            "stock": 1
        },
        "2013-03-18": {
            "cash": 0.1,
            "stock": 0
        },
        "2014-06-09": {
            "cash": 0.1,
            "stock": 0
        },
        "2018-08-02": {
            "cash": 0.5,
            "stock": 0
        },
        "2019-08-08": {
            "cash": 0.3,
            "stock": 0
        },
        "2021-08-19": {
            "cash": 0.5,
            "stock": 0
        },
        "2022-07-28": {
            "cash": 1.82,
            "stock": 0
        }
    },
    "prices": {
        "200101": "30.24",
        "200102": "30.95",
        "200103": "30.34",
        "200104": "27.22",
        "200105": "24.36",
        "200106": "22.90",
        "200107": "20.67",
        "200108": "20.00",
        "200109": "19.39",
        "200110": "19.49",
        "200111": "20.38",
        "200112": "22.03",
        "200201": "21.53",
        "200202": "20.68",
        "200203": "22.58",
        "200204": "26.44",
        "200205": "26.18",
        "200206": "26.18",
        "200207": "23.63",
        "200208": "23.00",
        "200209": "20.65",
        "200210": "19.19",
        "200211": "21.11",
        "200212": "24.24",
        "200301": "26.70",
        "200302": "23.97",
        "200303": "22.96",
        "200304": "23.04",
        "200305": "21.36",
        "200306": "23.06",
        "200307": "22.95",
        "200308": "22.70",
        "200309": "23.00",
        "200310": "24.38",
        "200311": "26.05",
        "200312": "25.03",
        "200401": "27.53",
        "200402": "29.14",
        "200403": "29.91",
        "200404": "29.58",
        "200405": "26.37",
        "200406": "26.52",
        "200407": "26.56",
        "200408": "27.30",
        "200409": "29.60",
        "200410": "30.58",
        "200411": "29.50",
        "200412": "29.46",
        "200501": "29.30",
        "200502": "29.09",
        "200503": "30.04",
        "200504": "28.77",
        "200505": "29.51",
        "200506": "29.08",
        "200507": "27.98",
        "200508": "27.12",
        "200509": "25.45",
        "200510": "24.68",
        "200511": "25.31",
        "200512": "25.66",
        "200601": "27.20",
        "200602": "26.27",
        "200603": "25.08",
        "200604": "26.24",
        "200605": "26.79",
        "200606": "24.84",
        "200607": "23.22",
        "200608": "22.51",
        "200609": "23.05",
        "200610": "24.64",
        "200611": "24.98",
        "200612": "27.30",
        "200701": "27.78",
        "200702": "27.44",
        "200703": "26.48",
        "200704": "28.28",
        "200705": "29.72",
        "200706": "29.73",
        "200707": "31.38",
        "200708": "28.53",
        "200709": "31.56",
        "200710": "40.53",
        "200711": "38.12",
        "200712": "33.10",
        "200801": "35.24",
        "200802": "35.48",
        "200803": "37.21",
        "200804": "37.60",
        "200805": "36.65",
        "200806": "33.68",
        "200807": "27.93",
        "200808": "24.50",
        "200809": "20.15",
        "200810": "15.63",
        "200811": "17.66",
        "200812": "19.09",
        "200901": "17.47",
        "200902": "16.36",
        "200903": "17.80",
        "200904": "21.06",
        "200905": "22.84",
        "200906": "21.26",
        "200907": "22.08",
        "200908": "21.46",
        "200909": "23.78",
        "200910": "26.40",
        "200911": "26.01",
        "200912": "25.66",
        "201001": "28.00",
        "201002": "27.19",
        "201003": "30.81",
        "201004": "32.15",
        "201005": "28.94",
        "201006": "29.53",
        "201007": "30.20",
        "201008": "32.38",
        "201009": "31.74",
        "201010": "36.05",
        "201011": "36.77",
        "201012": "36.62",
        "201101": "38.85",
        "201102": "36.61",
        "201103": "36.86",
        "201104": "42.48",
        "201105": "48.79",
        "201106": "46.88",
        "201107": "46.86",
        "201108": "37.91",
        "201109": "36.63",
        "201110": "36.87",
        "201111": "33.08",
        "201112": "29.92",
        "201201": "31.58",
        "201202": "34.87",
        "201203": "35.51",
        "201204": "30.98",
        "201205": "28.61",
        "201206": "25.50",
        "201207": "27.62",
        "201208": "28.64",
        "201209": "29.32",
        "201210": "28.20",
        "201211": "26.10",
        "201212": "28.77",
        "201301": "29.73",
        "201302": "29.02",
        "201303": "27.95",
        "201304": "27.84",
        "201305": "29.62",
        "201306": "27.84",
        "201307": "27.77",
        "201308": "27.04",
        "201309": "29.76",
        "201310": "30.17",
        "201311": "29.60",
        "201312": "31.52",
        "201401": "32.14",
        "201402": "29.23",
        "201403": "28.51",
        "201404": "28.65",
        "201405": "26.96",
        "201406": "25.82",
        "201407": "25.62",
        "201408": "25.42",
        "201409": "25.53",
        "201410": "22.94",
        "201411": "23.41",
        "201412": "23.10",
        "201501": "23.37",
        "201502": "23.32",
        "201503": "22.63",
        "201504": "22.16",
        "201505": "20.10",
        "201506": "15.85",
        "201507": "14.31",
        "201508": "13.36",
        "201509": "12.60",
        "201510": "12.83",
        "201511": "12.78",
        "201512": "12.11",
        "201601": "11.76",
        "201602": "12.36",
        "201603": "14.25",
        "201604": "13.78",
        "201605": "13.36",
        "201606": "13.62",
        "201607": "13.89",
        "201608": "13.27",
        "201609": "14.63",
        "201610": "13.97",
        "201611": "13.39",
        "201612": "13.35",
        "201701": "13.07",
        "201702": "14.75",
        "201703": "17.20",
        "201704": "15.84",
        "201705": "14.56",
        "201706": "14.26",
        "201707": "15.23",
        "201708": "16.09",
        "201709": "15.88",
        "201710": "15.53",
        "201711": "16.29",
        "201712": "19.45",
        "201801": "21.26",
        "201802": "17.87",
        "201803": "17.48",
        "201804": "19.29",
        "201805": "18.77",
        "201806": "17.52",
        "201807": "16.30",
        "201808": "16.43",
        "201809": "16.03",
        "201810": "14.29",
        "201811": "13.59",
        "201812": "13.41",
        "201901": "13.05",
        "201902": "13.34",
        "201903": "13.63",
        "201904": "12.72",
        "201905": "12.08",
        "201906": "12.06",
        "201907": "12.32",
        "201908": "11.77",
        "201909": "11.92",
        "201910": "11.66",
        "201911": "11.54",
        "201912": "11.50",
        "202001": "11.20",
        "202002": "10.22",
        "202003": "8.33",
        "202004": "8.35",
        "202005": "8.78",
        "202006": "9.96",
        "202007": "10.05",
        "202008": "10.74",
        "202009": "12.59",
        "202010": "12.74",
        "202011": "14.78",
        "202012": "18.17",
        "202101": "17.90",
        "202102": "18.12",
        "202103": "19.63",
        "202104": "25.57",
        "202105": "31.62",
        "202106": "34.22",
        "202107": "40.84",
        "202108": "36.12",
        "202109": "32.55",
        "202110": "27.62",
        "202111": "27.33",
        "202112": "26.40",
        "202201": "25.09",
        "202202": "23.29",
        "202203": "24.54",
        "202204": "23.67",
        "202205": "21.44",
        "202206": "20.80",
        "202207": "17.48",
        "202208": "17.65",
        "202209": "16.91",
        "202210": "19.02",
        "202211": "22.87",
        "202212": "23.07",
        "202301": "22.27",
        "202302": "23.20",
        "202303": "21.19",
        "202304": "20.44",
        "202305": "18.86",
        "202306": "18.97",
        "202307": "18.42",
        "202308": "20.04",
        "202309": "19.78",
        "202310": "18.65",
        "202311": "18.98",
        "202312": "18.86"
    },
    "quarters": {
        "20011": {
            "year_quarter": 20011,
            "year": 2001,
            "quarter": 1,
            "eps": 0.81,
            "eps_growth_year": 237.5,
            "eps_4q": 2.45,
            "eps_4q_growth_year": 96.53,
            "roe": 4.16,
            "roe_4q": 4.16,
            "gross_profit": 1116586,
            "gross_margin": 37.59,
            "gross_margin_4q_avg": 37.59,
            "net_income": 973596,
            "net_income_4q": null,
            "revenue": 2970436,
            "revenue_4q": null,
            "common_shares": 11100000,
            "book_valuer_per_share": 21,
            "book_valuer_per_share_4q_avg": 21,
            "equity": 23311944,
            "current_ratio": 371.61,
            "debt_ratio": 17.87,
            "inventory_turnover_ratio": 0.73,
            "account_receivable_turnover_ratio": null,
            "reinvestment_rate": null,
            "research_to_sale_ratio": null,
            "price_fair": 0,
            "eps_avg_yearly": 0,
            "eps_latest_yearly": 0,
            "eps_growth_yearly": 0
        },
        "20012": {
            "year_quarter": 20012,
            "year": 2001,
            "quarter": 2,
            "eps": 0.31,
            "eps_growth_year": -35.42,
            "eps_4q": 2.32,
            "eps_4q_growth_year": 78.65,
            "roe": 1.58,
            "roe_4q": 5.74,
            "gross_profit": 749899,
            "gross_margin": 31.15,
            "gross_margin_4q_avg": 34.37,
            "net_income": 373609,
            "net_income_4q": null,
            "revenue": 2407579,
            "revenue_4q": null,
            "common_shares": 12000000,
            "book_valuer_per_share": 19.87,
            "book_valuer_per_share_4q_avg": 20.44,
            "equity": 23840288,
            "current_ratio": 331.62,
            "debt_ratio": 16.78,
            "inventory_turnover_ratio": 0.66,
            "account_receivable_turnover_ratio": null,
            "reinvestment_rate": null,
            "research_to_sale_ratio": null,
            "price_fair": 0,
            "eps_avg_yearly": 0,
            "eps_latest_yearly": 0,
            "eps_growth_yearly": 0
        },
        "20013": {
            "year_quarter": 20013,
            "year": 2001,
            "quarter": 3,
            "eps": 0.3,
            "eps_growth_year": -40,
            "eps_4q": 2.15,
            "eps_4q_growth_year": 30.14,
            "roe": 1.52,
            "roe_4q": 7.26,
            "gross_profit": 675630,
            "gross_margin": 27.2,
            "gross_margin_4q_avg": 31.98,
            "net_income": 361446,
            "net_income_4q": null,
            "revenue": 2484386,
            "revenue_4q": null,
            "common_shares": 12000000,
            "book_valuer_per_share": 19.84,
            "book_valuer_per_share_4q_avg": 20.24,
            "equity": 23804275,
            "current_ratio": 237.65,
            "debt_ratio": 20.27,
            "inventory_turnover_ratio": 0.65,
            "account_receivable_turnover_ratio": null,
            "reinvestment_rate": null,
            "research_to_sale_ratio": null,
            "price_fair": 0,
            "eps_avg_yearly": 0,
            "eps_latest_yearly": 0,
            "eps_growth_yearly": 0
        },
        "20014": {
            "year_quarter": 20014,
            "year": 2001,
            "quarter": 4,
            "eps": 0.39,
            "eps_growth_year": -51.25,
            "eps_4q": 1.81,
            "eps_4q_growth_year": -10.38,
            "roe": 1.93,
            "roe_4q": 9.190000000000001,
            "gross_profit": 725169,
            "gross_margin": 26.89,
            "gross_margin_4q_avg": 30.71,
            "net_income": 468762,
            "net_income_4q": null,
            "revenue": 2697114,
            "revenue_4q": null,
            "common_shares": 12000000,
            "book_valuer_per_share": 20.41,
            "book_valuer_per_share_4q_avg": 20.28,
            "equity": 24774040,
            "current_ratio": 282.27,
            "debt_ratio": 15.06,
            "inventory_turnover_ratio": 0.63,
            "account_receivable_turnover_ratio": null,
            "reinvestment_rate": null,
            "research_to_sale_ratio": null,
            "price_fair": 0,
            "eps_avg_yearly": 0,
            "eps_latest_yearly": 0,
            "eps_growth_yearly": 0
        },
        "20021": {
            "year_quarter": 20021,
            "year": 2002,
            "quarter": 1,
            "eps": 0.32,
            "eps_growth_year": -60.49,
            "eps_4q": 1.31,
            "eps_4q_growth_year": -46.64,
            "roe": 1.56,
            "roe_4q": 6.59,
            "gross_profit": 695680,
            "gross_margin": 23.16,
            "gross_margin_4q_avg": 27.1,
            "net_income": 389121,
            "net_income_4q": null,
            "revenue": 3004247,
            "revenue_4q": null,
            "common_shares": 12000000,
            "book_valuer_per_share": 20.94,
            "book_valuer_per_share_4q_avg": 20.27,
            "equity": 25132379,
            "current_ratio": 415.82,
            "debt_ratio": 11.78,
            "inventory_turnover_ratio": 0.75,
            "account_receivable_turnover_ratio": null,
            "reinvestment_rate": null,
            "research_to_sale_ratio": null,
            "price_fair": 3.84,
            "eps_avg_yearly": 1.28,
            "eps_latest_yearly": 1.28,
            "eps_growth_yearly": -71.79
        },
        "20022": {
            "year_quarter": 20022,
            "year": 2002,
            "quarter": 2,
            "eps": 0.33,
            "eps_growth_year": 6.45,
            "eps_4q": 1.33,
            "eps_4q_growth_year": -42.43,
            "roe": 1.63,
            "roe_4q": 6.640000000000001,
            "gross_profit": 862466,
            "gross_margin": 25.85,
            "gross_margin_4q_avg": 25.78,
            "net_income": 401000,
            "net_income_4q": null,
            "revenue": 3336882,
            "revenue_4q": null,
            "common_shares": 12000000,
            "book_valuer_per_share": 20.07,
            "book_valuer_per_share_4q_avg": 20.32,
            "equity": 24085547,
            "current_ratio": 237.16,
            "debt_ratio": 16.96,
            "inventory_turnover_ratio": 0.97,
            "account_receivable_turnover_ratio": null,
            "reinvestment_rate": null,
            "research_to_sale_ratio": null,
            "price_fair": 3.9,
            "eps_avg_yearly": 1.3,
            "eps_latest_yearly": 1.32,
            "eps_growth_yearly": -29.65
        },
        "20023": {
            "year_quarter": 20023,
            "year": 2002,
            "quarter": 3,
            "eps": 0.45,
            "eps_growth_year": 50,
            "eps_4q": 1.5,
            "eps_4q_growth_year": -30.2,
            "roe": 2.2,
            "roe_4q": 7.32,
            "gross_profit": 786775,
            "gross_margin": 28.12,
            "gross_margin_4q_avg": 26.01,
            "net_income": 537719,
            "net_income_4q": null,
            "revenue": 2797499,
            "revenue_4q": null,
            "common_shares": 12000000,
            "book_valuer_per_share": 20.69,
            "book_valuer_per_share_4q_avg": 20.53,
            "equity": 24824794,
            "current_ratio": 355.29,
            "debt_ratio": 13.17,
            "inventory_turnover_ratio": 0.82,
            "account_receivable_turnover_ratio": null,
            "reinvestment_rate": null,
            "research_to_sale_ratio": null,
            "price_fair": 51.33,
            "eps_avg_yearly": 1.47,
            "eps_latest_yearly": 1.8,
            "eps_growth_yearly": 28.72
        },
        "20024": {
            "year_quarter": 20024,
            "year": 2002,
            "quarter": 4,
            "eps": 0.37,
            "eps_growth_year": -5.13,
            "eps_4q": 1.49,
            "eps_4q_growth_year": -18,
            "roe": 1.75,
            "roe_4q": 7.140000000000001,
            "gross_profit": 844593,
            "gross_margin": 28.74,
            "gross_margin_4q_avg": 26.47,
            "net_income": 440451,
            "net_income_4q": null,
            "revenue": 2938977,
            "revenue_4q": null,
            "common_shares": 12000000,
            "book_valuer_per_share": 21.04,
            "book_valuer_per_share_4q_avg": 20.69,
            "equity": 25538309,
            "current_ratio": 295.73,
            "debt_ratio": 17.52,
            "inventory_turnover_ratio": 0.71,
            "account_receivable_turnover_ratio": null,
            "reinvestment_rate": 8.29,
            "research_to_sale_ratio": null,
            "price_fair": 20.23,
            "eps_avg_yearly": 1.47,
            "eps_latest_yearly": 1.48,
            "eps_growth_yearly": 3.76
        },
        "20031": {
            "year_quarter": 20031,
            "year": 2003,
            "quarter": 1,
            "eps": 0.43,
            "eps_growth_year": 34.38,
            "eps_4q": 1.58,
            "eps_4q_growth_year": 20.66,
            "roe": 2.01,
            "roe_4q": 7.59,
            "gross_profit": 826104,
            "gross_margin": 27.06,
            "gross_margin_4q_avg": 27.44,
            "net_income": 515421,
            "net_income_4q": null,
            "revenue": 3052702,
            "revenue_4q": null,
            "common_shares": 12000000,
            "book_valuer_per_share": 21.47,
            "book_valuer_per_share_4q_avg": 20.82,
            "equity": 25760127,
            "current_ratio": 493.42,
            "debt_ratio": 11.52,
            "inventory_turnover_ratio": 0.75,
            "account_receivable_turnover_ratio": null,
            "reinvestment_rate": -10.06,
            "research_to_sale_ratio": null,
            "price_fair": 39.49,
            "eps_avg_yearly": 1.52,
            "eps_latest_yearly": 1.72,
            "eps_growth_yearly": 15.98
        },
        "20032": {
            "year_quarter": 20032,
            "year": 2003,
            "quarter": 2,
            "eps": 0.34,
            "eps_growth_year": 3.03,
            "eps_4q": 1.57,
            "eps_4q_growth_year": 17.91,
            "roe": 1.6,
            "roe_4q": 7.56,
            "gross_profit": 822137,
            "gross_margin": 26.38,
            "gross_margin_4q_avg": 27.58,
            "net_income": 412101,
            "net_income_4q": null,
            "revenue": 3117016,
            "revenue_4q": null,
            "common_shares": 12000000,
            "book_valuer_per_share": 21.46,
            "book_valuer_per_share_4q_avg": 21.17,
            "equity": 25753977,
            "current_ratio": 423.84,
            "debt_ratio": 11.61,
            "inventory_turnover_ratio": 0.96,
            "account_receivable_turnover_ratio": null,
            "reinvestment_rate": -9.68,
            "research_to_sale_ratio": null,
            "price_fair": 4.48,
            "eps_avg_yearly": 1.49,
            "eps_latest_yearly": 1.36,
            "eps_growth_yearly": -0.63
        },
        "20033": {
            "year_quarter": 20033,
            "year": 2003,
            "quarter": 3,
            "eps": 0.16,
            "eps_growth_year": -64.44,
            "eps_4q": 1.19,
            "eps_4q_growth_year": -20.59,
            "roe": 0.82,
            "roe_4q": 6.18,
            "gross_profit": 831677,
            "gross_margin": 25.72,
            "gross_margin_4q_avg": 26.98,
            "net_income": 211688,
            "net_income_4q": null,
            "revenue": 3233295,
            "revenue_4q": null,
            "common_shares": 12840000,
            "book_valuer_per_share": 20.11,
            "book_valuer_per_share_4q_avg": 21.02,
            "equity": 25816354,
            "current_ratio": 452.82,
            "debt_ratio": 11.03,
            "inventory_turnover_ratio": 1.14,
            "account_receivable_turnover_ratio": null,
            "reinvestment_rate": -9.85,
            "research_to_sale_ratio": null,
            "price_fair": 4.11,
            "eps_avg_yearly": 1.37,
            "eps_latest_yearly": 0.64,
            "eps_growth_yearly": -30.8
        },
        "20034": {
            "year_quarter": 20034,
            "year": 2003,
            "quarter": 4,
            "eps": 0.52,
            "eps_growth_year": 40.54,
            "eps_4q": 1.41,
            "eps_4q_growth_year": -5.17,
            "roe": 2.53,
            "roe_4q": 6.959999999999999,
            "gross_profit": 910451,
            "gross_margin": 26.67,
            "gross_margin_4q_avg": 26.46,
            "net_income": 666592,
            "net_income_4q": null,
            "revenue": 3414230,
            "revenue_4q": null,
            "common_shares": 12840000,
            "book_valuer_per_share": 20.65,
            "book_valuer_per_share_4q_avg": 20.92,
            "equity": 26809263,
            "current_ratio": 315.92,
            "debt_ratio": 18.68,
            "inventory_turnover_ratio": 1.13,
            "account_receivable_turnover_ratio": null,
            "reinvestment_rate": 30.75,
            "research_to_sale_ratio": null,
            "price_fair": 51.1,
            "eps_avg_yearly": 1.46,
            "eps_latest_yearly": 2.08,
            "eps_growth_yearly": 85.55
        },
        "20041": {
            "year_quarter": 20041,
            "year": 2004,
            "quarter": 1,
            "eps": 0.39,
            "eps_growth_year": -9.3,
            "eps_4q": 1.38,
            "eps_4q_growth_year": -12.53,
            "roe": 1.89,
            "roe_4q": 6.84,
            "gross_profit": 958944,
            "gross_margin": 28.65,
            "gross_margin_4q_avg": 26.86,
            "net_income": 507035,
            "net_income_4q": null,
            "revenue": 3347064,
            "revenue_4q": null,
            "common_shares": 12840000,
            "book_valuer_per_share": 20.9,
            "book_valuer_per_share_4q_avg": 20.78,
            "equity": 26836578,
            "current_ratio": 484.65,
            "debt_ratio": 11.22,
            "inventory_turnover_ratio": 1.17,
            "account_receivable_turnover_ratio": null,
            "reinvestment_rate": -11.34,
            "research_to_sale_ratio": null,
            "price_fair": 51.49,
            "eps_avg_yearly": 1.47,
            "eps_latest_yearly": 1.56,
            "eps_growth_yearly": 64.94
        },
        "20042": {
            "year_quarter": 20042,
            "year": 2004,
            "quarter": 2,
            "eps": 0.59,
            "eps_growth_year": 73.53,
            "eps_4q": 1.59,
            "eps_4q_growth_year": 1.26,
            "roe": 3.02,
            "roe_4q": 8.26,
            "gross_profit": 1208210,
            "gross_margin": 32.31,
            "gross_margin_4q_avg": 28.34,
            "net_income": 815686,
            "net_income_4q": null,
            "revenue": 3739479,
            "revenue_4q": null,
            "common_shares": 13867200,
            "book_valuer_per_share": 19.66,
            "book_valuer_per_share_4q_avg": 20.33,
            "equity": 27264692,
            "current_ratio": 378.27,
            "debt_ratio": 13.2,
            "inventory_turnover_ratio": 1.58,
            "account_receivable_turnover_ratio": null,
            "reinvestment_rate": -7.94,
            "research_to_sale_ratio": null,
            "price_fair": 54.6,
            "eps_avg_yearly": 1.56,
            "eps_latest_yearly": 2.36,
            "eps_growth_yearly": 78.96
        },
        "20043": {
            "year_quarter": 20043,
            "year": 2004,
            "quarter": 3,
            "eps": 0.92,
            "eps_growth_year": 475,
            "eps_4q": 2.35,
            "eps_4q_growth_year": 96.66,
            "roe": 4.59,
            "roe_4q": 12.03,
            "gross_profit": 1514114,
            "gross_margin": 37.46,
            "gross_margin_4q_avg": 31.27,
            "net_income": 1281600,
            "net_income_4q": null,
            "revenue": 4042345,
            "revenue_4q": null,
            "common_shares": 13867200,
            "book_valuer_per_share": 20.62,
            "book_valuer_per_share_4q_avg": 20.46,
            "equity": 28600280,
            "current_ratio": 473.61,
            "debt_ratio": 11.88,
            "inventory_turnover_ratio": 1.68,
            "account_receivable_turnover_ratio": null,
            "reinvestment_rate": -8,
            "research_to_sale_ratio": null,
            "price_fair": 61.35,
            "eps_avg_yearly": 1.75,
            "eps_latest_yearly": 3.68,
            "eps_growth_yearly": 92.12
        },
        "20044": {
            "year_quarter": 20044,
            "year": 2004,
            "quarter": 4,
            "eps": 0.88,
            "eps_growth_year": 69.23,
            "eps_4q": 2.76,
            "eps_4q_growth_year": 96.26,
            "roe": 4.17,
            "roe_4q": 13.67,
            "gross_profit": 1644798,
            "gross_margin": 39.29,
            "gross_margin_4q_avg": 34.43,
            "net_income": 1216056,
            "net_income_4q": null,
            "revenue": 4186706,
            "revenue_4q": null,
            "common_shares": 13867200,
            "book_valuer_per_share": 21.06,
            "book_valuer_per_share_4q_avg": 20.56,
            "equity": 29677282,
            "current_ratio": 290.97,
            "debt_ratio": 24.87,
            "inventory_turnover_ratio": 1.28,
            "account_receivable_turnover_ratio": null,
            "reinvestment_rate": 63.15,
            "research_to_sale_ratio": null,
            "price_fair": 66.5,
            "eps_avg_yearly": 1.9,
            "eps_latest_yearly": 3.52,
            "eps_growth_yearly": 82.99
        },
        "20051": {
            "year_quarter": 20051,
            "year": 2005,
            "quarter": 1,
            "eps": 0.66,
            "eps_growth_year": 69.23,
            "eps_4q": 3.06,
            "eps_4q_growth_year": 121.06,
            "roe": 3.05,
            "roe_4q": 14.829999999999998,
            "gross_profit": 1346966,
            "gross_margin": 38.09,
            "gross_margin_4q_avg": 36.79,
            "net_income": 912625,
            "net_income_4q": null,
            "revenue": 3536258,
            "revenue_4q": null,
            "common_shares": 13867200,
            "book_valuer_per_share": 21.69,
            "book_valuer_per_share_4q_avg": 20.76,
            "equity": 30073450,
            "current_ratio": 405.75,
            "debt_ratio": 13.97,
            "inventory_turnover_ratio": 1.02,
            "account_receivable_turnover_ratio": null,
            "reinvestment_rate": -12.95,
            "research_to_sale_ratio": null,
            "price_fair": 68.49,
            "eps_avg_yearly": 1.96,
            "eps_latest_yearly": 2.64,
            "eps_growth_yearly": 68.91
        },
        "20052": {
            "year_quarter": 20052,
            "year": 2005,
            "quarter": 2,
            "eps": 0.56,
            "eps_growth_year": -5.08,
            "eps_4q": 2.8,
            "eps_4q_growth_year": 75.77,
            "roe": 2.84,
            "roe_4q": 14.649999999999999,
            "gross_profit": 1199469,
            "gross_margin": 33.61,
            "gross_margin_4q_avg": 37.11,
            "net_income": 853238,
            "net_income_4q": null,
            "revenue": 3568710,
            "revenue_4q": null,
            "common_shares": 15253920,
            "book_valuer_per_share": 19.74,
            "book_valuer_per_share_4q_avg": 20.78,
            "equity": 30109725,
            "current_ratio": 387.07,
            "debt_ratio": 14.59,
            "inventory_turnover_ratio": 1.22,
            "account_receivable_turnover_ratio": null,
            "reinvestment_rate": -15.7,
            "research_to_sale_ratio": null,
            "price_fair": 69.2,
            "eps_avg_yearly": 1.98,
            "eps_latest_yearly": 2.24,
            "eps_growth_yearly": 59.66
        },
        "20053": {
            "year_quarter": 20053,
            "year": 2005,
            "quarter": 3,
            "eps": 0.55,
            "eps_growth_year": -40.22,
            "eps_4q": 2.51,
            "eps_4q_growth_year": 6.77,
            "roe": 2.73,
            "roe_4q": 12.790000000000001,
            "gross_profit": 952118,
            "gross_margin": 27.74,
            "gross_margin_4q_avg": 34.68,
            "net_income": 838077,
            "net_income_4q": null,
            "revenue": 3432737,
            "revenue_4q": null,
            "common_shares": 15253920,
            "book_valuer_per_share": 20.56,
            "book_valuer_per_share_4q_avg": 20.76,
            "equity": 31359438,
            "current_ratio": 515.55,
            "debt_ratio": 12.01,
            "inventory_turnover_ratio": 1.13,
            "account_receivable_turnover_ratio": null,
            "reinvestment_rate": -18.39,
            "research_to_sale_ratio": null,
            "price_fair": 69.72,
            "eps_avg_yearly": 1.99,
            "eps_latest_yearly": 2.2,
            "eps_growth_yearly": 55.21
        },
        "20054": {
            "year_quarter": 20054,
            "year": 2005,
            "quarter": 4,
            "eps": 0.3,
            "eps_growth_year": -65.91,
            "eps_4q": 2.02,
            "eps_4q_growth_year": -26.9,
            "roe": 1.4,
            "roe_4q": 10.02,
            "gross_profit": 999909,
            "gross_margin": 25.81,
            "gross_margin_4q_avg": 31.31,
            "net_income": 453917,
            "net_income_4q": null,
            "revenue": 3874433,
            "revenue_4q": null,
            "common_shares": 15253920,
            "book_valuer_per_share": 20.94,
            "book_valuer_per_share_4q_avg": 20.73,
            "equity": 33409975,
            "current_ratio": 225.67,
            "debt_ratio": 28.64,
            "inventory_turnover_ratio": 0.93,
            "account_receivable_turnover_ratio": null,
            "reinvestment_rate": 90.12,
            "research_to_sale_ratio": null,
            "price_fair": 67.99,
            "eps_avg_yearly": 1.94,
            "eps_latest_yearly": 1.2,
            "eps_growth_yearly": 40.4
        },
        "20061": {
            "year_quarter": 20061,
            "year": 2006,
            "quarter": 1,
            "eps": 0.38,
            "eps_growth_year": -42.42,
            "eps_4q": 1.79,
            "eps_4q_growth_year": -41.43,
            "roe": 1.74,
            "roe_4q": 8.709999999999999,
            "gross_profit": 911414,
            "gross_margin": 26.7,
            "gross_margin_4q_avg": 28.47,
            "net_income": 578105,
            "net_income_4q": null,
            "revenue": 3413825,
            "revenue_4q": null,
            "common_shares": 15253920,
            "book_valuer_per_share": 21.65,
            "book_valuer_per_share_4q_avg": 20.72,
            "equity": 33024340,
            "current_ratio": 504.24,
            "debt_ratio": 12.01,
            "inventory_turnover_ratio": 0.81,
            "account_receivable_turnover_ratio": null,
            "reinvestment_rate": -13.31,
            "research_to_sale_ratio": null,
            "price_fair": 68.51,
            "eps_avg_yearly": 1.96,
            "eps_latest_yearly": 1.52,
            "eps_growth_yearly": 51.55
        },
        "20062": {
            "year_quarter": 20062,
            "year": 2006,
            "quarter": 2,
            "eps": 0.34,
            "eps_growth_year": -39.29,
            "eps_4q": 1.48,
            "eps_4q_growth_year": -46.99,
            "roe": 1.69,
            "roe_4q": 7.5600000000000005,
            "gross_profit": 1018656,
            "gross_margin": 27.6,
            "gross_margin_4q_avg": 26.96,
            "net_income": 556129,
            "net_income_4q": null,
            "revenue": 3690324,
            "revenue_4q": null,
            "common_shares": 15253920,
            "book_valuer_per_share": 21.53,
            "book_valuer_per_share_4q_avg": 21.17,
            "equity": 32843020,
            "current_ratio": 415.46,
            "debt_ratio": 13.33,
            "inventory_turnover_ratio": 1.2,
            "account_receivable_turnover_ratio": null,
            "reinvestment_rate": -10.65,
            "research_to_sale_ratio": null,
            "price_fair": 68.6,
            "eps_avg_yearly": 1.96,
            "eps_latest_yearly": 1.36,
            "eps_growth_yearly": 48.14
        },
        "20063": {
            "year_quarter": 20063,
            "year": 2006,
            "quarter": 3,
            "eps": 0.55,
            "eps_growth_year": 0,
            "eps_4q": 1.52,
            "eps_4q_growth_year": -39.34,
            "roe": 2.7,
            "roe_4q": 7.530000000000001,
            "gross_profit": 1053756,
            "gross_margin": 28.08,
            "gross_margin_4q_avg": 27.05,
            "net_income": 899915,
            "net_income_4q": null,
            "revenue": 3752743,
            "revenue_4q": null,
            "common_shares": 16474234,
            "book_valuer_per_share": 20.6,
            "book_valuer_per_share_4q_avg": 21.18,
            "equity": 33938586,
            "current_ratio": 456.89,
            "debt_ratio": 12.45,
            "inventory_turnover_ratio": 1.26,
            "account_receivable_turnover_ratio": null,
            "reinvestment_rate": -6.59,
            "research_to_sale_ratio": null,
            "price_fair": 69.48,
            "eps_avg_yearly": 1.99,
            "eps_latest_yearly": 2.2,
            "eps_growth_yearly": 54.49
        },
        "20064": {
            "year_quarter": 20064,
            "year": 2006,
            "quarter": 4,
            "eps": 0.33,
            "eps_growth_year": 10,
            "eps_4q": 1.56,
            "eps_4q_growth_year": -22.71,
            "roe": 1.53,
            "roe_4q": 7.66,
            "gross_profit": 866547,
            "gross_margin": 24.57,
            "gross_margin_4q_avg": 26.74,
            "net_income": 544836,
            "net_income_4q": null,
            "revenue": 3526707,
            "revenue_4q": null,
            "common_shares": 16474234,
            "book_valuer_per_share": 21.23,
            "book_valuer_per_share_4q_avg": 21.25,
            "equity": 37417110,
            "current_ratio": 221.1,
            "debt_ratio": 26.32,
            "inventory_turnover_ratio": 0.79,
            "account_receivable_turnover_ratio": null,
            "reinvestment_rate": 101.26,
            "research_to_sale_ratio": null,
            "price_fair": 69.13,
            "eps_avg_yearly": 1.98,
            "eps_latest_yearly": 1.32,
            "eps_growth_yearly": 48.93
        },
        "20071": {
            "year_quarter": 20071,
            "year": 2007,
            "quarter": 1,
            "eps": 0.38,
            "eps_growth_year": 0,
            "eps_4q": 1.61,
            "eps_4q_growth_year": -10.23,
            "roe": 1.69,
            "roe_4q": 7.609999999999999,
            "gross_profit": 782074,
            "gross_margin": 22,
            "gross_margin_4q_avg": 25.56,
            "net_income": 619674,
            "net_income_4q": null,
            "revenue": 3554369,
            "revenue_4q": null,
            "common_shares": 16474234,
            "book_valuer_per_share": 21.84,
            "book_valuer_per_share_4q_avg": 21.3,
            "equity": 35975934,
            "current_ratio": 581.67,
            "debt_ratio": 9.59,
            "inventory_turnover_ratio": 0.77,
            "account_receivable_turnover_ratio": null,
            "reinvestment_rate": -0.57,
            "research_to_sale_ratio": null,
            "price_fair": 68.69,
            "eps_avg_yearly": 1.96,
            "eps_latest_yearly": 1.52,
            "eps_growth_yearly": 48.66
        },
        "20072": {
            "year_quarter": 20072,
            "year": 2007,
            "quarter": 2,
            "eps": 0.37,
            "eps_growth_year": 8.82,
            "eps_4q": 1.53,
            "eps_4q_growth_year": 2.83,
            "roe": 1.82,
            "roe_4q": 7.74,
            "gross_profit": 860784,
            "gross_margin": 21.72,
            "gross_margin_4q_avg": 24.09,
            "net_income": 661177,
            "net_income_4q": null,
            "revenue": 3962262,
            "revenue_4q": null,
            "common_shares": 16474234,
            "book_valuer_per_share": 22.34,
            "book_valuer_per_share_4q_avg": 21.5,
            "equity": 36799041,
            "current_ratio": 513.88,
            "debt_ratio": 10.37,
            "inventory_turnover_ratio": 1.28,
            "account_receivable_turnover_ratio": null,
            "reinvestment_rate": -0.55,
            "research_to_sale_ratio": null,
            "price_fair": 68.95,
            "eps_avg_yearly": 1.97,
            "eps_latest_yearly": 1.48,
            "eps_growth_yearly": 53.24
        },
        "20073": {
            "year_quarter": 20073,
            "year": 2007,
            "quarter": 3,
            "eps": 0.73,
            "eps_growth_year": 32.73,
            "eps_4q": 1.75,
            "eps_4q_growth_year": 14.77,
            "roe": 3.5,
            "roe_4q": 8.54,
            "gross_profit": 984240,
            "gross_margin": 23.44,
            "gross_margin_4q_avg": 22.93,
            "net_income": 1312804,
            "net_income_4q": null,
            "revenue": 4198152,
            "revenue_4q": null,
            "common_shares": 18055760,
            "book_valuer_per_share": 21.21,
            "book_valuer_per_share_4q_avg": 21.66,
            "equity": 38291466,
            "current_ratio": 581.51,
            "debt_ratio": 8.95,
            "inventory_turnover_ratio": 1.41,
            "account_receivable_turnover_ratio": null,
            "reinvestment_rate": 5.66,
            "research_to_sale_ratio": null,
            "price_fair": 73.94,
            "eps_avg_yearly": 2.11,
            "eps_latest_yearly": 2.92,
            "eps_growth_yearly": 90.8
        },
        "20074": {
            "year_quarter": 20074,
            "year": 2007,
            "quarter": 4,
            "eps": 0.4,
            "eps_growth_year": 21.21,
            "eps_4q": 1.83,
            "eps_4q_growth_year": 17.25,
            "roe": 1.76,
            "roe_4q": 8.77,
            "gross_profit": 934369,
            "gross_margin": 24.34,
            "gross_margin_4q_avg": 22.88,
            "net_income": 724741,
            "net_income_4q": null,
            "revenue": 3839115,
            "revenue_4q": null,
            "common_shares": 18055760,
            "book_valuer_per_share": 21.97,
            "book_valuer_per_share_4q_avg": 21.84,
            "equity": 44194198,
            "current_ratio": 204.78,
            "debt_ratio": 26.48,
            "inventory_turnover_ratio": 0.78,
            "account_receivable_turnover_ratio": null,
            "reinvestment_rate": 132,
            "research_to_sale_ratio": null,
            "price_fair": 69.24,
            "eps_avg_yearly": 2.08,
            "eps_latest_yearly": 1.6,
            "eps_growth_yearly": 23.25
        },
        "20081": {
            "year_quarter": 20081,
            "year": 2008,
            "quarter": 1,
            "eps": 0.21,
            "eps_growth_year": -44.74,
            "eps_4q": 1.53,
            "eps_4q_growth_year": -4.65,
            "roe": 0.96,
            "roe_4q": 8.04,
            "gross_profit": 1522487,
            "gross_margin": 19.23,
            "gross_margin_4q_avg": 22.18,
            "net_income": 421802,
            "net_income_4q": null,
            "revenue": 7918825,
            "revenue_4q": null,
            "common_shares": 18055760,
            "book_valuer_per_share": 21.71,
            "book_valuer_per_share_4q_avg": 21.81,
            "equity": 43506179,
            "current_ratio": 215.66,
            "debt_ratio": 30.97,
            "inventory_turnover_ratio": 1.09,
            "account_receivable_turnover_ratio": null,
            "reinvestment_rate": 181.62,
            "research_to_sale_ratio": null,
            "price_fair": 56.28,
            "eps_avg_yearly": 2.04,
            "eps_latest_yearly": 0.84,
            "eps_growth_yearly": 17.62
        },
        "20082": {
            "year_quarter": 20082,
            "year": 2008,
            "quarter": 2,
            "eps": 0.13,
            "eps_growth_year": -64.86,
            "eps_4q": 1.32,
            "eps_4q_growth_year": -13.64,
            "roe": 0.61,
            "roe_4q": 6.83,
            "gross_profit": 1499408,
            "gross_margin": 18.42,
            "gross_margin_4q_avg": 21.36,
            "net_income": 263789,
            "net_income_4q": null,
            "revenue": 8140686,
            "revenue_4q": null,
            "common_shares": 18055760,
            "book_valuer_per_share": 21.35,
            "book_valuer_per_share_4q_avg": 21.56,
            "equity": 43018745,
            "current_ratio": 147.68,
            "debt_ratio": 33.58,
            "inventory_turnover_ratio": 0.99,
            "account_receivable_turnover_ratio": null,
            "reinvestment_rate": 210.9,
            "research_to_sale_ratio": null,
            "price_fair": 5.77,
            "eps_avg_yearly": 1.92,
            "eps_latest_yearly": 0.52,
            "eps_growth_yearly": -4.72
        },
        "20083": {
            "year_quarter": 20083,
            "year": 2008,
            "quarter": 3,
            "eps": 0.45,
            "eps_growth_year": -38.36,
            "eps_4q": 1.19,
            "eps_4q_growth_year": -31.76,
            "roe": 1.98,
            "roe_4q": 5.31,
            "gross_profit": 1221095,
            "gross_margin": 14.81,
            "gross_margin_4q_avg": 19.2,
            "net_income": 845936,
            "net_income_4q": null,
            "revenue": 8243966,
            "revenue_4q": null,
            "common_shares": 19500221,
            "book_valuer_per_share": 19.5,
            "book_valuer_per_share_4q_avg": 21.13,
            "equity": 42458181,
            "current_ratio": 166.18,
            "debt_ratio": 34.91,
            "inventory_turnover_ratio": 0.92,
            "account_receivable_turnover_ratio": null,
            "reinvestment_rate": 235.76,
            "research_to_sale_ratio": null,
            "price_fair": 63.18,
            "eps_avg_yearly": 1.81,
            "eps_latest_yearly": 1.8,
            "eps_growth_yearly": 42.83
        },
        "20084": {
            "year_quarter": 20084,
            "year": 2008,
            "quarter": 4,
            "eps": -0.12,
            "eps_growth_year": -130,
            "eps_4q": 0.75,
            "eps_4q_growth_year": -59.02,
            "roe": -0.95,
            "roe_4q": 2.6,
            "gross_profit": 228699,
            "gross_margin": 3.4,
            "gross_margin_4q_avg": 13.97,
            "net_income": -405627,
            "net_income_4q": null,
            "revenue": 6722047,
            "revenue_4q": null,
            "common_shares": 19500221,
            "book_valuer_per_share": 19.79,
            "book_valuer_per_share_4q_avg": 20.59,
            "equity": 42949490,
            "current_ratio": 150.89,
            "debt_ratio": 31.55,
            "inventory_turnover_ratio": 0.77,
            "account_receivable_turnover_ratio": 4.49,
            "reinvestment_rate": 180.03,
            "research_to_sale_ratio": null,
            "price_fair": 59.17,
            "eps_avg_yearly": 1.69,
            "eps_latest_yearly": 1.8,
            "eps_growth_yearly": 46.85
        },
        "20091": {
            "year_quarter": 20091,
            "year": 2009,
            "quarter": 1,
            "eps": -0.24,
            "eps_growth_year": -214.29,
            "eps_4q": 0.22,
            "eps_4q_growth_year": -85.35,
            "roe": -1.45,
            "roe_4q": 0.19000000000000006,
            "gross_profit": 326293,
            "gross_margin": 5.25,
            "gross_margin_4q_avg": 10.47,
            "net_income": -626743,
            "net_income_4q": null,
            "revenue": 6211650,
            "revenue_4q": null,
            "common_shares": 19500221,
            "book_valuer_per_share": 20.03,
            "book_valuer_per_share_4q_avg": 20.17,
            "equity": 43437924,
            "current_ratio": 148.91,
            "debt_ratio": 32.15,
            "inventory_turnover_ratio": 0.66,
            "account_receivable_turnover_ratio": 1.94,
            "reinvestment_rate": 330.97,
            "research_to_sale_ratio": null,
            "price_fair": 56.8,
            "eps_avg_yearly": 1.62,
            "eps_latest_yearly": 1.8,
            "eps_growth_yearly": 57.34
        },
        "20092": {
            "year_quarter": 20092,
            "year": 2009,
            "quarter": 2,
            "eps": -0.04,
            "eps_growth_year": -130.77,
            "eps_4q": 0.05,
            "eps_4q_growth_year": -96.44,
            "roe": -0.2,
            "roe_4q": -0.6199999999999997,
            "gross_profit": 726539,
            "gross_margin": 9.79,
            "gross_margin_4q_avg": 8.31,
            "net_income": -84691,
            "net_income_4q": null,
            "revenue": 7420049,
            "revenue_4q": null,
            "common_shares": 19500221,
            "book_valuer_per_share": 19.74,
            "book_valuer_per_share_4q_avg": 19.77,
            "equity": 42785423,
            "current_ratio": 155.4,
            "debt_ratio": 30.48,
            "inventory_turnover_ratio": 0.77,
            "account_receivable_turnover_ratio": 2.05,
            "reinvestment_rate": 344.96,
            "research_to_sale_ratio": null,
            "price_fair": 55.14,
            "eps_avg_yearly": 1.58,
            "eps_latest_yearly": 1.8,
            "eps_growth_yearly": 66.41
        },
        "20093": {
            "year_quarter": 20093,
            "year": 2009,
            "quarter": 3,
            "eps": 0.37,
            "eps_growth_year": -17.78,
            "eps_4q": -0.02,
            "eps_4q_growth_year": -101.8,
            "roe": 2.01,
            "roe_4q": -0.5900000000000001,
            "gross_profit": 1566598,
            "gross_margin": 17.9,
            "gross_margin_4q_avg": 9.09,
            "net_income": 870815,
            "net_income_4q": null,
            "revenue": 8750426,
            "revenue_4q": null,
            "common_shares": 20085228,
            "book_valuer_per_share": 19.7,
            "book_valuer_per_share_4q_avg": 19.82,
            "equity": 43680087,
            "current_ratio": 159.53,
            "debt_ratio": 28.53,
            "inventory_turnover_ratio": 0.92,
            "account_receivable_turnover_ratio": 2.18,
            "reinvestment_rate": 330.67,
            "research_to_sale_ratio": null,
            "price_fair": 53.32,
            "eps_avg_yearly": 1.52,
            "eps_latest_yearly": 1.8,
            "eps_growth_yearly": 72.54
        },
        "20094": {
            "year_quarter": 20094,
            "year": 2009,
            "quarter": 4,
            "eps": 0.57,
            "eps_growth_year": null,
            "eps_4q": 0.66,
            "eps_4q_growth_year": -12.35,
            "roe": 3.26,
            "roe_4q": 3.619999999999999,
            "gross_profit": 2444131,
            "gross_margin": 26.26,
            "gross_margin_4q_avg": 14.8,
            "net_income": 1444280,
            "net_income_4q": null,
            "revenue": 9307619,
            "revenue_4q": null,
            "common_shares": 20085228,
            "book_valuer_per_share": 20.35,
            "book_valuer_per_share_4q_avg": 19.96,
            "equity": 45000252,
            "current_ratio": 145.42,
            "debt_ratio": 26.95,
            "inventory_turnover_ratio": 0.99,
            "account_receivable_turnover_ratio": 4.44,
            "reinvestment_rate": 182.08,
            "research_to_sale_ratio": null,
            "price_fair": 56.47,
            "eps_avg_yearly": 1.61,
            "eps_latest_yearly": 2.28,
            "eps_growth_yearly": 105.71
        },
        "20101": {
            "year_quarter": 20101,
            "year": 2010,
            "quarter": 1,
            "eps": 0.5,
            "eps_growth_year": null,
            "eps_4q": 1.33,
            "eps_4q_growth_year": 492.95,
            "roe": 2.22,
            "roe_4q": 7.29,
            "gross_profit": 1940302,
            "gross_margin": 22.2,
            "gross_margin_4q_avg": 19.04,
            "net_income": 1011437,
            "net_income_4q": null,
            "revenue": 8740041,
            "revenue_4q": null,
            "common_shares": 20085228,
            "book_valuer_per_share": 20.78,
            "book_valuer_per_share_4q_avg": 20.14,
            "equity": 45960515,
            "current_ratio": 153.68,
            "debt_ratio": 26.18,
            "inventory_turnover_ratio": 1.02,
            "account_receivable_turnover_ratio": 1.99,
            "reinvestment_rate": 347.63,
            "research_to_sale_ratio": 0.19,
            "price_fair": 57.87,
            "eps_avg_yearly": 1.65,
            "eps_latest_yearly": 2,
            "eps_growth_yearly": 92.73
        },
        "20102": {
            "year_quarter": 20102,
            "year": 2010,
            "quarter": 2,
            "eps": 0.6,
            "eps_growth_year": null,
            "eps_4q": 1.93,
            "eps_4q_growth_year": 4017.2,
            "roe": 3,
            "roe_4q": 10.49,
            "gross_profit": 2883056,
            "gross_margin": 27.66,
            "gross_margin_4q_avg": 23.51,
            "net_income": 1395498,
            "net_income_4q": null,
            "revenue": 10421994,
            "revenue_4q": null,
            "common_shares": 20085228,
            "book_valuer_per_share": 21.3,
            "book_valuer_per_share_4q_avg": 20.53,
            "equity": 47124828,
            "current_ratio": 132.6,
            "debt_ratio": 27.61,
            "inventory_turnover_ratio": 1.15,
            "account_receivable_turnover_ratio": 2.04,
            "reinvestment_rate": 366.05,
            "research_to_sale_ratio": 0.18,
            "price_fair": 60.9,
            "eps_avg_yearly": 1.74,
            "eps_latest_yearly": 2.4,
            "eps_growth_yearly": 102.9
        },
        "20103": {
            "year_quarter": 20103,
            "year": 2010,
            "quarter": 3,
            "eps": 0.91,
            "eps_growth_year": 145.5,
            "eps_4q": 2.48,
            "eps_4q_growth_year": null,
            "roe": 4.25,
            "roe_4q": 12.73,
            "gross_profit": 2946628,
            "gross_margin": 28.2,
            "gross_margin_4q_avg": 26.08,
            "net_income": 2041187,
            "net_income_4q": null,
            "revenue": 10449666,
            "revenue_4q": null,
            "common_shares": 20687785,
            "book_valuer_per_share": 21.5,
            "book_valuer_per_share_4q_avg": 20.98,
            "equity": 48992180,
            "current_ratio": 136.72,
            "debt_ratio": 27.99,
            "inventory_turnover_ratio": 1.16,
            "account_receivable_turnover_ratio": 1.89,
            "reinvestment_rate": 565.78,
            "research_to_sale_ratio": 0.24,
            "price_fair": 65.1,
            "eps_avg_yearly": 1.86,
            "eps_latest_yearly": 3.64,
            "eps_growth_yearly": 99.54
        },
        "20104": {
            "year_quarter": 20104,
            "year": 2010,
            "quarter": 4,
            "eps": 0.57,
            "eps_growth_year": 0.28,
            "eps_4q": 2.51,
            "eps_4q_growth_year": 280.88,
            "roe": 2.72,
            "roe_4q": 12.190000000000001,
            "gross_profit": 2529397,
            "gross_margin": 25.32,
            "gross_margin_4q_avg": 25.85,
            "net_income": 1343553,
            "net_income_4q": null,
            "revenue": 9988375,
            "revenue_4q": null,
            "common_shares": 20687785,
            "book_valuer_per_share": 22,
            "book_valuer_per_share_4q_avg": 21.4,
            "equity": 49932277,
            "current_ratio": 126.31,
            "debt_ratio": 27.37,
            "inventory_turnover_ratio": 1.12,
            "account_receivable_turnover_ratio": 2.03,
            "reinvestment_rate": 162.54,
            "research_to_sale_ratio": 0.28,
            "price_fair": 67.9,
            "eps_avg_yearly": 1.94,
            "eps_latest_yearly": 2.28,
            "eps_growth_yearly": 100.42
        },
        "20111": {
            "year_quarter": 20111,
            "year": 2011,
            "quarter": 1,
            "eps": 0.5,
            "eps_growth_year": 0,
            "eps_4q": 2.54,
            "eps_4q_growth_year": 90.56,
            "roe": 2.04,
            "roe_4q": 12.01,
            "gross_profit": 2031732,
            "gross_margin": 22,
            "gross_margin_4q_avg": 25.8,
            "net_income": 1034519,
            "net_income_4q": null,
            "revenue": 9234399,
            "revenue_4q": null,
            "common_shares": 20687785,
            "book_valuer_per_share": 22.75,
            "book_valuer_per_share_4q_avg": 21.89,
            "equity": 51634227,
            "current_ratio": 156.24,
            "debt_ratio": 29.87,
            "inventory_turnover_ratio": 1.02,
            "account_receivable_turnover_ratio": 1.98,
            "reinvestment_rate": 299.38,
            "research_to_sale_ratio": 0.28,
            "price_fair": 69.3,
            "eps_avg_yearly": 1.98,
            "eps_latest_yearly": 2,
            "eps_growth_yearly": 91.27
        },
        "20112": {
            "year_quarter": 20112,
            "year": 2011,
            "quarter": 2,
            "eps": 0.51,
            "eps_growth_year": -14.95,
            "eps_4q": 2.27,
            "eps_4q_growth_year": 17.58,
            "roe": 2.32,
            "roe_4q": 11.33,
            "gross_profit": 1927412,
            "gross_margin": 20.52,
            "gross_margin_4q_avg": 24.01,
            "net_income": 1190954,
            "net_income_4q": null,
            "revenue": 9394678,
            "revenue_4q": null,
            "common_shares": 20687785,
            "book_valuer_per_share": 22.38,
            "book_valuer_per_share_4q_avg": 22.16,
            "equity": 50925901,
            "current_ratio": 152.65,
            "debt_ratio": 32.1,
            "inventory_turnover_ratio": 0.99,
            "account_receivable_turnover_ratio": 1.87,
            "reinvestment_rate": 312.27,
            "research_to_sale_ratio": 0.28,
            "price_fair": 70.93,
            "eps_avg_yearly": 2.03,
            "eps_latest_yearly": 2.04,
            "eps_growth_yearly": 92.82
        },
        "20113": {
            "year_quarter": 20113,
            "year": 2011,
            "quarter": 3,
            "eps": 0.43,
            "eps_growth_year": -52.38,
            "eps_4q": 1.88,
            "eps_4q_growth_year": -24.38,
            "roe": 1.91,
            "roe_4q": 8.99,
            "gross_profit": 1160450,
            "gross_margin": 12.72,
            "gross_margin_4q_avg": 20.14,
            "net_income": 988917,
            "net_income_4q": null,
            "revenue": 9123812,
            "revenue_4q": null,
            "common_shares": 22756563,
            "book_valuer_per_share": 20.95,
            "book_valuer_per_share_4q_avg": 22.02,
            "equity": 52431774,
            "current_ratio": 256.46,
            "debt_ratio": 36.56,
            "inventory_turnover_ratio": 0.98,
            "account_receivable_turnover_ratio": 1.83,
            "reinvestment_rate": 316.17,
            "research_to_sale_ratio": 0.31,
            "price_fair": 67.43,
            "eps_avg_yearly": 1.93,
            "eps_latest_yearly": 1.72,
            "eps_growth_yearly": 55.15
        },
        "20114": {
            "year_quarter": 20114,
            "year": 2011,
            "quarter": 4,
            "eps": -0.25,
            "eps_growth_year": -143.66,
            "eps_4q": 1.11,
            "eps_4q_growth_year": -55.73,
            "roe": -1.34,
            "roe_4q": 4.93,
            "gross_profit": 32099,
            "gross_margin": 0.36,
            "gross_margin_4q_avg": 13.9,
            "net_income": -704778,
            "net_income_4q": null,
            "revenue": 8901317,
            "revenue_4q": null,
            "common_shares": 22756563,
            "book_valuer_per_share": 21.29,
            "book_valuer_per_share_4q_avg": 21.84,
            "equity": 53071292,
            "current_ratio": 188.65,
            "debt_ratio": 37.7,
            "inventory_turnover_ratio": 1.02,
            "account_receivable_turnover_ratio": 1.98,
            "reinvestment_rate": 194.18,
            "research_to_sale_ratio": 0.28,
            "price_fair": 68.47,
            "eps_avg_yearly": 1.96,
            "eps_latest_yearly": 1.72,
            "eps_growth_yearly": 76.61
        },
        "20121": {
            "year_quarter": 20121,
            "year": 2012,
            "quarter": 1,
            "eps": -0.18,
            "eps_growth_year": -136,
            "eps_4q": 0.54,
            "eps_4q_growth_year": -78.54,
            "roe": -0.8,
            "roe_4q": 2.09,
            "gross_profit": 50987,
            "gross_margin": 0.66,
            "gross_margin_4q_avg": 8.57,
            "net_income": -417696,
            "net_income_4q": null,
            "revenue": 7718326,
            "revenue_4q": null,
            "common_shares": 22756563,
            "book_valuer_per_share": 20.53,
            "book_valuer_per_share_4q_avg": 21.29,
            "equity": 51169985,
            "current_ratio": 185.37,
            "debt_ratio": 40.3,
            "inventory_turnover_ratio": 0.86,
            "account_receivable_turnover_ratio": 1.73,
            "reinvestment_rate": 176.58,
            "research_to_sale_ratio": 0.36,
            "price_fair": 72.38,
            "eps_avg_yearly": 2.07,
            "eps_latest_yearly": 1.72,
            "eps_growth_yearly": 103.27
        },
        "20122": {
            "year_quarter": 20122,
            "year": 2012,
            "quarter": 2,
            "eps": -0.29,
            "eps_growth_year": -157.91,
            "eps_4q": -0.26,
            "eps_4q_growth_year": -111.33,
            "roe": -1.56,
            "roe_4q": -1.7900000000000003,
            "gross_profit": 465166,
            "gross_margin": 5.43,
            "gross_margin_4q_avg": 4.79,
            "net_income": -786163,
            "net_income_4q": null,
            "revenue": 8559388,
            "revenue_4q": null,
            "common_shares": 22756563,
            "book_valuer_per_share": 19.89,
            "book_valuer_per_share_4q_avg": 20.67,
            "equity": 49642682,
            "current_ratio": 162.5,
            "debt_ratio": 43.06,
            "inventory_turnover_ratio": 0.89,
            "account_receivable_turnover_ratio": 1.71,
            "reinvestment_rate": 233.63,
            "research_to_sale_ratio": 0.29,
            "price_fair": 78.4,
            "eps_avg_yearly": 2.24,
            "eps_latest_yearly": 1.72,
            "eps_growth_yearly": 131.67
        },
        "20123": {
            "year_quarter": 20123,
            "year": 2012,
            "quarter": 3,
            "eps": -0.18,
            "eps_growth_year": -142.74,
            "eps_4q": -0.86,
            "eps_4q_growth_year": -145.58,
            "roe": -1.02,
            "roe_4q": -4.72,
            "gross_profit": 608538,
            "gross_margin": 7.36,
            "gross_margin_4q_avg": 3.45,
            "net_income": -501094,
            "net_income_4q": null,
            "revenue": 8266811,
            "revenue_4q": null,
            "common_shares": 23780608,
            "book_valuer_per_share": 18.53,
            "book_valuer_per_share_4q_avg": 20.06,
            "equity": 48231061,
            "current_ratio": 153.73,
            "debt_ratio": 43.37,
            "inventory_turnover_ratio": 0.82,
            "account_receivable_turnover_ratio": 1.68,
            "reinvestment_rate": 260.7,
            "research_to_sale_ratio": 0.32,
            "price_fair": 80.33,
            "eps_avg_yearly": 2.3,
            "eps_latest_yearly": 1.72,
            "eps_growth_yearly": 25.06
        },
        "20124": {
            "year_quarter": 20124,
            "year": 2012,
            "quarter": 4,
            "eps": -0.15,
            "eps_growth_year": null,
            "eps_4q": -0.77,
            "eps_4q_growth_year": -169.01,
            "roe": -0.86,
            "roe_4q": -4.24,
            "gross_profit": 582727,
            "gross_margin": 7.22,
            "gross_margin_4q_avg": 5.17,
            "net_income": -411502,
            "net_income_4q": null,
            "revenue": 8073426,
            "revenue_4q": null,
            "common_shares": 23780608,
            "book_valuer_per_share": 18.39,
            "book_valuer_per_share_4q_avg": 19.34,
            "equity": 47842122,
            "current_ratio": 123.08,
            "debt_ratio": 45.66,
            "inventory_turnover_ratio": 0.77,
            "account_receivable_turnover_ratio": 1.8,
            "reinvestment_rate": 291.42,
            "research_to_sale_ratio": 3.6,
            "price_fair": 80.33,
            "eps_avg_yearly": 2.3,
            "eps_latest_yearly": 1.72,
            "eps_growth_yearly": 25.06
        },
        "20131": {
            "year_quarter": 20131,
            "year": 2013,
            "quarter": 1,
            "eps": -0.4,
            "eps_growth_year": null,
            "eps_4q": -1.03,
            "eps_4q_growth_year": -288.74,
            "roe": -2.15,
            "roe_4q": -5.59,
            "gross_profit": 433352,
            "gross_margin": 5.61,
            "gross_margin_4q_avg": 6.41,
            "net_income": -1046398,
            "net_income_4q": null,
            "revenue": 7730138,
            "revenue_4q": null,
            "common_shares": 23780608,
            "book_valuer_per_share": 19.1,
            "book_valuer_per_share_4q_avg": 18.98,
            "equity": 49509229,
            "current_ratio": 122.91,
            "debt_ratio": 46.08,
            "inventory_turnover_ratio": 0.73,
            "account_receivable_turnover_ratio": 1.72,
            "reinvestment_rate": 341.17,
            "research_to_sale_ratio": 1.03,
            "price_fair": 80.33,
            "eps_avg_yearly": 2.3,
            "eps_latest_yearly": 1.72,
            "eps_growth_yearly": 25.06
        },
        "20132": {
            "year_quarter": 20132,
            "year": 2013,
            "quarter": 2,
            "eps": -0.34,
            "eps_growth_year": null,
            "eps_4q": -1.07,
            "eps_4q_growth_year": null,
            "roe": -1.74,
            "roe_4q": -5.77,
            "gross_profit": 416089,
            "gross_margin": 4.84,
            "gross_margin_4q_avg": 6.26,
            "net_income": -857999,
            "net_income_4q": null,
            "revenue": 8592920,
            "revenue_4q": null,
            "common_shares": 23780608,
            "book_valuer_per_share": 19.01,
            "book_valuer_per_share_4q_avg": 18.76,
            "equity": 49354573,
            "current_ratio": 105.57,
            "debt_ratio": 48.16,
            "inventory_turnover_ratio": 0.78,
            "account_receivable_turnover_ratio": 1.82,
            "reinvestment_rate": 448.93,
            "research_to_sale_ratio": 0.97,
            "price_fair": 80.33,
            "eps_avg_yearly": 2.3,
            "eps_latest_yearly": 1.72,
            "eps_growth_yearly": 25.06
        },
        "20133": {
            "year_quarter": 20133,
            "year": 2013,
            "quarter": 3,
            "eps": -0.16,
            "eps_growth_year": null,
            "eps_4q": -1.05,
            "eps_4q_growth_year": null,
            "roe": -0.88,
            "roe_4q": -5.63,
            "gross_profit": 822417,
            "gross_margin": 8.39,
            "gross_margin_4q_avg": 6.52,
            "net_income": -428813,
            "net_income_4q": null,
            "revenue": 9798373,
            "revenue_4q": null,
            "common_shares": 23780608,
            "book_valuer_per_share": 18.72,
            "book_valuer_per_share_4q_avg": 18.81,
            "equity": 48565837,
            "current_ratio": 85.89,
            "debt_ratio": 50.13,
            "inventory_turnover_ratio": 0.8,
            "account_receivable_turnover_ratio": 1.9,
            "reinvestment_rate": 597.82,
            "research_to_sale_ratio": 0.84,
            "price_fair": 80.33,
            "eps_avg_yearly": 2.3,
            "eps_latest_yearly": 1.72,
            "eps_growth_yearly": 25.06
        },
        "20134": {
            "year_quarter": 20134,
            "year": 2013,
            "quarter": 4,
            "eps": 0.52,
            "eps_growth_year": null,
            "eps_4q": -0.38,
            "eps_4q_growth_year": null,
            "roe": 2.68,
            "roe_4q": -2.09,
            "gross_profit": 1102233,
            "gross_margin": 10.05,
            "gross_margin_4q_avg": 7.22,
            "net_income": 1329284,
            "net_income_4q": null,
            "revenue": 10963692,
            "revenue_4q": null,
            "common_shares": 23780608,
            "book_valuer_per_share": 19.58,
            "book_valuer_per_share_4q_avg": 19.1,
            "equity": 50748152,
            "current_ratio": 83.07,
            "debt_ratio": 49.72,
            "inventory_turnover_ratio": 0.88,
            "account_receivable_turnover_ratio": 1.86,
            "reinvestment_rate": 525.48,
            "research_to_sale_ratio": 1.11,
            "price_fair": 6.89,
            "eps_avg_yearly": 2.3,
            "eps_latest_yearly": 1.72,
            "eps_growth_yearly": -2.25
        },
        "20141": {
            "year_quarter": 20141,
            "year": 2014,
            "quarter": 1,
            "eps": -0.55,
            "eps_growth_year": null,
            "eps_4q": -0.53,
            "eps_4q_growth_year": null,
            "roe": -2.87,
            "roe_4q": -2.8099999999999996,
            "gross_profit": 659410,
            "gross_margin": 7.24,
            "gross_margin_4q_avg": 7.63,
            "net_income": -1444977,
            "net_income_4q": null,
            "revenue": 9104030,
            "revenue_4q": null,
            "common_shares": 23780608,
            "book_valuer_per_share": 19.25,
            "book_valuer_per_share_4q_avg": 19.14,
            "equity": 49875579,
            "current_ratio": 93.56,
            "debt_ratio": 52.71,
            "inventory_turnover_ratio": 0.75,
            "account_receivable_turnover_ratio": 1.48,
            "reinvestment_rate": 971.93,
            "research_to_sale_ratio": 0.86,
            "price_fair": 36.51,
            "eps_avg_yearly": 2.35,
            "eps_latest_yearly": 1.72,
            "eps_growth_yearly": 5.56
        },
        "20142": {
            "year_quarter": 20142,
            "year": 2014,
            "quarter": 2,
            "eps": -0.2,
            "eps_growth_year": null,
            "eps_4q": -0.39,
            "eps_4q_growth_year": null,
            "roe": -1.18,
            "roe_4q": -2.2499999999999996,
            "gross_profit": 1184728,
            "gross_margin": 10.91,
            "gross_margin_4q_avg": 9.15,
            "net_income": -576199,
            "net_income_4q": null,
            "revenue": 10859702,
            "revenue_4q": null,
            "common_shares": 23780608,
            "book_valuer_per_share": 18.61,
            "book_valuer_per_share_4q_avg": 19.04,
            "equity": 48176078,
            "current_ratio": 84.1,
            "debt_ratio": 53.03,
            "inventory_turnover_ratio": 0.87,
            "account_receivable_turnover_ratio": 1.74,
            "reinvestment_rate": 2033.37,
            "research_to_sale_ratio": 0.52,
            "price_fair": 7.01,
            "eps_avg_yearly": 2.34,
            "eps_latest_yearly": 1.72,
            "eps_growth_yearly": -9.33
        },
        "20143": {
            "year_quarter": 20143,
            "year": 2014,
            "quarter": 3,
            "eps": 0.52,
            "eps_growth_year": null,
            "eps_4q": 0.3,
            "eps_4q_growth_year": null,
            "roe": 2.3,
            "roe_4q": 0.9299999999999999,
            "gross_profit": 715332,
            "gross_margin": 6.54,
            "gross_margin_4q_avg": 8.69,
            "net_income": 1133265,
            "net_income_4q": null,
            "revenue": 10932932,
            "revenue_4q": null,
            "common_shares": 23780608,
            "book_valuer_per_share": 19.45,
            "book_valuer_per_share_4q_avg": 19.22,
            "equity": 50195263,
            "current_ratio": 90.53,
            "debt_ratio": 51.1,
            "inventory_turnover_ratio": 0.99,
            "account_receivable_turnover_ratio": 1.58,
            "reinvestment_rate": -230.39,
            "research_to_sale_ratio": 0.54,
            "price_fair": 6.03,
            "eps_avg_yearly": 2.01,
            "eps_latest_yearly": 1.72,
            "eps_growth_yearly": -63.33
        },
        "20144": {
            "year_quarter": 20144,
            "year": 2014,
            "quarter": 4,
            "eps": 0.29,
            "eps_growth_year": -44.71,
            "eps_4q": 0.06,
            "eps_4q_growth_year": null,
            "roe": 1.1,
            "roe_4q": -0.6500000000000004,
            "gross_profit": 340316,
            "gross_margin": 3.19,
            "gross_margin_4q_avg": 6.97,
            "net_income": 564119,
            "net_income_4q": null,
            "revenue": 10673356,
            "revenue_4q": null,
            "common_shares": 23780608,
            "book_valuer_per_share": 20.39,
            "book_valuer_per_share_4q_avg": 19.43,
            "equity": 52516807,
            "current_ratio": 90.72,
            "debt_ratio": 50.44,
            "inventory_turnover_ratio": 1.06,
            "account_receivable_turnover_ratio": 1.42,
            "reinvestment_rate": null,
            "research_to_sale_ratio": 0.67,
            "price_fair": 5.19,
            "eps_avg_yearly": 1.73,
            "eps_latest_yearly": 1.16,
            "eps_growth_yearly": -70.2
        },
        "20151": {
            "year_quarter": 20151,
            "year": 2015,
            "quarter": 1,
            "eps": -0.51,
            "eps_growth_year": null,
            "eps_4q": 0.11,
            "eps_4q_growth_year": null,
            "roe": -2.59,
            "roe_4q": -0.3699999999999999,
            "gross_profit": 149644,
            "gross_margin": 1.67,
            "gross_margin_4q_avg": 5.58,
            "net_income": -1336833,
            "net_income_4q": null,
            "revenue": 8960652,
            "revenue_4q": null,
            "common_shares": 23780608,
            "book_valuer_per_share": 19.65,
            "book_valuer_per_share_4q_avg": 19.53,
            "equity": 50613655,
            "current_ratio": 83.46,
            "debt_ratio": 50.28,
            "inventory_turnover_ratio": 0.89,
            "account_receivable_turnover_ratio": 1.23,
            "reinvestment_rate": null,
            "research_to_sale_ratio": 0.93,
            "price_fair": 4.92,
            "eps_avg_yearly": 1.64,
            "eps_latest_yearly": 1.16,
            "eps_growth_yearly": -77.22
        },
        "20152": {
            "year_quarter": 20152,
            "year": 2015,
            "quarter": 2,
            "eps": -0.3,
            "eps_growth_year": null,
            "eps_4q": 0,
            "eps_4q_growth_year": null,
            "roe": -1.62,
            "roe_4q": -0.81,
            "gross_profit": 442276,
            "gross_margin": 4.39,
            "gross_margin_4q_avg": 3.95,
            "net_income": -811422,
            "net_income_4q": null,
            "revenue": 10085646,
            "revenue_4q": null,
            "common_shares": 23780608,
            "book_valuer_per_share": 19.2,
            "book_valuer_per_share_4q_avg": 19.67,
            "equity": 49421035,
            "current_ratio": 79.35,
            "debt_ratio": 50.61,
            "inventory_turnover_ratio": 0.94,
            "account_receivable_turnover_ratio": 1.44,
            "reinvestment_rate": null,
            "research_to_sale_ratio": 0.67,
            "price_fair": 4.32,
            "eps_avg_yearly": 1.44,
            "eps_latest_yearly": 1.16,
            "eps_growth_yearly": -119.83
        },
        "20153": {
            "year_quarter": 20153,
            "year": 2015,
            "quarter": 3,
            "eps": -0.61,
            "eps_growth_year": -217.31,
            "eps_4q": -1.13,
            "eps_4q_growth_year": -478.83,
            "roe": -3.3,
            "roe_4q": -6.41,
            "gross_profit": 699787,
            "gross_margin": 6.2,
            "gross_margin_4q_avg": 3.86,
            "net_income": -1619153,
            "net_income_4q": null,
            "revenue": 11286642,
            "revenue_4q": null,
            "common_shares": 23780608,
            "book_valuer_per_share": 18.9,
            "book_valuer_per_share_4q_avg": 19.54,
            "equity": 48599862,
            "current_ratio": 70.07,
            "debt_ratio": 51.5,
            "inventory_turnover_ratio": 1.05,
            "account_receivable_turnover_ratio": 1.53,
            "reinvestment_rate": null,
            "research_to_sale_ratio": 0.59,
            "price_fair": 3.48,
            "eps_avg_yearly": 1.16,
            "eps_latest_yearly": 1.16,
            "eps_growth_yearly": -176.92
        },
        "20154": {
            "year_quarter": 20154,
            "year": 2015,
            "quarter": 4,
            "eps": -0.53,
            "eps_growth_year": -283.29,
            "eps_4q": -1.87,
            "eps_4q_growth_year": -3000.03,
            "roe": -3.04,
            "roe_4q": -10.55,
            "gross_profit": 958314,
            "gross_margin": 8.75,
            "gross_margin_4q_avg": 5.25,
            "net_income": -1458042,
            "net_income_4q": null,
            "revenue": 10953221,
            "revenue_4q": null,
            "common_shares": 25080608,
            "book_valuer_per_share": 17.49,
            "book_valuer_per_share_4q_avg": 18.81,
            "equity": 47285537,
            "current_ratio": 76.95,
            "debt_ratio": 50.76,
            "inventory_turnover_ratio": 1.02,
            "account_receivable_turnover_ratio": 1.44,
            "reinvestment_rate": null,
            "research_to_sale_ratio": 0.85,
            "price_fair": 3.48,
            "eps_avg_yearly": 1.16,
            "eps_latest_yearly": 1.16,
            "eps_growth_yearly": -176.92
        },
        "20161": {
            "year_quarter": 20161,
            "year": 2016,
            "quarter": 1,
            "eps": -0.14,
            "eps_growth_year": null,
            "eps_4q": -1.53,
            "eps_4q_growth_year": -1523.57,
            "roe": -0.93,
            "roe_4q": -8.89,
            "gross_profit": 1122719,
            "gross_margin": 11.72,
            "gross_margin_4q_avg": 7.77,
            "net_income": -437210,
            "net_income_4q": null,
            "revenue": 9582821,
            "revenue_4q": null,
            "common_shares": 25080608,
            "book_valuer_per_share": 17.14,
            "book_valuer_per_share_4q_avg": 18.18,
            "equity": 46278398,
            "current_ratio": 70.44,
            "debt_ratio": 50.9,
            "inventory_turnover_ratio": 0.87,
            "account_receivable_turnover_ratio": 1.3,
            "reinvestment_rate": null,
            "research_to_sale_ratio": 0.63,
            "price_fair": 3.48,
            "eps_avg_yearly": 1.16,
            "eps_latest_yearly": 1.16,
            "eps_growth_yearly": -176.92
        },
        "20162": {
            "year_quarter": 20162,
            "year": 2016,
            "quarter": 2,
            "eps": -0.24,
            "eps_growth_year": null,
            "eps_4q": -1.49,
            "eps_4q_growth_year": -193216.91,
            "roe": -1.54,
            "roe_4q": -8.809999999999999,
            "gross_profit": 1376580,
            "gross_margin": 12.77,
            "gross_margin_4q_avg": 9.86,
            "net_income": -703149,
            "net_income_4q": null,
            "revenue": 10779232,
            "revenue_4q": null,
            "common_shares": 25080608,
            "book_valuer_per_share": 16.51,
            "book_valuer_per_share_4q_avg": 17.51,
            "equity": 44743118,
            "current_ratio": 71.22,
            "debt_ratio": 51.05,
            "inventory_turnover_ratio": 0.98,
            "account_receivable_turnover_ratio": 1.45,
            "reinvestment_rate": null,
            "research_to_sale_ratio": 0.62,
            "price_fair": 3.48,
            "eps_avg_yearly": 1.16,
            "eps_latest_yearly": 1.16,
            "eps_growth_yearly": -176.92
        },
        "20163": {
            "year_quarter": 20163,
            "year": 2016,
            "quarter": 3,
            "eps": -0.12,
            "eps_growth_year": null,
            "eps_4q": -0.89,
            "eps_4q_growth_year": null,
            "roe": -0.74,
            "roe_4q": -6.25,
            "gross_profit": 1523175,
            "gross_margin": 13.49,
            "gross_margin_4q_avg": 11.68,
            "net_income": -342932,
            "net_income_4q": null,
            "revenue": 11287030,
            "revenue_4q": null,
            "common_shares": 29080608,
            "book_valuer_per_share": 15.47,
            "book_valuer_per_share_4q_avg": 16.65,
            "equity": 48177758,
            "current_ratio": 83.57,
            "debt_ratio": 44.8,
            "inventory_turnover_ratio": 1.14,
            "account_receivable_turnover_ratio": 1.41,
            "reinvestment_rate": null,
            "research_to_sale_ratio": 0.76,
            "price_fair": 3.48,
            "eps_avg_yearly": 1.16,
            "eps_latest_yearly": 1.16,
            "eps_growth_yearly": -176.92
        },
        "20164": {
            "year_quarter": 20164,
            "year": 2016,
            "quarter": 4,
            "eps": -0.13,
            "eps_growth_year": null,
            "eps_4q": -0.56,
            "eps_4q_growth_year": null,
            "roe": -0.88,
            "roe_4q": -4.09,
            "gross_profit": 1950691,
            "gross_margin": 17.04,
            "gross_margin_4q_avg": 13.76,
            "net_income": -420090,
            "net_income_4q": null,
            "revenue": 11448542,
            "revenue_4q": null,
            "common_shares": 29080608,
            "book_valuer_per_share": 15.16,
            "book_valuer_per_share_4q_avg": 16.07,
            "equity": 47257325,
            "current_ratio": 94.67,
            "debt_ratio": 44.85,
            "inventory_turnover_ratio": 1.24,
            "account_receivable_turnover_ratio": 1.37,
            "reinvestment_rate": null,
            "research_to_sale_ratio": 1.1,
            "price_fair": 3.48,
            "eps_avg_yearly": 1.16,
            "eps_latest_yearly": 1.16,
            "eps_growth_yearly": -176.92
        },
        "20171": {
            "year_quarter": 20171,
            "year": 2017,
            "quarter": 1,
            "eps": 0,
            "eps_growth_year": null,
            "eps_4q": -0.44,
            "eps_4q_growth_year": null,
            "roe": -0.05,
            "roe_4q": -3.21,
            "gross_profit": 1562467,
            "gross_margin": 16.08,
            "gross_margin_4q_avg": 14.85,
            "net_income": -24857,
            "net_income_4q": null,
            "revenue": 9717784,
            "revenue_4q": null,
            "common_shares": 29080608,
            "book_valuer_per_share": 14.53,
            "book_valuer_per_share_4q_avg": 15.42,
            "equity": 45228492,
            "current_ratio": 92.36,
            "debt_ratio": 44.16,
            "inventory_turnover_ratio": 1.08,
            "account_receivable_turnover_ratio": 1.21,
            "reinvestment_rate": null,
            "research_to_sale_ratio": 0.78,
            "price_fair": 3.48,
            "eps_avg_yearly": 1.16,
            "eps_latest_yearly": 1.16,
            "eps_growth_yearly": -176.92
        },
        "20172": {
            "year_quarter": 20172,
            "year": 2017,
            "quarter": 2,
            "eps": 0.13,
            "eps_growth_year": null,
            "eps_4q": -0.1,
            "eps_4q_growth_year": null,
            "roe": 0.88,
            "roe_4q": -0.79,
            "gross_profit": 1664429,
            "gross_margin": 15.61,
            "gross_margin_4q_avg": 15.56,
            "net_income": 404801,
            "net_income_4q": null,
            "revenue": 10661220,
            "revenue_4q": null,
            "common_shares": 29080608,
            "book_valuer_per_share": 14.94,
            "book_valuer_per_share_4q_avg": 15.03,
            "equity": 46642469,
            "current_ratio": 99.88,
            "debt_ratio": 44.01,
            "inventory_turnover_ratio": 1.16,
            "account_receivable_turnover_ratio": 1.31,
            "reinvestment_rate": null,
            "research_to_sale_ratio": 0.72,
            "price_fair": 3.48,
            "eps_avg_yearly": 1.16,
            "eps_latest_yearly": 1.16,
            "eps_growth_yearly": -176.92
        },
        "20173": {
            "year_quarter": 20173,
            "year": 2017,
            "quarter": 3,
            "eps": 0.28,
            "eps_growth_year": null,
            "eps_4q": 0.29,
            "eps_4q_growth_year": null,
            "roe": 1.75,
            "roe_4q": 1.7000000000000002,
            "gross_profit": 2073127,
            "gross_margin": 17.4,
            "gross_margin_4q_avg": 16.53,
            "net_income": 831332,
            "net_income_4q": null,
            "revenue": 11911330,
            "revenue_4q": null,
            "common_shares": 29080608,
            "book_valuer_per_share": 15.41,
            "book_valuer_per_share_4q_avg": 15.01,
            "equity": 48348308,
            "current_ratio": 105.06,
            "debt_ratio": 42.44,
            "inventory_turnover_ratio": 1.27,
            "account_receivable_turnover_ratio": 1.33,
            "reinvestment_rate": null,
            "research_to_sale_ratio": 0.93,
            "price_fair": 39.9,
            "eps_avg_yearly": 1.14,
            "eps_latest_yearly": 1.12,
            "eps_growth_yearly": 142.31
        },
        "20174": {
            "year_quarter": 20174,
            "year": 2017,
            "quarter": 4,
            "eps": 0.32,
            "eps_growth_year": null,
            "eps_4q": 0.73,
            "eps_4q_growth_year": null,
            "roe": 1.97,
            "roe_4q": 4.55,
            "gross_profit": 2337980,
            "gross_margin": 18.59,
            "gross_margin_4q_avg": 16.92,
            "net_income": 964469,
            "net_income_4q": null,
            "revenue": 12579247,
            "revenue_4q": null,
            "common_shares": 29080608,
            "book_valuer_per_share": 15.83,
            "book_valuer_per_share_4q_avg": 15.18,
            "equity": 49613962,
            "current_ratio": 116.41,
            "debt_ratio": 40.95,
            "inventory_turnover_ratio": 1.36,
            "account_receivable_turnover_ratio": 1.32,
            "reinvestment_rate": null,
            "research_to_sale_ratio": 0.85,
            "price_fair": 41.53,
            "eps_avg_yearly": 1.19,
            "eps_latest_yearly": 1.28,
            "eps_growth_yearly": 113.92
        },
        "20181": {
            "year_quarter": 20181,
            "year": 2018,
            "quarter": 1,
            "eps": 0.26,
            "eps_growth_year": null,
            "eps_4q": 0.99,
            "eps_4q_growth_year": null,
            "roe": 1.6,
            "roe_4q": 6.2,
            "gross_profit": 2030635,
            "gross_margin": 18.47,
            "gross_margin_4q_avg": 17.52,
            "net_income": 807473,
            "net_income_4q": null,
            "revenue": 10995239,
            "revenue_4q": null,
            "common_shares": 29080608,
            "book_valuer_per_share": 16.37,
            "book_valuer_per_share_4q_avg": 15.64,
            "equity": 51340234,
            "current_ratio": 111.51,
            "debt_ratio": 39.54,
            "inventory_turnover_ratio": 1.13,
            "account_receivable_turnover_ratio": 1.17,
            "reinvestment_rate": null,
            "research_to_sale_ratio": 0.97,
            "price_fair": 40.25,
            "eps_avg_yearly": 1.15,
            "eps_latest_yearly": 1.04,
            "eps_growth_yearly": 66.69
        },
        "20182": {
            "year_quarter": 20182,
            "year": 2018,
            "quarter": 2,
            "eps": 0.13,
            "eps_growth_year": 0,
            "eps_4q": 0.98,
            "eps_4q_growth_year": null,
            "roe": 0.74,
            "roe_4q": 6.06,
            "gross_profit": 2167772,
            "gross_margin": 18.32,
            "gross_margin_4q_avg": 18.2,
            "net_income": 371834,
            "net_income_4q": null,
            "revenue": 11832756,
            "revenue_4q": null,
            "common_shares": 29080608,
            "book_valuer_per_share": 15.86,
            "book_valuer_per_share_4q_avg": 15.87,
            "equity": 49810926,
            "current_ratio": 108.32,
            "debt_ratio": 41.97,
            "inventory_turnover_ratio": 1.12,
            "account_receivable_turnover_ratio": 1.27,
            "reinvestment_rate": null,
            "research_to_sale_ratio": 0.94,
            "price_fair": 23.91,
            "eps_avg_yearly": 1.02,
            "eps_latest_yearly": 0.52,
            "eps_growth_yearly": 13.35
        },
        "20183": {
            "year_quarter": 20183,
            "year": 2018,
            "quarter": 3,
            "eps": -0.03,
            "eps_growth_year": -110.71,
            "eps_4q": 0.68,
            "eps_4q_growth_year": 135.87,
            "roe": -0.23,
            "roe_4q": 4.08,
            "gross_profit": 1738829,
            "gross_margin": 14.41,
            "gross_margin_4q_avg": 17.45,
            "net_income": -114046,
            "net_income_4q": null,
            "revenue": 12067176,
            "revenue_4q": null,
            "common_shares": 29080608,
            "book_valuer_per_share": 15.2,
            "book_valuer_per_share_4q_avg": 15.82,
            "equity": 47712793,
            "current_ratio": 106.75,
            "debt_ratio": 43.66,
            "inventory_turnover_ratio": 1.19,
            "account_receivable_turnover_ratio": 1.25,
            "reinvestment_rate": null,
            "research_to_sale_ratio": 0.96,
            "price_fair": 23.91,
            "eps_avg_yearly": 1.02,
            "eps_latest_yearly": 0.52,
            "eps_growth_yearly": 13.35
        },
        "20184": {
            "year_quarter": 20184,
            "year": 2018,
            "quarter": 4,
            "eps": 0.01,
            "eps_growth_year": -97.59,
            "eps_4q": 0.37,
            "eps_4q_growth_year": -49.79,
            "roe": -0.07,
            "roe_4q": 2.04,
            "gross_profit": 1399210,
            "gross_margin": 12.5,
            "gross_margin_4q_avg": 15.93,
            "net_income": -33281,
            "net_income_4q": null,
            "revenue": 11196323,
            "revenue_4q": null,
            "common_shares": 29080608,
            "book_valuer_per_share": 15.21,
            "book_valuer_per_share_4q_avg": 15.66,
            "equity": 47732365,
            "current_ratio": 112.79,
            "debt_ratio": 43.89,
            "inventory_turnover_ratio": 1.13,
            "account_receivable_turnover_ratio": 1.16,
            "reinvestment_rate": null,
            "research_to_sale_ratio": 0.81,
            "price_fair": 34.65,
            "eps_avg_yearly": 0.99,
            "eps_latest_yearly": 0.52,
            "eps_growth_yearly": 60.92
        },
        "20191": {
            "year_quarter": 20191,
            "year": 2019,
            "quarter": 1,
            "eps": -0.1,
            "eps_growth_year": -138.46,
            "eps_4q": 0,
            "eps_4q_growth_year": -99.63,
            "roe": -0.73,
            "roe_4q": -0.29000000000000004,
            "gross_profit": 739641,
            "gross_margin": 8.33,
            "gross_margin_4q_avg": 13.39,
            "net_income": -349113,
            "net_income_4q": null,
            "revenue": 8878501,
            "revenue_4q": null,
            "common_shares": 29080608,
            "book_valuer_per_share": 15.46,
            "book_valuer_per_share_4q_avg": 15.43,
            "equity": 48466715,
            "current_ratio": 117.82,
            "debt_ratio": 45.44,
            "inventory_turnover_ratio": 0.84,
            "account_receivable_turnover_ratio": 0.91,
            "reinvestment_rate": null,
            "research_to_sale_ratio": 1.01,
            "price_fair": 34.65,
            "eps_avg_yearly": 0.99,
            "eps_latest_yearly": 0.52,
            "eps_growth_yearly": 60.92
        },
        "20192": {
            "year_quarter": 20192,
            "year": 2019,
            "quarter": 2,
            "eps": -0.26,
            "eps_growth_year": -300,
            "eps_4q": -0.39,
            "eps_4q_growth_year": -139.44,
            "roe": -1.74,
            "roe_4q": -2.7699999999999996,
            "gross_profit": 594582,
            "gross_margin": 5.77,
            "gross_margin_4q_avg": 10.25,
            "net_income": -820871,
            "net_income_4q": null,
            "revenue": 10312119,
            "revenue_4q": null,
            "common_shares": 29080608,
            "book_valuer_per_share": 14.68,
            "book_valuer_per_share_4q_avg": 15.14,
            "equity": 46096665,
            "current_ratio": 111.95,
            "debt_ratio": 48.15,
            "inventory_turnover_ratio": 0.93,
            "account_receivable_turnover_ratio": 0.96,
            "reinvestment_rate": null,
            "research_to_sale_ratio": 0.98,
            "price_fair": 34.65,
            "eps_avg_yearly": 0.99,
            "eps_latest_yearly": 0.52,
            "eps_growth_yearly": 60.92
        },
        "20193": {
            "year_quarter": 20193,
            "year": 2019,
            "quarter": 3,
            "eps": -0.15,
            "eps_growth_year": null,
            "eps_4q": -0.5,
            "eps_4q_growth_year": -174.3,
            "roe": -1.05,
            "roe_4q": -3.59,
            "gross_profit": 863835,
            "gross_margin": 7.73,
            "gross_margin_4q_avg": 8.58,
            "net_income": -475523,
            "net_income_4q": null,
            "revenue": 11169942,
            "revenue_4q": null,
            "common_shares": 29080608,
            "book_valuer_per_share": 14.09,
            "book_valuer_per_share_4q_avg": 14.86,
            "equity": 44222415,
            "current_ratio": 106.17,
            "debt_ratio": 50.01,
            "inventory_turnover_ratio": 1.04,
            "account_receivable_turnover_ratio": 0.94,
            "reinvestment_rate": null,
            "research_to_sale_ratio": 0.84,
            "price_fair": 34.65,
            "eps_avg_yearly": 0.99,
            "eps_latest_yearly": 0.52,
            "eps_growth_yearly": 60.92
        },
        "20194": {
            "year_quarter": 20194,
            "year": 2019,
            "quarter": 4,
            "eps": 0.01,
            "eps_growth_year": 60.63,
            "eps_4q": -0.5,
            "eps_4q_growth_year": -235.84,
            "roe": 0.09,
            "roe_4q": -3.43,
            "gross_profit": 1226931,
            "gross_margin": 10.75,
            "gross_margin_4q_avg": 8.15,
            "net_income": 38729,
            "net_income_4q": null,
            "revenue": 11414945,
            "revenue_4q": null,
            "common_shares": 29080608,
            "book_valuer_per_share": 13.81,
            "book_valuer_per_share_4q_avg": 14.51,
            "equity": 43361211,
            "current_ratio": 104.59,
            "debt_ratio": 50.34,
            "inventory_turnover_ratio": 1.09,
            "account_receivable_turnover_ratio": 0.9,
            "reinvestment_rate": -14918.9,
            "research_to_sale_ratio": 0.81,
            "price_fair": 34.65,
            "eps_avg_yearly": 0.99,
            "eps_latest_yearly": 0.52,
            "eps_growth_yearly": 60.92
        },
        "20201": {
            "year_quarter": 20201,
            "year": 2020,
            "quarter": 1,
            "eps": -0.29,
            "eps_growth_year": null,
            "eps_4q": -0.69,
            "eps_4q_growth_year": -18989.73,
            "roe": -2.14,
            "roe_4q": -4.840000000000001,
            "gross_profit": 398065,
            "gross_margin": 5.66,
            "gross_margin_4q_avg": 7.48,
            "net_income": -915535,
            "net_income_4q": null,
            "revenue": 7038613,
            "revenue_4q": null,
            "common_shares": 29080608,
            "book_valuer_per_share": 13.39,
            "book_valuer_per_share_4q_avg": 13.99,
            "equity": 42033764,
            "current_ratio": 99.11,
            "debt_ratio": 49.86,
            "inventory_turnover_ratio": 0.67,
            "account_receivable_turnover_ratio": 0.6,
            "reinvestment_rate": null,
            "research_to_sale_ratio": 1.43,
            "price_fair": 34.65,
            "eps_avg_yearly": 0.99,
            "eps_latest_yearly": 0.52,
            "eps_growth_yearly": 60.92
        },
        "20202": {
            "year_quarter": 20202,
            "year": 2020,
            "quarter": 2,
            "eps": -0.11,
            "eps_growth_year": null,
            "eps_4q": -0.53,
            "eps_4q_growth_year": null,
            "roe": -0.94,
            "roe_4q": -4.04,
            "gross_profit": 895837,
            "gross_margin": 9.51,
            "gross_margin_4q_avg": 8.41,
            "net_income": -389219,
            "net_income_4q": null,
            "revenue": 9417551,
            "revenue_4q": null,
            "common_shares": 29080608,
            "book_valuer_per_share": 13.04,
            "book_valuer_per_share_4q_avg": 13.58,
            "equity": 40782413,
            "current_ratio": 101.43,
            "debt_ratio": 50.71,
            "inventory_turnover_ratio": 0.81,
            "account_receivable_turnover_ratio": 0.93,
            "reinvestment_rate": null,
            "research_to_sale_ratio": 1.11,
            "price_fair": 34.65,
            "eps_avg_yearly": 0.99,
            "eps_latest_yearly": 0.52,
            "eps_growth_yearly": 60.92
        },
        "20203": {
            "year_quarter": 20203,
            "year": 2020,
            "quarter": 3,
            "eps": 0.48,
            "eps_growth_year": null,
            "eps_4q": 0.09,
            "eps_4q_growth_year": null,
            "roe": 3.49,
            "roe_4q": 0.5000000000000001,
            "gross_profit": 2470461,
            "gross_margin": 20.42,
            "gross_margin_4q_avg": 11.59,
            "net_income": 1464908,
            "net_income_4q": null,
            "revenue": 12095504,
            "revenue_4q": null,
            "common_shares": 29080608,
            "book_valuer_per_share": 13.84,
            "book_valuer_per_share_4q_avg": 13.52,
            "equity": 43236358,
            "current_ratio": 114.58,
            "debt_ratio": 49.96,
            "inventory_turnover_ratio": 0.99,
            "account_receivable_turnover_ratio": 1.08,
            "reinvestment_rate": -624.79,
            "research_to_sale_ratio": 1.31,
            "price_fair": 34.65,
            "eps_avg_yearly": 0.99,
            "eps_latest_yearly": 0.52,
            "eps_growth_yearly": 60.92
        },
        "20204": {
            "year_quarter": 20204,
            "year": 2020,
            "quarter": 4,
            "eps": 0.77,
            "eps_growth_year": 6136.35,
            "eps_4q": 0.85,
            "eps_4q_growth_year": null,
            "roe": 5.11,
            "roe_4q": 5.520000000000001,
            "gross_profit": 3301479,
            "gross_margin": 24.72,
            "gross_margin_4q_avg": 15.08,
            "net_income": 2300395,
            "net_income_4q": null,
            "revenue": 13357003,
            "revenue_4q": null,
            "common_shares": 29080608,
            "book_valuer_per_share": 15.06,
            "book_valuer_per_share_4q_avg": 13.83,
            "equity": 46800197,
            "current_ratio": 118.13,
            "debt_ratio": 47.96,
            "inventory_turnover_ratio": 1.16,
            "account_receivable_turnover_ratio": 0.93,
            "reinvestment_rate": -179.81,
            "research_to_sale_ratio": 1.78,
            "price_fair": 49.28,
            "eps_avg_yearly": 1.41,
            "eps_latest_yearly": 3.08,
            "eps_growth_yearly": 97.07
        },
        "20211": {
            "year_quarter": 20211,
            "year": 2021,
            "quarter": 1,
            "eps": 0.61,
            "eps_growth_year": null,
            "eps_4q": 1.75,
            "eps_4q_growth_year": null,
            "roe": 3.97,
            "roe_4q": 11.63,
            "gross_profit": 3325315,
            "gross_margin": 28.57,
            "gross_margin_4q_avg": 20.81,
            "net_income": 1889337,
            "net_income_4q": null,
            "revenue": 11638644,
            "revenue_4q": null,
            "common_shares": 29080608,
            "book_valuer_per_share": 15.59,
            "book_valuer_per_share_4q_avg": 14.38,
            "equity": 48414537,
            "current_ratio": 120.77,
            "debt_ratio": 47.42,
            "inventory_turnover_ratio": 0.97,
            "account_receivable_turnover_ratio": 0.73,
            "reinvestment_rate": -91.42,
            "research_to_sale_ratio": 1.28,
            "price_fair": 55.3,
            "eps_avg_yearly": 1.58,
            "eps_latest_yearly": 2.44,
            "eps_growth_yearly": 67.04
        },
        "20212": {
            "year_quarter": 20212,
            "year": 2021,
            "quarter": 2,
            "eps": 1.04,
            "eps_growth_year": null,
            "eps_4q": 2.9,
            "eps_4q_growth_year": null,
            "roe": 6.39,
            "roe_4q": 18.96,
            "gross_profit": 4981837,
            "gross_margin": 32.96,
            "gross_margin_4q_avg": 26.67,
            "net_income": 3185724,
            "net_income_4q": null,
            "revenue": 15113944,
            "revenue_4q": null,
            "common_shares": 29080608,
            "book_valuer_per_share": 16.56,
            "book_valuer_per_share_4q_avg": 15.26,
            "equity": 51370545,
            "current_ratio": 128.69,
            "debt_ratio": 45.83,
            "inventory_turnover_ratio": 1.15,
            "account_receivable_turnover_ratio": 0.92,
            "reinvestment_rate": -70.59,
            "research_to_sale_ratio": 1.18,
            "price_fair": 68.2,
            "eps_avg_yearly": 1.95,
            "eps_latest_yearly": 4.16,
            "eps_growth_yearly": 97.74
        },
        "20213": {
            "year_quarter": 20213,
            "year": 2021,
            "quarter": 3,
            "eps": 1.22,
            "eps_growth_year": 154.17,
            "eps_4q": 3.64,
            "eps_4q_growth_year": 3743.32,
            "roe": 7.24,
            "roe_4q": 22.709999999999997,
            "gross_profit": 5529233,
            "gross_margin": 35.81,
            "gross_margin_4q_avg": 30.52,
            "net_income": 3790904,
            "net_income_4q": null,
            "revenue": 15441021,
            "revenue_4q": null,
            "common_shares": 29080608,
            "book_valuer_per_share": 17.18,
            "book_valuer_per_share_4q_avg": 16.1,
            "equity": 53417112,
            "current_ratio": 136.19,
            "debt_ratio": 46.12,
            "inventory_turnover_ratio": 1.12,
            "account_receivable_turnover_ratio": 0.88,
            "reinvestment_rate": -58.6,
            "research_to_sale_ratio": 1.29,
            "price_fair": 87,
            "eps_avg_yearly": 2.49,
            "eps_latest_yearly": 4.88,
            "eps_growth_yearly": 41.7
        },
        "20214": {
            "year_quarter": 20214,
            "year": 2021,
            "quarter": 4,
            "eps": 1.07,
            "eps_growth_year": 40.05,
            "eps_4q": 3.95,
            "eps_4q_growth_year": 364.92,
            "roe": 6.05,
            "roe_4q": 23.65,
            "gross_profit": 3862897,
            "gross_margin": 27.85,
            "gross_margin_4q_avg": 31.3,
            "net_income": 3365274,
            "net_income_4q": null,
            "revenue": 13872128,
            "revenue_4q": null,
            "common_shares": 29080608,
            "book_valuer_per_share": 18.58,
            "book_valuer_per_share_4q_avg": 16.98,
            "equity": 57774495,
            "current_ratio": 169.26,
            "debt_ratio": 41.91,
            "inventory_turnover_ratio": 1.04,
            "account_receivable_turnover_ratio": 0.79,
            "reinvestment_rate": -42.73,
            "research_to_sale_ratio": 4.35,
            "price_fair": 102,
            "eps_avg_yearly": 2.91,
            "eps_latest_yearly": 4.28,
            "eps_growth_yearly": 26.51
        },
        "20221": {
            "year_quarter": 20221,
            "year": 2022,
            "quarter": 1,
            "eps": 0.39,
            "eps_growth_year": -36.07,
            "eps_4q": 3.73,
            "eps_4q_growth_year": 112.71,
            "roe": 2,
            "roe_4q": 21.68,
            "gross_profit": 2362935,
            "gross_margin": 20.71,
            "gross_margin_4q_avg": 29.33,
            "net_income": 1189341,
            "net_income_4q": null,
            "revenue": 11411925,
            "revenue_4q": null,
            "common_shares": 29080608,
            "book_valuer_per_share": 19.69,
            "book_valuer_per_share_4q_avg": 18,
            "equity": 61190065,
            "current_ratio": 192.96,
            "debt_ratio": 40.36,
            "inventory_turnover_ratio": 0.78,
            "account_receivable_turnover_ratio": 0.72,
            "reinvestment_rate": -30.66,
            "research_to_sale_ratio": 1.91,
            "price_fair": 29.89,
            "eps_avg_yearly": 2.99,
            "eps_latest_yearly": 1.56,
            "eps_growth_yearly": 0.91
        },
        "20222": {
            "year_quarter": 20222,
            "year": 2022,
            "quarter": 2,
            "eps": 0.21,
            "eps_growth_year": -79.81,
            "eps_4q": 2.9,
            "eps_4q_growth_year": 0.07,
            "roe": 1.1,
            "roe_4q": 16.39,
            "gross_profit": 1777700,
            "gross_margin": 14.87,
            "gross_margin_4q_avg": 24.81,
            "net_income": 636187,
            "net_income_4q": null,
            "revenue": 11958261,
            "revenue_4q": null,
            "common_shares": 29080608,
            "book_valuer_per_share": 17.66,
            "book_valuer_per_share_4q_avg": 18.28,
            "equity": 54895431,
            "current_ratio": 150.4,
            "debt_ratio": 46.28,
            "inventory_turnover_ratio": 0.75,
            "account_receivable_turnover_ratio": 0.84,
            "reinvestment_rate": -26.95,
            "research_to_sale_ratio": 2.09,
            "price_fair": 39.77,
            "eps_avg_yearly": 3.03,
            "eps_latest_yearly": 0.84,
            "eps_growth_yearly": 3.11
        },
        "20223": {
            "year_quarter": 20223,
            "year": 2022,
            "quarter": 3,
            "eps": -0.51,
            "eps_growth_year": -141.8,
            "eps_4q": 1.16,
            "eps_4q_growth_year": -68.06,
            "roe": -3,
            "roe_4q": 6.15,
            "gross_profit": 327695,
            "gross_margin": 3.11,
            "gross_margin_4q_avg": 16.64,
            "net_income": -1623933,
            "net_income_4q": null,
            "revenue": 10530358,
            "revenue_4q": null,
            "common_shares": 29080608,
            "book_valuer_per_share": 17.23,
            "book_valuer_per_share_4q_avg": 18.29,
            "equity": 53406547,
            "current_ratio": 148.14,
            "debt_ratio": 47.78,
            "inventory_turnover_ratio": 0.71,
            "account_receivable_turnover_ratio": 0.86,
            "reinvestment_rate": -44.36,
            "research_to_sale_ratio": 2.73,
            "price_fair": 39.77,
            "eps_avg_yearly": 3.03,
            "eps_latest_yearly": 0.84,
            "eps_growth_yearly": 3.11
        },
        "20224": {
            "year_quarter": 20224,
            "year": 2022,
            "quarter": 4,
            "eps": -0.34,
            "eps_growth_year": -131.36,
            "eps_4q": -0.25,
            "eps_4q_growth_year": -106.28,
            "roe": -1.95,
            "roe_4q": -1.85,
            "gross_profit": 40173,
            "gross_margin": 0.35,
            "gross_margin_4q_avg": 9.76,
            "net_income": -1024469,
            "net_income_4q": null,
            "revenue": 11387424,
            "revenue_4q": null,
            "common_shares": 29080608,
            "book_valuer_per_share": 16.66,
            "book_valuer_per_share_4q_avg": 17.81,
            "equity": 51661051,
            "current_ratio": 127.48,
            "debt_ratio": 44.47,
            "inventory_turnover_ratio": 0.8,
            "account_receivable_turnover_ratio": 0.99,
            "reinvestment_rate": -50.83,
            "research_to_sale_ratio": 2.42,
            "price_fair": 39.77,
            "eps_avg_yearly": 3.03,
            "eps_latest_yearly": 0.84,
            "eps_growth_yearly": 3.11
        },
        "20231": {
            "year_quarter": 20231,
            "year": 2023,
            "quarter": 1,
            "eps": -0.29,
            "eps_growth_year": -174.36,
            "eps_4q": -0.93,
            "eps_4q_growth_year": -125.07,
            "roe": -1.75,
            "roe_4q": -5.6,
            "gross_profit": -69343,
            "gross_margin": -0.71,
            "gross_margin_4q_avg": 4.41,
            "net_income": -899270,
            "net_income_4q": null,
            "revenue": 9769638,
            "revenue_4q": null,
            "common_shares": 29080608,
            "book_valuer_per_share": 16.46,
            "book_valuer_per_share_4q_avg": 17,
            "equity": 51063335,
            "current_ratio": 119.2,
            "debt_ratio": 44.5,
            "inventory_turnover_ratio": 0.71,
            "account_receivable_turnover_ratio": 0.82,
            "reinvestment_rate": -57.38,
            "research_to_sale_ratio": 1.96,
            "price_fair": 39.77,
            "eps_avg_yearly": 3.03,
            "eps_latest_yearly": 0.84,
            "eps_growth_yearly": 3.11
        },
        "20232": {
            "year_quarter": 20232,
            "year": 2023,
            "quarter": 2,
            "eps": 0,
            "eps_growth_year": -100,
            "eps_4q": -1.15,
            "eps_4q_growth_year": -139.64,
            "roe": -0.04,
            "roe_4q": -6.74,
            "gross_profit": 1259009,
            "gross_margin": 11.04,
            "gross_margin_4q_avg": 3.45,
            "net_income": -18342,
            "net_income_4q": null,
            "revenue": 11405510,
            "revenue_4q": null,
            "common_shares": 29080608,
            "book_valuer_per_share": 15.96,
            "book_valuer_per_share_4q_avg": 16.58,
            "equity": 49513459,
            "current_ratio": 115.95,
            "debt_ratio": 45.16,
            "inventory_turnover_ratio": 0.76,
            "account_receivable_turnover_ratio": 0.94,
            "reinvestment_rate": -51.4,
            "research_to_sale_ratio": 1.96,
            "price_fair": 39.77,
            "eps_avg_yearly": 3.03,
            "eps_latest_yearly": 0.84,
            "eps_growth_yearly": 3.11
        },
        "20233": {
            "year_quarter": 20233,
            "year": 2023,
            "quarter": 3,
            "eps": 0.11,
            "eps_growth_year": null,
            "eps_4q": -0.53,
            "eps_4q_growth_year": -145.35,
            "roe": 0.64,
            "roe_4q": -3.0999999999999996,
            "gross_profit": 1606220,
            "gross_margin": 12.93,
            "gross_margin_4q_avg": 5.9,
            "net_income": 326809,
            "net_income_4q": null,
            "revenue": 12419347,
            "revenue_4q": null,
            "common_shares": 29080608,
            "book_valuer_per_share": 16.74,
            "book_valuer_per_share_4q_avg": 16.46,
            "equity": 51908707,
            "current_ratio": 115.28,
            "debt_ratio": 44.24,
            "inventory_turnover_ratio": 0.87,
            "account_receivable_turnover_ratio": 0.96,
            "reinvestment_rate": -24.22,
            "research_to_sale_ratio": 2.32,
            "price_fair": 39.77,
            "eps_avg_yearly": 3.03,
            "eps_latest_yearly": 0.84,
            "eps_growth_yearly": 3.11
        }
    },
    "months": {
        "2001-06": {
            "month": "2001-06",
            "price": "22.90",
            "revenue": 800092
        },
        "2001-07": {
            "month": "2001-07",
            "price": "20.67",
            "revenue": 762758
        },
        "2001-08": {
            "month": "2001-08",
            "price": "20.00",
            "revenue": 859460
        },
        "2001-09": {
            "month": "2001-09",
            "price": "19.39",
            "revenue": 862168
        },
        "2001-10": {
            "month": "2001-10",
            "price": "19.49",
            "revenue": 975618
        },
        "2001-11": {
            "month": "2001-11",
            "price": "20.38",
            "revenue": 909415
        },
        "2001-12": {
            "month": "2001-12",
            "price": "22.03",
            "revenue": 811986
        },
        "2002-01": {
            "month": "2002-01",
            "price": "21.53",
            "revenue": 1027060
        },
        "2002-02": {
            "month": "2002-02",
            "price": "20.68",
            "revenue": 785789
        },
        "2002-03": {
            "month": "2002-03",
            "price": "22.58",
            "revenue": 1191398
        },
        "2002-04": {
            "month": "2002-04",
            "price": "26.44",
            "revenue": 1179855
        },
        "2002-05": {
            "month": "2002-05",
            "price": "26.18",
            "revenue": 1139395
        },
        "2002-06": {
            "month": "2002-06",
            "price": "26.18",
            "revenue": 1017619
        },
        "2002-07": {
            "month": "2002-07",
            "price": "23.63",
            "revenue": 915929
        },
        "2002-08": {
            "month": "2002-08",
            "price": "23.00",
            "revenue": 961276
        },
        "2002-09": {
            "month": "2002-09",
            "price": "20.65",
            "revenue": 920306
        },
        "2002-10": {
            "month": "2002-10",
            "price": "19.19",
            "revenue": 1010052
        },
        "2002-11": {
            "month": "2002-11",
            "price": "21.11",
            "revenue": 956552
        },
        "2002-12": {
            "month": "2002-12",
            "price": "24.24",
            "revenue": 972387
        },
        "2003-01": {
            "month": "2003-01",
            "price": "26.70",
            "revenue": 1116660
        },
        "2003-02": {
            "month": "2003-02",
            "price": "23.97",
            "revenue": 871908
        },
        "2003-03": {
            "month": "2003-03",
            "price": "22.96",
            "revenue": 1064132
        },
        "2003-04": {
            "month": "2003-04",
            "price": "23.04",
            "revenue": 1079641
        },
        "2003-05": {
            "month": "2003-05",
            "price": "21.36",
            "revenue": 1043072
        },
        "2003-06": {
            "month": "2003-06",
            "price": "23.06",
            "revenue": 994304
        },
        "2003-07": {
            "month": "2003-07",
            "price": "22.95",
            "revenue": 1058098
        },
        "2003-08": {
            "month": "2003-08",
            "price": "22.70",
            "revenue": 1116251
        },
        "2003-09": {
            "month": "2003-09",
            "price": "23.00",
            "revenue": 1058946
        },
        "2003-10": {
            "month": "2003-10",
            "price": "24.38",
            "revenue": 1207861
        },
        "2003-11": {
            "month": "2003-11",
            "price": "26.05",
            "revenue": 1075772
        },
        "2003-12": {
            "month": "2003-12",
            "price": "25.03",
            "revenue": 1130598
        },
        "2004-01": {
            "month": "2004-01",
            "price": "27.53",
            "revenue": 1071690
        },
        "2004-02": {
            "month": "2004-02",
            "price": "29.14",
            "revenue": 1077839
        },
        "2004-03": {
            "month": "2004-03",
            "price": "29.91",
            "revenue": 1197461
        },
        "2004-04": {
            "month": "2004-04",
            "price": "29.58",
            "revenue": 1199241
        },
        "2004-05": {
            "month": "2004-05",
            "price": "26.37",
            "revenue": 1230151
        },
        "2004-06": {
            "month": "2004-06",
            "price": "26.52",
            "revenue": 1310168
        },
        "2004-07": {
            "month": "2004-07",
            "price": "26.56",
            "revenue": 1327413
        },
        "2004-08": {
            "month": "2004-08",
            "price": "27.30",
            "revenue": 1316657
        },
        "2004-09": {
            "month": "2004-09",
            "price": "29.60",
            "revenue": 1398268
        },
        "2004-10": {
            "month": "2004-10",
            "price": "30.58",
            "revenue": 1426337
        },
        "2004-11": {
            "month": "2004-11",
            "price": "29.50",
            "revenue": 1380150
        },
        "2004-12": {
            "month": "2004-12",
            "price": "29.46",
            "revenue": 1380219
        },
        "2005-01": {
            "month": "2005-01",
            "price": "29.30",
            "revenue": 1292252
        },
        "2005-02": {
            "month": "2005-02",
            "price": "29.09",
            "revenue": 926969
        },
        "2005-03": {
            "month": "2005-03",
            "price": "30.04",
            "revenue": 1317037
        },
        "2005-04": {
            "month": "2005-04",
            "price": "28.77",
            "revenue": 1244015
        },
        "2005-05": {
            "month": "2005-05",
            "price": "29.51",
            "revenue": 1225906
        },
        "2005-06": {
            "month": "2005-06",
            "price": "29.08",
            "revenue": 1098789
        },
        "2005-07": {
            "month": "2005-07",
            "price": "27.98",
            "revenue": 1102219
        },
        "2005-08": {
            "month": "2005-08",
            "price": "27.12",
            "revenue": 1150223
        },
        "2005-09": {
            "month": "2005-09",
            "price": "25.45",
            "revenue": 1180295
        },
        "2005-10": {
            "month": "2005-10",
            "price": "24.68",
            "revenue": 1345346
        },
        "2005-11": {
            "month": "2005-11",
            "price": "25.31",
            "revenue": 1289170
        },
        "2005-12": {
            "month": "2005-12",
            "price": "25.66",
            "revenue": 1239012
        },
        "2006-01": {
            "month": "2006-01",
            "price": "27.20",
            "revenue": 1195395
        },
        "2006-02": {
            "month": "2006-02",
            "price": "26.27",
            "revenue": 942970
        },
        "2006-03": {
            "month": "2006-03",
            "price": "25.08",
            "revenue": 1275461
        },
        "2006-04": {
            "month": "2006-04",
            "price": "26.24",
            "revenue": 1132437
        },
        "2006-05": {
            "month": "2006-05",
            "price": "26.79",
            "revenue": 1248846
        },
        "2006-06": {
            "month": "2006-06",
            "price": "24.84",
            "revenue": 1309040
        },
        "2006-07": {
            "month": "2006-07",
            "price": "23.22",
            "revenue": 1247642
        },
        "2006-08": {
            "month": "2006-08",
            "price": "22.51",
            "revenue": 1267195
        },
        "2006-09": {
            "month": "2006-09",
            "price": "23.05",
            "revenue": 1237906
        },
        "2006-10": {
            "month": "2006-10",
            "price": "24.64",
            "revenue": 1193024
        },
        "2006-11": {
            "month": "2006-11",
            "price": "24.98",
            "revenue": 1191319
        },
        "2006-12": {
            "month": "2006-12",
            "price": "27.30",
            "revenue": 1142363
        },
        "2007-01": {
            "month": "2007-01",
            "price": "27.78",
            "revenue": 1265575
        },
        "2007-02": {
            "month": "2007-02",
            "price": "27.44",
            "revenue": 866789
        },
        "2007-03": {
            "month": "2007-03",
            "price": "26.48",
            "revenue": 1422005
        },
        "2007-04": {
            "month": "2007-04",
            "price": "28.28",
            "revenue": 1299798
        },
        "2007-05": {
            "month": "2007-05",
            "price": "29.72",
            "revenue": 1342270
        },
        "2007-06": {
            "month": "2007-06",
            "price": "29.73",
            "revenue": 1318827
        },
        "2007-07": {
            "month": "2007-07",
            "price": "31.38",
            "revenue": 1406078
        },
        "2007-08": {
            "month": "2007-08",
            "price": "28.53",
            "revenue": 1543922
        },
        "2007-09": {
            "month": "2007-09",
            "price": "31.56",
            "revenue": 1249519
        },
        "2007-10": {
            "month": "2007-10",
            "price": "40.53",
            "revenue": 1405460
        },
        "2007-11": {
            "month": "2007-11",
            "price": "38.12",
            "revenue": 1207830
        },
        "2007-12": {
            "month": "2007-12",
            "price": "33.10",
            "revenue": 1225825
        },
        "2008-01": {
            "month": "2008-01",
            "price": "35.24",
            "revenue": 1327532
        },
        "2008-02": {
            "month": "2008-02",
            "price": "35.48",
            "revenue": 1069734
        },
        "2008-03": {
            "month": "2008-03",
            "price": "37.21",
            "revenue": 1490167
        },
        "2008-04": {
            "month": "2008-04",
            "price": "37.60",
            "revenue": 1319730
        },
        "2008-05": {
            "month": "2008-05",
            "price": "36.65",
            "revenue": 1429141
        },
        "2008-06": {
            "month": "2008-06",
            "price": "33.68",
            "revenue": 1320788
        },
        "2008-07": {
            "month": "2008-07",
            "price": "27.93",
            "revenue": 1326776
        },
        "2008-08": {
            "month": "2008-08",
            "price": "24.50",
            "revenue": 1216141
        },
        "2008-09": {
            "month": "2008-09",
            "price": "20.15",
            "revenue": 1137418
        },
        "2008-10": {
            "month": "2008-10",
            "price": "15.63",
            "revenue": 1178073
        },
        "2008-11": {
            "month": "2008-11",
            "price": "17.66",
            "revenue": 822188
        },
        "2008-12": {
            "month": "2008-12",
            "price": "19.09",
            "revenue": 833631
        },
        "2009-01": {
            "month": "2009-01",
            "price": "17.47",
            "revenue": 643660
        },
        "2009-02": {
            "month": "2009-02",
            "price": "16.36",
            "revenue": 817453
        },
        "2009-03": {
            "month": "2009-03",
            "price": "17.80",
            "revenue": 954506
        },
        "2009-04": {
            "month": "2009-04",
            "price": "21.06",
            "revenue": 917469
        },
        "2009-05": {
            "month": "2009-05",
            "price": "22.84",
            "revenue": 879092
        },
        "2009-06": {
            "month": "2009-06",
            "price": "21.26",
            "revenue": 1034433
        },
        "2009-07": {
            "month": "2009-07",
            "price": "22.08",
            "revenue": 1058662
        },
        "2009-08": {
            "month": "2009-08",
            "price": "21.46",
            "revenue": 1207704
        },
        "2009-09": {
            "month": "2009-09",
            "price": "23.78",
            "revenue": 1049630
        },
        "2009-10": {
            "month": "2009-10",
            "price": "26.40",
            "revenue": 1140232
        },
        "2009-11": {
            "month": "2009-11",
            "price": "26.01",
            "revenue": 996253
        },
        "2009-12": {
            "month": "2009-12",
            "price": "25.66",
            "revenue": 1286195
        },
        "2010-01": {
            "month": "2010-01",
            "price": "28.00",
            "revenue": 1368041
        },
        "2010-02": {
            "month": "2010-02",
            "price": "27.19",
            "revenue": 1046591
        },
        "2010-03": {
            "month": "2010-03",
            "price": "30.81",
            "revenue": 1547544
        },
        "2010-04": {
            "month": "2010-04",
            "price": "32.15",
            "revenue": 1402801
        },
        "2010-05": {
            "month": "2010-05",
            "price": "28.94",
            "revenue": 1451103
        },
        "2010-06": {
            "month": "2010-06",
            "price": "29.53",
            "revenue": 1452783
        },
        "2010-07": {
            "month": "2010-07",
            "price": "30.20",
            "revenue": 1307646
        },
        "2010-08": {
            "month": "2010-08",
            "price": "32.38",
            "revenue": 1375437
        },
        "2010-09": {
            "month": "2010-09",
            "price": "31.74",
            "revenue": 1266728
        },
        "2010-10": {
            "month": "2010-10",
            "price": "36.05",
            "revenue": 1078044
        },
        "2010-11": {
            "month": "2010-11",
            "price": "36.77",
            "revenue": 1133101
        },
        "2010-12": {
            "month": "2010-12",
            "price": "36.62",
            "revenue": 1364105
        },
        "2011-01": {
            "month": "2011-01",
            "price": "38.85",
            "revenue": 1234291
        },
        "2011-02": {
            "month": "2011-02",
            "price": "36.61",
            "revenue": 965561
        },
        "2011-03": {
            "month": "2011-03",
            "price": "36.86",
            "revenue": 1370588
        },
        "2011-04": {
            "month": "2011-04",
            "price": "42.48",
            "revenue": 1418903
        },
        "2011-05": {
            "month": "2011-05",
            "price": "48.79",
            "revenue": 1246529
        },
        "2011-06": {
            "month": "2011-06",
            "price": "46.88",
            "revenue": 1244646
        },
        "2011-07": {
            "month": "2011-07",
            "price": "46.86",
            "revenue": 1278456
        },
        "2011-08": {
            "month": "2011-08",
            "price": "37.91",
            "revenue": 1222859
        },
        "2011-09": {
            "month": "2011-09",
            "price": "36.63",
            "revenue": 1148625
        },
        "2011-10": {
            "month": "2011-10",
            "price": "36.87",
            "revenue": 1014643
        },
        "2011-11": {
            "month": "2011-11",
            "price": "33.08",
            "revenue": 1016926
        },
        "2011-12": {
            "month": "2011-12",
            "price": "29.92",
            "revenue": 1074201
        },
        "2012-01": {
            "month": "2012-01",
            "price": "31.58",
            "revenue": 937263
        },
        "2012-02": {
            "month": "2012-02",
            "price": "34.87",
            "revenue": 1045124
        },
        "2012-03": {
            "month": "2012-03",
            "price": "35.51",
            "revenue": 1232716
        },
        "2012-04": {
            "month": "2012-04",
            "price": "30.98",
            "revenue": 1239351
        },
        "2012-05": {
            "month": "2012-05",
            "price": "28.61",
            "revenue": 1282158
        },
        "2012-06": {
            "month": "2012-06",
            "price": "25.50",
            "revenue": 1099625
        },
        "2012-07": {
            "month": "2012-07",
            "price": "27.62",
            "revenue": 1001137
        },
        "2012-08": {
            "month": "2012-08",
            "price": "28.64",
            "revenue": 1053263
        },
        "2012-09": {
            "month": "2012-09",
            "price": "29.32",
            "revenue": 1084014
        },
        "2012-10": {
            "month": "2012-10",
            "price": "28.20",
            "revenue": 1125732
        },
        "2012-11": {
            "month": "2012-11",
            "price": "26.10",
            "revenue": 1088346
        },
        "2012-12": {
            "month": "2012-12",
            "price": "28.77",
            "revenue": 1055337
        },
        "2013-01": {
            "month": "2013-01",
            "price": "29.73",
            "revenue": 2885672
        },
        "2013-02": {
            "month": "2013-02",
            "price": "29.02",
            "revenue": 1933138
        },
        "2013-03": {
            "month": "2013-03",
            "price": "27.95",
            "revenue": 2964693
        },
        "2013-04": {
            "month": "2013-04",
            "price": "27.84",
            "revenue": 2917176
        },
        "2013-05": {
            "month": "2013-05",
            "price": "29.62",
            "revenue": 2975715
        },
        "2013-06": {
            "month": "2013-06",
            "price": "27.84",
            "revenue": 2688451
        },
        "2013-07": {
            "month": "2013-07",
            "price": "27.77",
            "revenue": 2968464
        },
        "2013-08": {
            "month": "2013-08",
            "price": "27.04",
            "revenue": 3367669
        },
        "2013-09": {
            "month": "2013-09",
            "price": "29.76",
            "revenue": 3480263
        },
        "2013-10": {
            "month": "2013-10",
            "price": "30.17",
            "revenue": 3658201
        },
        "2013-11": {
            "month": "2013-11",
            "price": "29.60",
            "revenue": 3654242
        },
        "2013-12": {
            "month": "2013-12",
            "price": "31.52",
            "revenue": 3718438
        },
        "2014-01": {
            "month": "2014-01",
            "price": "32.14",
            "revenue": 3056439
        },
        "2014-02": {
            "month": "2014-02",
            "price": "29.23",
            "revenue": 2609207
        },
        "2014-03": {
            "month": "2014-03",
            "price": "28.51",
            "revenue": 3465700
        },
        "2014-04": {
            "month": "2014-04",
            "price": "28.65",
            "revenue": 3467175
        },
        "2014-05": {
            "month": "2014-05",
            "price": "26.96",
            "revenue": 3776698
        },
        "2014-06": {
            "month": "2014-06",
            "price": "25.82",
            "revenue": 3624211
        },
        "2014-07": {
            "month": "2014-07",
            "price": "25.62",
            "revenue": 3644730
        },
        "2014-08": {
            "month": "2014-08",
            "price": "25.42",
            "revenue": 3574200
        },
        "2014-09": {
            "month": "2014-09",
            "price": "25.53",
            "revenue": 3612775
        },
        "2014-10": {
            "month": "2014-10",
            "price": "22.94",
            "revenue": 3635622
        },
        "2014-11": {
            "month": "2014-11",
            "price": "23.41",
            "revenue": 3514205
        },
        "2014-12": {
            "month": "2014-12",
            "price": "23.10",
            "revenue": 3766531
        },
        "2015-01": {
            "month": "2015-01",
            "price": "23.37",
            "revenue": 3647383
        },
        "2015-02": {
            "month": "2015-02",
            "price": "23.32",
            "revenue": 1999054
        },
        "2015-03": {
            "month": "2015-03",
            "price": "22.63",
            "revenue": 3393482
        },
        "2015-04": {
            "month": "2015-04",
            "price": "22.16",
            "revenue": 3427661
        },
        "2015-05": {
            "month": "2015-05",
            "price": "20.10",
            "revenue": 3322038
        },
        "2015-06": {
            "month": "2015-06",
            "price": "15.85",
            "revenue": 3293549
        },
        "2015-07": {
            "month": "2015-07",
            "price": "14.31",
            "revenue": 3589671
        },
        "2015-08": {
            "month": "2015-08",
            "price": "13.36",
            "revenue": 3450116
        },
        "2015-09": {
            "month": "2015-09",
            "price": "12.60",
            "revenue": 3599170
        },
        "2015-10": {
            "month": "2015-10",
            "price": "12.83",
            "revenue": 3816704
        },
        "2015-11": {
            "month": "2015-11",
            "price": "12.78",
            "revenue": 3785276
        },
        "2015-12": {
            "month": "2015-12",
            "price": "12.11",
            "revenue": 4125260
        },
        "2016-01": {
            "month": "2016-01",
            "price": "11.76",
            "revenue": 3491851
        },
        "2016-02": {
            "month": "2016-02",
            "price": "12.36",
            "revenue": 2270783
        },
        "2016-03": {
            "month": "2016-03",
            "price": "14.25",
            "revenue": 3788897
        },
        "2016-04": {
            "month": "2016-04",
            "price": "13.78",
            "revenue": 3542376
        },
        "2016-05": {
            "month": "2016-05",
            "price": "13.36",
            "revenue": 3669059
        },
        "2016-06": {
            "month": "2016-06",
            "price": "13.62",
            "revenue": 3537211
        },
        "2016-07": {
            "month": "2016-07",
            "price": "13.89",
            "revenue": 3658485
        },
        "2016-08": {
            "month": "2016-08",
            "price": "13.27",
            "revenue": 4122106
        },
        "2016-09": {
            "month": "2016-09",
            "price": "14.63",
            "revenue": 3642584
        },
        "2016-10": {
            "month": "2016-10",
            "price": "13.97",
            "revenue": 3727379
        },
        "2016-11": {
            "month": "2016-11",
            "price": "13.39",
            "revenue": 3861969
        },
        "2016-12": {
            "month": "2016-12",
            "price": "13.35",
            "revenue": 3915177
        },
        "2017-01": {
            "month": "2017-01",
            "price": "13.07",
            "revenue": 2888450
        },
        "2017-02": {
            "month": "2017-02",
            "price": "14.75",
            "revenue": 3165036
        },
        "2017-03": {
            "month": "2017-03",
            "price": "17.20",
            "revenue": 3640683
        },
        "2017-04": {
            "month": "2017-04",
            "price": "15.84",
            "revenue": 3602240
        },
        "2017-05": {
            "month": "2017-05",
            "price": "14.56",
            "revenue": 3442255
        },
        "2017-06": {
            "month": "2017-06",
            "price": "14.26",
            "revenue": 3681408
        },
        "2017-07": {
            "month": "2017-07",
            "price": "15.23",
            "revenue": 3768774
        },
        "2017-08": {
            "month": "2017-08",
            "price": "16.09",
            "revenue": 4052383
        },
        "2017-09": {
            "month": "2017-09",
            "price": "15.88",
            "revenue": 4120449
        },
        "2017-10": {
            "month": "2017-10",
            "price": "15.53",
            "revenue": 4128933
        },
        "2017-11": {
            "month": "2017-11",
            "price": "16.29",
            "revenue": 4173851
        },
        "2017-12": {
            "month": "2017-12",
            "price": "19.45",
            "revenue": 4268204
        },
        "2018-01": {
            "month": "2018-01",
            "price": "21.26",
            "revenue": 4099031
        },
        "2018-02": {
            "month": "2018-02",
            "price": "17.87",
            "revenue": 2487543
        },
        "2018-03": {
            "month": "2018-03",
            "price": "17.48",
            "revenue": 4428735
        },
        "2018-04": {
            "month": "2018-04",
            "price": "19.29",
            "revenue": 3887949
        },
        "2018-05": {
            "month": "2018-05",
            "price": "18.77",
            "revenue": 4029010
        },
        "2018-06": {
            "month": "2018-06",
            "price": "17.52",
            "revenue": 3882606
        },
        "2018-07": {
            "month": "2018-07",
            "price": "16.30",
            "revenue": 4008581
        },
        "2018-08": {
            "month": "2018-08",
            "price": "16.43",
            "revenue": 4229827
        },
        "2018-09": {
            "month": "2018-09",
            "price": "16.03",
            "revenue": 3855597
        },
        "2018-10": {
            "month": "2018-10",
            "price": "14.29",
            "revenue": 3730564
        },
        "2018-11": {
            "month": "2018-11",
            "price": "13.59",
            "revenue": 3848060
        },
        "2018-12": {
            "month": "2018-12",
            "price": "13.41",
            "revenue": 3629790
        },
        "2019-01": {
            "month": "2019-01",
            "price": "13.05",
            "revenue": 3427816
        },
        "2019-02": {
            "month": "2019-02",
            "price": "13.34",
            "revenue": 1997383
        },
        "2019-03": {
            "month": "2019-03",
            "price": "13.63",
            "revenue": 3462972
        },
        "2019-04": {
            "month": "2019-04",
            "price": "12.72",
            "revenue": 3319249
        },
        "2019-05": {
            "month": "2019-05",
            "price": "12.08",
            "revenue": 3550696
        },
        "2019-06": {
            "month": "2019-06",
            "price": "12.06",
            "revenue": 3430702
        },
        "2019-07": {
            "month": "2019-07",
            "price": "12.32",
            "revenue": 3694355
        },
        "2019-08": {
            "month": "2019-08",
            "price": "11.77",
            "revenue": 3588814
        },
        "2019-09": {
            "month": "2019-09",
            "price": "11.92",
            "revenue": 3894574
        },
        "2019-10": {
            "month": "2019-10",
            "price": "11.66",
            "revenue": 3760060
        },
        "2019-11": {
            "month": "2019-11",
            "price": "11.54",
            "revenue": 3710004
        },
        "2019-12": {
            "month": "2019-12",
            "price": "11.50",
            "revenue": 3950424
        },
        "2020-01": {
            "month": "2020-01",
            "price": "11.20",
            "revenue": 2328821
        },
        "2020-02": {
            "month": "2020-02",
            "price": "10.22",
            "revenue": 1676285
        },
        "2020-03": {
            "month": "2020-03",
            "price": "8.33",
            "revenue": 3035110
        },
        "2020-04": {
            "month": "2020-04",
            "price": "8.35",
            "revenue": 2954287
        },
        "2020-05": {
            "month": "2020-05",
            "price": "8.78",
            "revenue": 3149379
        },
        "2020-06": {
            "month": "2020-06",
            "price": "9.96",
            "revenue": 3325435
        },
        "2020-07": {
            "month": "2020-07",
            "price": "10.05",
            "revenue": 3692449
        },
        "2020-08": {
            "month": "2020-08",
            "price": "10.74",
            "revenue": 4173931
        },
        "2020-09": {
            "month": "2020-09",
            "price": "12.59",
            "revenue": 4199290
        },
        "2020-10": {
            "month": "2020-10",
            "price": "12.74",
            "revenue": 4127169
        },
        "2020-11": {
            "month": "2020-11",
            "price": "14.78",
            "revenue": 4513047
        },
        "2020-12": {
            "month": "2020-12",
            "price": "18.17",
            "revenue": 4751198
        },
        "2021-01": {
            "month": "2021-01",
            "price": "17.90",
            "revenue": 3996314
        },
        "2021-02": {
            "month": "2021-02",
            "price": "18.12",
            "revenue": 2779777
        },
        "2021-03": {
            "month": "2021-03",
            "price": "19.63",
            "revenue": 4894198
        },
        "2021-04": {
            "month": "2021-04",
            "price": "25.57",
            "revenue": 4954460
        },
        "2021-05": {
            "month": "2021-05",
            "price": "31.62",
            "revenue": 5151765
        },
        "2021-06": {
            "month": "2021-06",
            "price": "34.22",
            "revenue": 4975212
        },
        "2021-07": {
            "month": "2021-07",
            "price": "40.84",
            "revenue": 5311638
        },
        "2021-08": {
            "month": "2021-08",
            "price": "36.12",
            "revenue": 5287484
        },
        "2021-09": {
            "month": "2021-09",
            "price": "32.55",
            "revenue": 4842494
        },
        "2021-10": {
            "month": "2021-10",
            "price": "27.62",
            "revenue": 4560703
        },
        "2021-11": {
            "month": "2021-11",
            "price": "27.33",
            "revenue": 4465225
        },
        "2021-12": {
            "month": "2021-12",
            "price": "26.40",
            "revenue": 4821058
        },
        "2022-01": {
            "month": "2022-01",
            "price": "25.09",
            "revenue": 3691631
        },
        "2022-02": {
            "month": "2022-02",
            "price": "23.29",
            "revenue": 3931754
        },
        "2022-03": {
            "month": "2022-03",
            "price": "24.54",
            "revenue": 3792957
        },
        "2022-04": {
            "month": "2022-04",
            "price": "23.67",
            "revenue": 3924970
        },
        "2022-05": {
            "month": "2022-05",
            "price": "21.44",
            "revenue": 4208954
        },
        "2022-06": {
            "month": "2022-06",
            "price": "20.80",
            "revenue": 3821102
        },
        "2022-07": {
            "month": "2022-07",
            "price": "17.48",
            "revenue": 3741733
        },
        "2022-08": {
            "month": "2022-08",
            "price": "17.65",
            "revenue": 3734242
        },
        "2022-09": {
            "month": "2022-09",
            "price": "16.91",
            "revenue": 3637433
        },
        "2022-10": {
            "month": "2022-10",
            "price": "19.02",
            "revenue": 3731740
        },
        "2022-11": {
            "month": "2022-11",
            "price": "22.87",
            "revenue": 3765420
        },
        "2022-12": {
            "month": "2022-12",
            "price": "23.07",
            "revenue": 3892925
        },
        "2023-01": {
            "month": "2023-01",
            "price": "22.27",
            "revenue": 2659893
        },
        "2023-02": {
            "month": "2023-02",
            "price": "23.20",
            "revenue": 3073737
        },
        "2023-03": {
            "month": "2023-03",
            "price": "21.19",
            "revenue": 4035920
        },
        "2023-04": {
            "month": "2023-04",
            "price": "20.44",
            "revenue": 4031061
        },
        "2023-05": {
            "month": "2023-05",
            "price": "18.86",
            "revenue": 3774315
        },
        "2023-06": {
            "month": "2023-06",
            "price": "18.97",
            "revenue": 3615133
        },
        "2023-07": {
            "month": "2023-07",
            "price": "18.42",
            "revenue": 3924827
        },
        "2023-08": {
            "month": "2023-08",
            "price": "20.04",
            "revenue": 4373319
        },
        "2023-09": {
            "month": "2023-09",
            "price": "19.78",
            "revenue": 4106296
        },
        "2023-10": {
            "month": "2023-10",
            "price": "18.65",
            "revenue": 4125566
        },
        "2023-11": {
            "month": "2023-11",
            "price": "18.98",
            "revenue": 3995801
        },
        "2023-12": {
            "month": "2023-12",
            "price": "18.86",
            "revenue": 3903173
        }
    }
}
