{
    "summary": {
        "stock_name": "寶徠",
        "stock_id": "1805",
        "category": "建材營造",
        "main_business": "委託營造廠商興建國民住宅及商業大樓出租出售業務。",
        "website_url": "https://blgroup.com.tw/",
        "ceo": "林瑞山",
        "pe_ratio": -10,
        "report_year_from": 2001,
        "report_year_to": 2023,
        "age": 22,
        "eps_negative_percentage": 74,
        "eps_growth_avg": {
            "last_all": -14.58,
            "last_2y": null,
            "last_4y": null,
            "last_8y": -31.9,
            "last_12y": 2.51,
            "last_16y": -14.58,
            "last_20y": -14.58,
            "at_2006_last_3y": null,
            "at_2007_last_3y": null,
            "at_2008_last_3y": -100,
            "at_2009_last_3y": -100,
            "at_2010_last_3y": -100,
            "at_2011_last_3y": -100,
            "at_2012_last_3y": 12.07,
            "at_2013_last_3y": 54.11,
            "at_2014_last_3y": 4.18,
            "at_2015_last_3y": 28.13,
            "at_2016_last_3y": 0.12,
            "at_2017_last_3y": -31.9,
            "at_2018_last_3y": 0,
            "at_2019_last_3y": -100,
            "at_2020_last_3y": null,
            "at_2021_last_3y": null,
            "at_2022_last_3y": null,
            "at_2023_last_3y": null,
            "at_2006_last_all": null,
            "at_2007_last_all": null,
            "at_2008_last_all": -100,
            "at_2009_last_all": -100,
            "at_2010_last_all": -100,
            "at_2011_last_all": -100,
            "at_2012_last_all": -43.97,
            "at_2013_last_all": 2.74,
            "at_2014_last_all": -21.87,
            "at_2015_last_all": 2.51,
            "at_2016_last_all": -14.58,
            "at_2017_last_all": -14.58,
            "at_2018_last_all": -14.58,
            "at_2019_last_all": -14.58,
            "at_2020_last_all": -14.58,
            "at_2021_last_all": -14.58,
            "at_2022_last_all": -14.58,
            "at_2023_last_all": -14.58
        },
        "latest_eps": -1.04,
        "latest_price": 10,
        "latest_roe": -18.94,
        "latest_gross_margin": -3.86,
        "latest_equity": 523647,
        "latest_revenue": 1709,
        "latest_gross_profit": -66,
        "latest_net_income": -30656,
        "latest_debt_ratio": 63.48,
        "latest_current_ratio": 214.38,
        "latest_account_receivable_turnover_ratio": 0.49,
        "latest_inventory_turnover_ratio": 0,
        "latest_reinvestment_rate": null,
        "latest_research_to_sale_ratio": null
    },
    "eps_dividends": {
        "1991": {
            "cash": 1,
            "stock": 1,
            "eps": 0
        },
        "1992": {
            "cash": 0,
            "stock": 1,
            "eps": 0
        },
        "1993": {
            "cash": 0,
            "stock": 1,
            "eps": 0
        },
        "1994": {
            "cash": 0,
            "stock": 3.2,
            "eps": 0
        },
        "1995": {
            "cash": 0,
            "stock": 6,
            "eps": 0
        },
        "2001": {
            "cash": 0,
            "stock": 0,
            "eps": -1.19
        },
        "2002": {
            "cash": 0,
            "stock": 0,
            "eps": -2.09
        },
        "2003": {
            "cash": 0,
            "stock": 0,
            "eps": -0.81
        },
        "2004": {
            "cash": 0,
            "stock": 0,
            "eps": -5.79
        },
        "2005": {
            "cash": 0,
            "stock": 0,
            "eps": -0.35
        },
        "2006": {
            "cash": 0,
            "stock": 0,
            "eps": -0.38
        },
        "2007": {
            "cash": 0,
            "stock": 0,
            "eps": 0.64
        },
        "2008": {
            "cash": 0,
            "stock": 0,
            "eps": -2.64
        },
        "2009": {
            "cash": 0,
            "stock": 0,
            "eps": -1.39
        },
        "2010": {
            "cash": 0,
            "stock": 0,
            "eps": -1.52
        },
        "2011": {
            "cash": 0,
            "stock": 0,
            "eps": 1.16
        },
        "2012": {
            "cash": 0,
            "stock": 0,
            "eps": 1.3
        },
        "2013": {
            "cash": 0,
            "stock": 0,
            "eps": 2.55
        },
        "2014": {
            "cash": 0,
            "stock": 0,
            "eps": 0.11
        },
        "2015": {
            "cash": 0,
            "stock": 0,
            "eps": 1.42
        },
        "2016": {
            "cash": 0.5,
            "stock": 0,
            "eps": -1.39
        },
        "2017": {
            "cash": 0,
            "stock": 0,
            "eps": -0.03
        },
        "2018": {
            "cash": 0,
            "stock": 0,
            "eps": -1.17
        },
        "2019": {
            "cash": 0,
            "stock": 0,
            "eps": -0.87
        },
        "2020": {
            "cash": 0,
            "stock": 0,
            "eps": -0.62
        },
        "2021": {
            "cash": 0,
            "stock": 0,
            "eps": -0.33
        },
        "2022": {
            "cash": 0,
            "stock": 0,
            "eps": -0.94
        },
        "2023": {
            "cash": 0,
            "stock": 0,
            "eps": -0.31
        }
    },
    "dividends": {
        "1991-04-17": {
            "cash": 1,
            "stock": 1
        },
        "1992-06-09": {
            "cash": 0,
            "stock": 1
        },
        "1993-06-14": {
            "cash": 0,
            "stock": 1
        },
        "1994-10-18": {
            "cash": 0,
            "stock": 3.2
        },
        "1995-04-17": {
            "cash": 0,
            "stock": 6
        },
        "2016-08-18": {
            "cash": 0.5,
            "stock": 0
        }
    },
    "prices": {
        "200101": "2.36",
        "200102": "2.55",
        "200103": "2.42",
        "200104": "2.29",
        "200105": "1.95",
        "200106": "1.64",
        "200107": "1.31",
        "200108": "1.49",
        "200109": "1.47",
        "200110": "1.06",
        "200111": "2.28",
        "200112": "2.91",
        "200201": "2.79",
        "200202": "4.06",
        "200203": "4.06",
        "200204": "4.21",
        "200205": "3.03",
        "200206": "3.68",
        "200207": "3.69",
        "200208": "3.50",
        "200209": "2.83",
        "200210": "2.35",
        "200211": "2.47",
        "200212": "2.49",
        "200301": "2.92",
        "200302": "2.58",
        "200303": "2.32",
        "200304": "2.18",
        "200305": "1.73",
        "200306": "1.82",
        "200307": "0.97",
        "200308": "0.96",
        "200309": "0.69",
        "200310": "0.90",
        "200311": "0.99",
        "200312": "0.92",
        "200401": "1.01",
        "200402": "1.97",
        "200403": "1.88",
        "200404": "1.79",
        "200405": "1.29",
        "200406": "1.13",
        "200407": "1.10",
        "200408": "1.00",
        "200409": "1.00",
        "200410": "1.03",
        "200411": "0.98",
        "200412": "1.07",
        "200501": "1.54",
        "200502": "1.66",
        "200503": "1.59",
        "200504": "1.37",
        "200505": "1.11",
        "200506": "1.43",
        "200507": "1.62",
        "200508": "1.43",
        "200509": "1.15",
        "200510": "1.05",
        "200511": "1.04",
        "200512": "0.98",
        "200601": "1.02",
        "200602": "1.05",
        "200603": "1.05",
        "200604": "0.94",
        "200605": "1.42",
        "200606": "1.77",
        "200607": "1.58",
        "200608": "1.40",
        "200609": "1.47",
        "200610": "1.65",
        "200611": "1.77",
        "200612": "11.12",
        "200701": "13.46",
        "200702": "11.00",
        "200703": "11.38",
        "200704": "11.92",
        "200705": "10.39",
        "200706": "10.22",
        "200707": "10.99",
        "200708": "12.66",
        "200709": "12.03",
        "200710": "10.08",
        "200711": "9.36",
        "200712": "9.64",
        "200801": "9.51",
        "200802": "8.81",
        "200803": "9.24",
        "200804": "9.04",
        "200805": "8.57",
        "200806": "8.77",
        "200807": "8.53",
        "200808": "7.56",
        "200809": "7.15",
        "200810": "5.96",
        "200811": "3.96",
        "200812": "3.69",
        "200901": "4.27",
        "200902": "4.54",
        "200903": "4.25",
        "200904": "4.37",
        "200905": "4.48",
        "200906": "4.01",
        "200907": "3.72",
        "200908": "6.35",
        "200909": "6.83",
        "200910": "7.99",
        "200911": "6.98",
        "200912": "7.07",
        "201001": "7.14",
        "201002": "6.99",
        "201003": "6.89",
        "201004": "6.24",
        "201005": "5.48",
        "201006": "5.25",
        "201007": "5.77",
        "201008": "10.59",
        "201009": "10.84",
        "201010": "11.63",
        "201011": "10.55",
        "201012": "10.67",
        "201101": "16.01",
        "201102": "16.76",
        "201103": "16.16",
        "201104": "16.06",
        "201105": "15.18",
        "201106": "12.56",
        "201107": "13.15",
        "201108": "15.82",
        "201109": "16.63",
        "201110": "14.58",
        "201111": "14.50",
        "201112": "13.85",
        "201201": "14.02",
        "201202": "14.89",
        "201203": "16.83",
        "201204": "16.65",
        "201205": "17.42",
        "201206": "15.84",
        "201207": "14.14",
        "201208": "14.28",
        "201209": "16.74",
        "201210": "16.02",
        "201211": "15.11",
        "201212": "13.97",
        "201301": "12.62",
        "201302": "12.77",
        "201303": "13.84",
        "201304": "13.75",
        "201305": "15.12",
        "201306": "14.93",
        "201307": "15.12",
        "201308": "15.14",
        "201309": "14.80",
        "201310": "14.49",
        "201311": "15.66",
        "201312": "15.41",
        "201401": "15.25",
        "201402": "14.92",
        "201403": "14.22",
        "201404": "12.84",
        "201405": "12.57",
        "201406": "13.10",
        "201407": "12.32",
        "201408": "11.37",
        "201409": "11.44",
        "201410": "11.40",
        "201411": "11.16",
        "201412": "10.80",
        "201501": "10.07",
        "201502": "9.55",
        "201503": "9.16",
        "201504": "8.88",
        "201505": "7.86",
        "201506": "8.08",
        "201507": "7.95",
        "201508": "7.94",
        "201509": "8.08",
        "201510": "7.87",
        "201511": "7.52",
        "201512": "7.01",
        "201601": "6.22",
        "201602": "6.68",
        "201603": "6.85",
        "201604": "6.99",
        "201605": "6.76",
        "201606": "6.53",
        "201607": "6.21",
        "201608": "5.92",
        "201609": "5.73",
        "201610": "5.55",
        "201611": "5.71",
        "201612": "5.56",
        "201701": "5.59",
        "201702": "6.75",
        "201703": "8.19",
        "201704": "12.32",
        "201705": "12.98",
        "201706": "12.22",
        "201707": "11.48",
        "201708": "11.18",
        "201709": "13.05",
        "201710": "13.77",
        "201711": "13.18",
        "201712": "13.29",
        "201801": "13.05",
        "201802": "12.53",
        "201803": "11.77",
        "201804": "11.80",
        "201805": "13.82",
        "201806": "14.18",
        "201807": "13.01",
        "201808": "12.19",
        "201809": "11.37",
        "201810": "9.97",
        "201811": "9.29",
        "201812": "9.28",
        "201901": "9.52",
        "201902": "11.70",
        "201903": "10.28",
        "201904": "9.95",
        "201905": "9.61",
        "201906": "9.89",
        "201907": "9.90",
        "201908": "9.68",
        "201909": "9.24",
        "201910": "8.92",
        "201911": "9.00",
        "201912": "8.97",
        "202001": "9.12",
        "202002": "9.42",
        "202003": "9.01",
        "202004": "8.37",
        "202005": "8.24",
        "202006": "9.33",
        "202007": "9.59",
        "202008": "9.21",
        "202009": "9.57",
        "202010": "10.24",
        "202011": "10.02",
        "202012": "10.03",
        "202101": "11.21",
        "202102": "13.30",
        "202103": "15.90",
        "202104": "16.04",
        "202105": "13.85",
        "202106": "13.54",
        "202107": "13.42",
        "202108": "14.13",
        "202109": "14.27",
        "202110": "13.96",
        "202111": "13.77",
        "202112": "14.12",
        "202201": "13.97",
        "202202": "13.63",
        "202203": "13.75",
        "202204": "13.32",
        "202205": "12.16",
        "202206": "11.58",
        "202207": "11.50",
        "202208": "12.04",
        "202209": "11.74",
        "202210": "11.01",
        "202211": "10.92",
        "202212": "10.70",
        "202301": "10.12",
        "202302": "10.34",
        "202303": "10.43",
        "202304": "10.17",
        "202305": "10.04",
        "202306": "9.96"
    },
    "quarters": {
        "20011": {
            "year_quarter": 20011,
            "year": 2001,
            "quarter": 1,
            "eps": -0.26,
            "eps_growth_year": null,
            "eps_4q": -1.66,
            "eps_4q_growth_year": null,
            "roe": -4.86,
            "roe_4q": -4.86,
            "gross_profit": -404,
            "gross_margin": -0.23,
            "gross_margin_4q_avg": -0.23,
            "net_income": -91085,
            "revenue": 173417,
            "common_shares": 3500000,
            "book_valuer_per_share": 5.24,
            "book_valuer_per_share_4q_avg": 5.24,
            "equity": 1833161,
            "current_ratio": 101.62,
            "debt_ratio": 39.28,
            "inventory_turnover_ratio": 0.74,
            "account_receivable_turnover_ratio": null,
            "reinvestment_rate": null,
            "research_to_sale_ratio": null,
            "price_fair": 0,
            "eps_avg_yearly": 0,
            "eps_latest_yearly": 0,
            "eps_growth_yearly": 0
        },
        "20012": {
            "year_quarter": 20012,
            "year": 2001,
            "quarter": 2,
            "eps": -0.12,
            "eps_growth_year": null,
            "eps_4q": -1.14,
            "eps_4q_growth_year": null,
            "roe": -2.39,
            "roe_4q": -7.25,
            "gross_profit": 13530,
            "gross_margin": 7.72,
            "gross_margin_4q_avg": 3.75,
            "net_income": -43304,
            "revenue": 175186,
            "common_shares": 3500000,
            "book_valuer_per_share": 5.13,
            "book_valuer_per_share_4q_avg": 5.19,
            "equity": 1795351,
            "current_ratio": 98.96,
            "debt_ratio": 40.36,
            "inventory_turnover_ratio": 0.71,
            "account_receivable_turnover_ratio": null,
            "reinvestment_rate": null,
            "research_to_sale_ratio": null,
            "price_fair": 0,
            "eps_avg_yearly": 0,
            "eps_latest_yearly": 0,
            "eps_growth_yearly": 0
        },
        "20013": {
            "year_quarter": 20013,
            "year": 2001,
            "quarter": 3,
            "eps": -0.36,
            "eps_growth_year": null,
            "eps_4q": -1.89,
            "eps_4q_growth_year": null,
            "roe": -3.6,
            "roe_4q": -10.850000000000001,
            "gross_profit": 15519,
            "gross_margin": 10.04,
            "gross_margin_4q_avg": 5.84,
            "net_income": -63659,
            "revenue": 154649,
            "common_shares": 1750000,
            "book_valuer_per_share": 9.94,
            "book_valuer_per_share_4q_avg": 6.77,
            "equity": 1738659,
            "current_ratio": 97.25,
            "debt_ratio": 39.8,
            "inventory_turnover_ratio": 0.66,
            "account_receivable_turnover_ratio": null,
            "reinvestment_rate": null,
            "research_to_sale_ratio": null,
            "price_fair": 0,
            "eps_avg_yearly": 0,
            "eps_latest_yearly": 0,
            "eps_growth_yearly": 0
        },
        "20014": {
            "year_quarter": 20014,
            "year": 2001,
            "quarter": 4,
            "eps": -0.45,
            "eps_growth_year": null,
            "eps_4q": -1.58,
            "eps_4q_growth_year": null,
            "roe": -4.63,
            "roe_4q": -15.48,
            "gross_profit": 23914,
            "gross_margin": 16.85,
            "gross_margin_4q_avg": 8.6,
            "net_income": -78357,
            "revenue": 141941,
            "common_shares": 1750000,
            "book_valuer_per_share": 9.42,
            "book_valuer_per_share_4q_avg": 7.43,
            "equity": 1647752,
            "current_ratio": 95.56,
            "debt_ratio": 39.47,
            "inventory_turnover_ratio": 0.64,
            "account_receivable_turnover_ratio": null,
            "reinvestment_rate": null,
            "research_to_sale_ratio": null,
            "price_fair": 0,
            "eps_avg_yearly": 0,
            "eps_latest_yearly": 0,
            "eps_growth_yearly": 0
        },
        "20021": {
            "year_quarter": 20021,
            "year": 2002,
            "quarter": 1,
            "eps": -0.46,
            "eps_growth_year": null,
            "eps_4q": -1.52,
            "eps_4q_growth_year": null,
            "roe": -4.98,
            "roe_4q": -15.6,
            "gross_profit": -7400,
            "gross_margin": -12.14,
            "gross_margin_4q_avg": 5.62,
            "net_income": -80127,
            "revenue": 60961,
            "common_shares": 1750000,
            "book_valuer_per_share": 8.96,
            "book_valuer_per_share_4q_avg": 8.36,
            "equity": 1568016,
            "current_ratio": 89.69,
            "debt_ratio": 39.95,
            "inventory_turnover_ratio": 0.43,
            "account_receivable_turnover_ratio": null,
            "reinvestment_rate": null,
            "research_to_sale_ratio": null,
            "price_fair": 0,
            "eps_avg_yearly": 0,
            "eps_latest_yearly": 0,
            "eps_growth_yearly": 0
        },
        "20022": {
            "year_quarter": 20022,
            "year": 2002,
            "quarter": 2,
            "eps": -0.07,
            "eps_growth_year": null,
            "eps_4q": -1.34,
            "eps_4q_growth_year": null,
            "roe": -0.74,
            "roe_4q": -13.950000000000001,
            "gross_profit": -2805,
            "gross_margin": -10.88,
            "gross_margin_4q_avg": 0.97,
            "net_income": -11589,
            "revenue": 25785,
            "common_shares": 1750000,
            "book_valuer_per_share": 8.93,
            "book_valuer_per_share_4q_avg": 9.31,
            "equity": 1562978,
            "current_ratio": 84.48,
            "debt_ratio": 39.35,
            "inventory_turnover_ratio": 0.21,
            "account_receivable_turnover_ratio": null,
            "reinvestment_rate": null,
            "research_to_sale_ratio": null,
            "price_fair": 0,
            "eps_avg_yearly": 0,
            "eps_latest_yearly": 0,
            "eps_growth_yearly": 0
        },
        "20023": {
            "year_quarter": 20023,
            "year": 2002,
            "quarter": 3,
            "eps": -1.37,
            "eps_growth_year": null,
            "eps_4q": -2.34,
            "eps_4q_growth_year": null,
            "roe": -16.58,
            "roe_4q": -26.929999999999996,
            "gross_profit": -7718,
            "gross_margin": -231.42,
            "gross_margin_4q_avg": -59.4,
            "net_income": -239921,
            "revenue": 3335,
            "common_shares": 1750000,
            "book_valuer_per_share": 7.6,
            "book_valuer_per_share_4q_avg": 8.73,
            "equity": 1330656,
            "current_ratio": 67.52,
            "debt_ratio": 46.92,
            "inventory_turnover_ratio": 0.09,
            "account_receivable_turnover_ratio": null,
            "reinvestment_rate": null,
            "research_to_sale_ratio": null,
            "price_fair": 0,
            "eps_avg_yearly": 0,
            "eps_latest_yearly": 0,
            "eps_growth_yearly": 0
        },
        "20024": {
            "year_quarter": 20024,
            "year": 2002,
            "quarter": 4,
            "eps": -0.19,
            "eps_growth_year": null,
            "eps_4q": -2.09,
            "eps_4q_growth_year": null,
            "roe": -2.57,
            "roe_4q": -24.869999999999997,
            "gross_profit": -1201,
            "gross_margin": -6.36,
            "gross_margin_4q_avg": -65.2,
            "net_income": -33562,
            "revenue": 18871,
            "common_shares": 1750000,
            "book_valuer_per_share": 7.32,
            "book_valuer_per_share_4q_avg": 8.2,
            "equity": 1280592,
            "current_ratio": 59.6,
            "debt_ratio": 44.17,
            "inventory_turnover_ratio": 0.19,
            "account_receivable_turnover_ratio": null,
            "reinvestment_rate": null,
            "research_to_sale_ratio": null,
            "price_fair": 0,
            "eps_avg_yearly": 0,
            "eps_latest_yearly": 0,
            "eps_growth_yearly": 0
        },
        "20031": {
            "year_quarter": 20031,
            "year": 2003,
            "quarter": 1,
            "eps": -0.14,
            "eps_growth_year": null,
            "eps_4q": -1.81,
            "eps_4q_growth_year": null,
            "roe": -1.86,
            "roe_4q": -21.749999999999996,
            "gross_profit": -1044,
            "gross_margin": -55.33,
            "gross_margin_4q_avg": -76,
            "net_income": -23863,
            "revenue": 1887,
            "common_shares": 1750000,
            "book_valuer_per_share": 7.32,
            "book_valuer_per_share_4q_avg": 7.79,
            "equity": 1280958,
            "current_ratio": 57.65,
            "debt_ratio": 43.43,
            "inventory_turnover_ratio": 0.03,
            "account_receivable_turnover_ratio": null,
            "reinvestment_rate": null,
            "research_to_sale_ratio": null,
            "price_fair": 0,
            "eps_avg_yearly": 0,
            "eps_latest_yearly": 0,
            "eps_growth_yearly": 0
        },
        "20032": {
            "year_quarter": 20032,
            "year": 2003,
            "quarter": 2,
            "eps": -0.31,
            "eps_growth_year": null,
            "eps_4q": -2.01,
            "eps_4q_growth_year": null,
            "roe": -4.35,
            "roe_4q": -25.36,
            "gross_profit": 140,
            "gross_margin": 26.57,
            "gross_margin_4q_avg": -66.64,
            "net_income": -54523,
            "revenue": 527,
            "common_shares": 1750000,
            "book_valuer_per_share": 7,
            "book_valuer_per_share_4q_avg": 7.31,
            "equity": 1225800,
            "current_ratio": 21.07,
            "debt_ratio": 41.43,
            "inventory_turnover_ratio": 0.01,
            "account_receivable_turnover_ratio": null,
            "reinvestment_rate": null,
            "research_to_sale_ratio": null,
            "price_fair": 0,
            "eps_avg_yearly": 0,
            "eps_latest_yearly": 0,
            "eps_growth_yearly": 0
        },
        "20033": {
            "year_quarter": 20033,
            "year": 2003,
            "quarter": 3,
            "eps": -0.19,
            "eps_growth_year": null,
            "eps_4q": -0.83,
            "eps_4q_growth_year": null,
            "roe": -2.75,
            "roe_4q": -11.53,
            "gross_profit": 1198,
            "gross_margin": 4.01,
            "gross_margin_4q_avg": -7.78,
            "net_income": -33271,
            "revenue": 29904,
            "common_shares": 1750000,
            "book_valuer_per_share": 6.84,
            "book_valuer_per_share_4q_avg": 7.12,
            "equity": 1196217,
            "current_ratio": 17.72,
            "debt_ratio": 42.29,
            "inventory_turnover_ratio": 0.55,
            "account_receivable_turnover_ratio": null,
            "reinvestment_rate": null,
            "research_to_sale_ratio": null,
            "price_fair": 0,
            "eps_avg_yearly": 0,
            "eps_latest_yearly": 0,
            "eps_growth_yearly": 0
        },
        "20034": {
            "year_quarter": 20034,
            "year": 2003,
            "quarter": 4,
            "eps": -0.17,
            "eps_growth_year": null,
            "eps_4q": -0.8,
            "eps_4q_growth_year": null,
            "roe": -2.47,
            "roe_4q": -11.43,
            "gross_profit": 11128,
            "gross_margin": 30.12,
            "gross_margin_4q_avg": 1.34,
            "net_income": -28967,
            "revenue": 36949,
            "common_shares": 1750000,
            "book_valuer_per_share": 6.57,
            "book_valuer_per_share_4q_avg": 6.93,
            "equity": 1149244,
            "current_ratio": 45.25,
            "debt_ratio": 46.99,
            "inventory_turnover_ratio": 0.64,
            "account_receivable_turnover_ratio": null,
            "reinvestment_rate": null,
            "research_to_sale_ratio": null,
            "price_fair": 0,
            "eps_avg_yearly": 0,
            "eps_latest_yearly": 0,
            "eps_growth_yearly": 0
        },
        "20041": {
            "year_quarter": 20041,
            "year": 2004,
            "quarter": 1,
            "eps": -0.05,
            "eps_growth_year": null,
            "eps_4q": -0.78,
            "eps_4q_growth_year": null,
            "roe": -0.7,
            "roe_4q": -10.27,
            "gross_profit": 1127,
            "gross_margin": 17.49,
            "gross_margin_4q_avg": 19.55,
            "net_income": -7960,
            "revenue": 6445,
            "common_shares": 1750000,
            "book_valuer_per_share": 6.52,
            "book_valuer_per_share_4q_avg": 6.73,
            "equity": 1141284,
            "current_ratio": 40.94,
            "debt_ratio": 46.9,
            "inventory_turnover_ratio": 0.16,
            "account_receivable_turnover_ratio": null,
            "reinvestment_rate": null,
            "research_to_sale_ratio": null,
            "price_fair": 0,
            "eps_avg_yearly": 0,
            "eps_latest_yearly": 0,
            "eps_growth_yearly": 0
        },
        "20042": {
            "year_quarter": 20042,
            "year": 2004,
            "quarter": 2,
            "eps": -1.15,
            "eps_growth_year": null,
            "eps_4q": -1.53,
            "eps_4q_growth_year": null,
            "roe": -19.03,
            "roe_4q": -24.95,
            "gross_profit": 532,
            "gross_margin": 45.51,
            "gross_margin_4q_avg": 24.28,
            "net_income": -198007,
            "revenue": 1169,
            "common_shares": 1750000,
            "book_valuer_per_share": 5.37,
            "book_valuer_per_share_4q_avg": 6.33,
            "equity": 940024,
            "current_ratio": 31.22,
            "debt_ratio": 54.46,
            "inventory_turnover_ratio": 0.03,
            "account_receivable_turnover_ratio": null,
            "reinvestment_rate": null,
            "research_to_sale_ratio": null,
            "price_fair": 0,
            "eps_avg_yearly": 0,
            "eps_latest_yearly": 0,
            "eps_growth_yearly": 0
        },
        "20043": {
            "year_quarter": 20043,
            "year": 2004,
            "quarter": 3,
            "eps": -0.27,
            "eps_growth_year": null,
            "eps_4q": -1.6,
            "eps_4q_growth_year": null,
            "roe": -4.99,
            "roe_4q": -27.19,
            "gross_profit": 240,
            "gross_margin": 51.17,
            "gross_margin_4q_avg": 36.07,
            "net_income": -45769,
            "revenue": 469,
            "common_shares": 1750000,
            "book_valuer_per_share": 5.11,
            "book_valuer_per_share_4q_avg": 5.89,
            "equity": 894845,
            "current_ratio": 28.52,
            "debt_ratio": 55.84,
            "inventory_turnover_ratio": 0.01,
            "account_receivable_turnover_ratio": null,
            "reinvestment_rate": null,
            "research_to_sale_ratio": null,
            "price_fair": 0,
            "eps_avg_yearly": 0,
            "eps_latest_yearly": 0,
            "eps_growth_yearly": 0
        },
        "20044": {
            "year_quarter": 20044,
            "year": 2004,
            "quarter": 4,
            "eps": -4.32,
            "eps_growth_year": null,
            "eps_4q": -5.76,
            "eps_4q_growth_year": null,
            "roe": -151.92,
            "roe_4q": -176.64,
            "gross_profit": 231,
            "gross_margin": 27.93,
            "gross_margin_4q_avg": 35.53,
            "net_income": -756550,
            "revenue": 827,
            "common_shares": 1750000,
            "book_valuer_per_share": 0.58,
            "book_valuer_per_share_4q_avg": 4.4,
            "equity": 101110,
            "current_ratio": 36.87,
            "debt_ratio": 90.66,
            "inventory_turnover_ratio": 0.03,
            "account_receivable_turnover_ratio": null,
            "reinvestment_rate": null,
            "research_to_sale_ratio": null,
            "price_fair": 0,
            "eps_avg_yearly": 0,
            "eps_latest_yearly": 0,
            "eps_growth_yearly": 0
        },
        "20051": {
            "year_quarter": 20051,
            "year": 2005,
            "quarter": 1,
            "eps": -0.06,
            "eps_growth_year": null,
            "eps_4q": -5.97,
            "eps_4q_growth_year": null,
            "roe": -10.58,
            "roe_4q": -186.52,
            "gross_profit": -8507,
            "gross_margin": -210,
            "gross_margin_4q_avg": -21.35,
            "net_income": -10150,
            "revenue": 4051,
            "common_shares": 1750000,
            "book_valuer_per_share": 0.52,
            "book_valuer_per_share_4q_avg": 2.9,
            "equity": 90721,
            "current_ratio": 62.22,
            "debt_ratio": 88.55,
            "inventory_turnover_ratio": 1.2,
            "account_receivable_turnover_ratio": null,
            "reinvestment_rate": null,
            "research_to_sale_ratio": null,
            "price_fair": 0,
            "eps_avg_yearly": 0,
            "eps_latest_yearly": 0,
            "eps_growth_yearly": 0
        },
        "20052": {
            "year_quarter": 20052,
            "year": 2005,
            "quarter": 2,
            "eps": 0.1,
            "eps_growth_year": null,
            "eps_4q": -4.62,
            "eps_4q_growth_year": null,
            "roe": 16.35,
            "roe_4q": -151.14,
            "gross_profit": -3217,
            "gross_margin": -51.55,
            "gross_margin_4q_avg": -45.61,
            "net_income": 17213,
            "revenue": 6241,
            "common_shares": 1750000,
            "book_valuer_per_share": 0.68,
            "book_valuer_per_share_4q_avg": 1.72,
            "equity": 119786,
            "current_ratio": 61.26,
            "debt_ratio": 85.57,
            "inventory_turnover_ratio": 0.46,
            "account_receivable_turnover_ratio": null,
            "reinvestment_rate": null,
            "research_to_sale_ratio": null,
            "price_fair": 0,
            "eps_avg_yearly": 0,
            "eps_latest_yearly": 0,
            "eps_growth_yearly": 0
        },
        "20053": {
            "year_quarter": 20053,
            "year": 2005,
            "quarter": 3,
            "eps": -0.11,
            "eps_growth_year": null,
            "eps_4q": -1.83,
            "eps_4q_growth_year": null,
            "roe": -11.79,
            "roe_4q": -157.94,
            "gross_profit": -7288,
            "gross_margin": -57.01,
            "gross_margin_4q_avg": -72.66,
            "net_income": -27662,
            "revenue": 12784,
            "common_shares": 4250000,
            "book_valuer_per_share": 0.82,
            "book_valuer_per_share_4q_avg": 0.65,
            "equity": 349411,
            "current_ratio": 80.49,
            "debt_ratio": 64.46,
            "inventory_turnover_ratio": 0.4,
            "account_receivable_turnover_ratio": null,
            "reinvestment_rate": null,
            "research_to_sale_ratio": null,
            "price_fair": 0,
            "eps_avg_yearly": 0,
            "eps_latest_yearly": 0,
            "eps_growth_yearly": 0
        },
        "20054": {
            "year_quarter": 20054,
            "year": 2005,
            "quarter": 4,
            "eps": -0.28,
            "eps_growth_year": null,
            "eps_4q": -0.33,
            "eps_4q_growth_year": null,
            "roe": -23.58,
            "roe_4q": -29.599999999999994,
            "gross_profit": -4164,
            "gross_margin": -3.62,
            "gross_margin_4q_avg": -80.55,
            "net_income": -79380,
            "revenue": 115122,
            "common_shares": 4250000,
            "book_valuer_per_share": 0.63,
            "book_valuer_per_share_4q_avg": 0.66,
            "equity": 324010,
            "current_ratio": 96.17,
            "debt_ratio": 69.23,
            "inventory_turnover_ratio": 1.81,
            "account_receivable_turnover_ratio": null,
            "reinvestment_rate": null,
            "research_to_sale_ratio": null,
            "price_fair": 0,
            "eps_avg_yearly": 0,
            "eps_latest_yearly": 0,
            "eps_growth_yearly": 0
        },
        "20061": {
            "year_quarter": 20061,
            "year": 2006,
            "quarter": 1,
            "eps": -0.05,
            "eps_growth_year": null,
            "eps_4q": -0.25,
            "eps_4q_growth_year": null,
            "roe": -7.8,
            "roe_4q": -26.82,
            "gross_profit": -1030,
            "gross_margin": -2.2,
            "gross_margin_4q_avg": -28.6,
            "net_income": -22177,
            "revenue": 46888,
            "common_shares": 4250000,
            "book_valuer_per_share": 0.58,
            "book_valuer_per_share_4q_avg": 0.68,
            "equity": 244501,
            "current_ratio": 89.61,
            "debt_ratio": 74.1,
            "inventory_turnover_ratio": 0.69,
            "account_receivable_turnover_ratio": null,
            "reinvestment_rate": null,
            "research_to_sale_ratio": null,
            "price_fair": 0,
            "eps_avg_yearly": 0,
            "eps_latest_yearly": 0,
            "eps_growth_yearly": 0
        },
        "20062": {
            "year_quarter": 20062,
            "year": 2006,
            "quarter": 2,
            "eps": 0.52,
            "eps_growth_year": 420,
            "eps_4q": 0.22,
            "eps_4q_growth_year": null,
            "roe": 67.55,
            "roe_4q": 24.380000000000003,
            "gross_profit": 2024,
            "gross_margin": 3.52,
            "gross_margin_4q_avg": -14.83,
            "net_income": 220985,
            "revenue": 57552,
            "common_shares": 4250000,
            "book_valuer_per_share": 0.96,
            "book_valuer_per_share_4q_avg": 0.75,
            "equity": 409757,
            "current_ratio": 217.02,
            "debt_ratio": 55.17,
            "inventory_turnover_ratio": 0.8,
            "account_receivable_turnover_ratio": null,
            "reinvestment_rate": null,
            "research_to_sale_ratio": null,
            "price_fair": 0,
            "eps_avg_yearly": 0,
            "eps_latest_yearly": 0,
            "eps_growth_yearly": 0
        },
        "20063": {
            "year_quarter": 20063,
            "year": 2006,
            "quarter": 3,
            "eps": -0.01,
            "eps_growth_year": null,
            "eps_4q": 0.27,
            "eps_4q_growth_year": null,
            "roe": -1,
            "roe_4q": 35.17,
            "gross_profit": 10598,
            "gross_margin": 12.53,
            "gross_margin_4q_avg": 2.56,
            "net_income": -4083,
            "revenue": 84558,
            "common_shares": 4250000,
            "book_valuer_per_share": 0.96,
            "book_valuer_per_share_4q_avg": 0.78,
            "equity": 407445,
            "current_ratio": 126.1,
            "debt_ratio": 54.9,
            "inventory_turnover_ratio": 1.07,
            "account_receivable_turnover_ratio": null,
            "reinvestment_rate": null,
            "research_to_sale_ratio": null,
            "price_fair": 0,
            "eps_avg_yearly": 0,
            "eps_latest_yearly": 0,
            "eps_growth_yearly": 0
        },
        "20064": {
            "year_quarter": 20064,
            "year": 2006,
            "quarter": 4,
            "eps": -0.84,
            "eps_growth_year": null,
            "eps_4q": 3.87,
            "eps_4q_growth_year": null,
            "roe": -10.97,
            "roe_4q": 47.78,
            "gross_profit": 6625,
            "gross_margin": 8.05,
            "gross_margin_4q_avg": 5.48,
            "net_income": -44646,
            "revenue": 82256,
            "common_shares": 531250,
            "book_valuer_per_share": 6.49,
            "book_valuer_per_share_4q_avg": 2.25,
            "equity": 406546,
            "current_ratio": 124.53,
            "debt_ratio": 62.52,
            "inventory_turnover_ratio": 0.63,
            "account_receivable_turnover_ratio": null,
            "reinvestment_rate": null,
            "research_to_sale_ratio": null,
            "price_fair": 0,
            "eps_avg_yearly": 0,
            "eps_latest_yearly": 0,
            "eps_growth_yearly": 0
        },
        "20071": {
            "year_quarter": 20071,
            "year": 2007,
            "quarter": 1,
            "eps": -0.44,
            "eps_growth_year": null,
            "eps_4q": 2.78,
            "eps_4q_growth_year": null,
            "roe": -6.4,
            "roe_4q": 49.17999999999999,
            "gross_profit": 5916,
            "gross_margin": 7.69,
            "gross_margin_4q_avg": 7.95,
            "net_income": -23510,
            "revenue": 76929,
            "common_shares": 531250,
            "book_valuer_per_share": 6.18,
            "book_valuer_per_share_4q_avg": 3.65,
            "equity": 328425,
            "current_ratio": 102,
            "debt_ratio": 64.32,
            "inventory_turnover_ratio": 0.55,
            "account_receivable_turnover_ratio": null,
            "reinvestment_rate": null,
            "research_to_sale_ratio": null,
            "price_fair": 0,
            "eps_avg_yearly": 0,
            "eps_latest_yearly": 0,
            "eps_growth_yearly": 0
        },
        "20072": {
            "year_quarter": 20072,
            "year": 2007,
            "quarter": 2,
            "eps": -0.02,
            "eps_growth_year": -103.85,
            "eps_4q": -1.38,
            "eps_4q_growth_year": -739.57,
            "roe": -0.35,
            "roe_4q": -18.72,
            "gross_profit": 15230,
            "gross_margin": 12.33,
            "gross_margin_4q_avg": 10.15,
            "net_income": -1129,
            "revenue": 123486,
            "common_shares": 531250,
            "book_valuer_per_share": 6.12,
            "book_valuer_per_share_4q_avg": 4.94,
            "equity": 325103,
            "current_ratio": 111.31,
            "debt_ratio": 67.63,
            "inventory_turnover_ratio": 1.22,
            "account_receivable_turnover_ratio": null,
            "reinvestment_rate": null,
            "research_to_sale_ratio": null,
            "price_fair": 0,
            "eps_avg_yearly": 0,
            "eps_latest_yearly": 0,
            "eps_growth_yearly": 0
        },
        "20073": {
            "year_quarter": 20073,
            "year": 2007,
            "quarter": 3,
            "eps": 0.13,
            "eps_growth_year": null,
            "eps_4q": -1.15,
            "eps_4q_growth_year": -523.58,
            "roe": 2.14,
            "roe_4q": -15.580000000000002,
            "gross_profit": 9382,
            "gross_margin": 9.02,
            "gross_margin_4q_avg": 9.27,
            "net_income": 7039,
            "revenue": 103984,
            "common_shares": 531250,
            "book_valuer_per_share": 6.24,
            "book_valuer_per_share_4q_avg": 6.26,
            "equity": 331280,
            "current_ratio": 108.66,
            "debt_ratio": 68.86,
            "inventory_turnover_ratio": 0.97,
            "account_receivable_turnover_ratio": null,
            "reinvestment_rate": null,
            "research_to_sale_ratio": null,
            "price_fair": 0,
            "eps_avg_yearly": 0,
            "eps_latest_yearly": 0,
            "eps_growth_yearly": 0
        },
        "20074": {
            "year_quarter": 20074,
            "year": 2007,
            "quarter": 4,
            "eps": 0.97,
            "eps_growth_year": null,
            "eps_4q": 0.64,
            "eps_4q_growth_year": -83.51,
            "roe": 13.79,
            "roe_4q": 9.18,
            "gross_profit": 6211,
            "gross_margin": 5.28,
            "gross_margin_4q_avg": 8.58,
            "net_income": 51466,
            "revenue": 117665,
            "common_shares": 531250,
            "book_valuer_per_share": 6.75,
            "book_valuer_per_share_4q_avg": 6.32,
            "equity": 415331,
            "current_ratio": 98.34,
            "debt_ratio": 65.36,
            "inventory_turnover_ratio": 0.57,
            "account_receivable_turnover_ratio": null,
            "reinvestment_rate": null,
            "research_to_sale_ratio": null,
            "price_fair": 135.8,
            "eps_avg_yearly": 3.88,
            "eps_latest_yearly": 3.88,
            "eps_growth_yearly": 2584.62
        },
        "20081": {
            "year_quarter": 20081,
            "year": 2008,
            "quarter": 1,
            "eps": -0.47,
            "eps_growth_year": null,
            "eps_4q": 0.59,
            "eps_4q_growth_year": -78.86,
            "roe": -6.57,
            "roe_4q": 9.01,
            "gross_profit": 1601,
            "gross_margin": 1.31,
            "gross_margin_4q_avg": 6.99,
            "net_income": -26043,
            "revenue": 122272,
            "common_shares": 531250,
            "book_valuer_per_share": 6.11,
            "book_valuer_per_share_4q_avg": 6.31,
            "equity": 376913,
            "current_ratio": 103.11,
            "debt_ratio": 64.04,
            "inventory_turnover_ratio": 0.43,
            "account_receivable_turnover_ratio": null,
            "reinvestment_rate": null,
            "research_to_sale_ratio": null,
            "price_fair": 135.8,
            "eps_avg_yearly": 3.88,
            "eps_latest_yearly": 3.88,
            "eps_growth_yearly": 2584.62
        },
        "20082": {
            "year_quarter": 20082,
            "year": 2008,
            "quarter": 2,
            "eps": -0.25,
            "eps_growth_year": null,
            "eps_4q": 0.34,
            "eps_4q_growth_year": null,
            "roe": -1.39,
            "roe_4q": 7.969999999999999,
            "gross_profit": 31952,
            "gross_margin": 17.46,
            "gross_margin_4q_avg": 8.27,
            "net_income": -5557,
            "revenue": 182988,
            "common_shares": 602750,
            "book_valuer_per_share": 5.98,
            "book_valuer_per_share_4q_avg": 6.27,
            "equity": 420161,
            "current_ratio": 101.65,
            "debt_ratio": 60.25,
            "inventory_turnover_ratio": 0.53,
            "account_receivable_turnover_ratio": null,
            "reinvestment_rate": null,
            "research_to_sale_ratio": null,
            "price_fair": 135.8,
            "eps_avg_yearly": 3.88,
            "eps_latest_yearly": 3.88,
            "eps_growth_yearly": 2584.62
        },
        "20083": {
            "year_quarter": 20083,
            "year": 2008,
            "quarter": 3,
            "eps": -0.32,
            "eps_growth_year": -346.15,
            "eps_4q": -0.07,
            "eps_4q_growth_year": null,
            "roe": -4.54,
            "roe_4q": 1.2899999999999991,
            "gross_profit": -7869,
            "gross_margin": -8.27,
            "gross_margin_4q_avg": 3.95,
            "net_income": -18941,
            "revenue": 95114,
            "common_shares": 602750,
            "book_valuer_per_share": 5.83,
            "book_valuer_per_share_4q_avg": 6.17,
            "equity": 413397,
            "current_ratio": 100.46,
            "debt_ratio": 61.18,
            "inventory_turnover_ratio": 0.35,
            "account_receivable_turnover_ratio": null,
            "reinvestment_rate": null,
            "research_to_sale_ratio": null,
            "price_fair": 135.8,
            "eps_avg_yearly": 3.88,
            "eps_latest_yearly": 3.88,
            "eps_growth_yearly": 2584.62
        },
        "20084": {
            "year_quarter": 20084,
            "year": 2008,
            "quarter": 4,
            "eps": -1.6,
            "eps_growth_year": -264.95,
            "eps_4q": -2.6,
            "eps_4q_growth_year": -506.71,
            "roe": -28.36,
            "roe_4q": -40.86,
            "gross_profit": -39912,
            "gross_margin": -36.56,
            "gross_margin_4q_avg": -6.52,
            "net_income": -95709,
            "revenue": 109160,
            "common_shares": 602750,
            "book_valuer_per_share": 4.34,
            "book_valuer_per_share_4q_avg": 5.57,
            "equity": 261596,
            "current_ratio": 124.54,
            "debt_ratio": 54.78,
            "inventory_turnover_ratio": 0.73,
            "account_receivable_turnover_ratio": null,
            "reinvestment_rate": null,
            "research_to_sale_ratio": null,
            "price_fair": 135.8,
            "eps_avg_yearly": 3.88,
            "eps_latest_yearly": 3.88,
            "eps_growth_yearly": 2584.62
        },
        "20091": {
            "year_quarter": 20091,
            "year": 2009,
            "quarter": 1,
            "eps": -0.7,
            "eps_growth_year": null,
            "eps_4q": -2.72,
            "eps_4q_growth_year": -562.41,
            "roe": -17.56,
            "roe_4q": -51.85,
            "gross_profit": -25781,
            "gross_margin": -110.14,
            "gross_margin_4q_avg": -34.38,
            "net_income": -42226,
            "revenue": 23408,
            "common_shares": 602750,
            "book_valuer_per_share": 3.64,
            "book_valuer_per_share_4q_avg": 4.95,
            "equity": 219368,
            "current_ratio": 100.76,
            "debt_ratio": 57.08,
            "inventory_turnover_ratio": 0.48,
            "account_receivable_turnover_ratio": null,
            "reinvestment_rate": null,
            "research_to_sale_ratio": null,
            "price_fair": 135.8,
            "eps_avg_yearly": 3.88,
            "eps_latest_yearly": 3.88,
            "eps_growth_yearly": 2584.62
        },
        "20092": {
            "year_quarter": 20092,
            "year": 2009,
            "quarter": 2,
            "eps": -0.42,
            "eps_growth_year": null,
            "eps_4q": -2.93,
            "eps_4q_growth_year": -956.26,
            "roe": -12.42,
            "roe_4q": -62.879999999999995,
            "gross_profit": -8682,
            "gross_margin": -20.03,
            "gross_margin_4q_avg": -43.75,
            "net_income": -25565,
            "revenue": 43336,
            "common_shares": 602750,
            "book_valuer_per_share": 3.19,
            "book_valuer_per_share_4q_avg": 4.25,
            "equity": 192317,
            "current_ratio": 91.81,
            "debt_ratio": 59.72,
            "inventory_turnover_ratio": 0.58,
            "account_receivable_turnover_ratio": 2.47,
            "reinvestment_rate": null,
            "research_to_sale_ratio": null,
            "price_fair": 135.8,
            "eps_avg_yearly": 3.88,
            "eps_latest_yearly": 3.88,
            "eps_growth_yearly": 2584.62
        },
        "20093": {
            "year_quarter": 20093,
            "year": 2009,
            "quarter": 3,
            "eps": -0.29,
            "eps_growth_year": null,
            "eps_4q": -2.92,
            "eps_4q_growth_year": null,
            "roe": -8.44,
            "roe_4q": -66.78,
            "gross_profit": -633,
            "gross_margin": -1.25,
            "gross_margin_4q_avg": -42,
            "net_income": -17645,
            "revenue": 50567,
            "common_shares": 602750,
            "book_valuer_per_share": 3.74,
            "book_valuer_per_share_4q_avg": 3.73,
            "equity": 225665,
            "current_ratio": 95.07,
            "debt_ratio": 76.01,
            "inventory_turnover_ratio": 0.24,
            "account_receivable_turnover_ratio": 1,
            "reinvestment_rate": null,
            "research_to_sale_ratio": null,
            "price_fair": 135.8,
            "eps_avg_yearly": 3.88,
            "eps_latest_yearly": 3.88,
            "eps_growth_yearly": 2584.62
        },
        "20094": {
            "year_quarter": 20094,
            "year": 2009,
            "quarter": 4,
            "eps": 0.02,
            "eps_growth_year": null,
            "eps_4q": -1.52,
            "eps_4q_growth_year": null,
            "roe": 0.34,
            "roe_4q": -38.08,
            "gross_profit": 53154,
            "gross_margin": 16.5,
            "gross_margin_4q_avg": -28.73,
            "net_income": 1108,
            "revenue": 322048,
            "common_shares": 948750,
            "book_valuer_per_share": 4.4,
            "book_valuer_per_share_4q_avg": 3.74,
            "equity": 417260,
            "current_ratio": 209.75,
            "debt_ratio": 44.56,
            "inventory_turnover_ratio": 1.17,
            "account_receivable_turnover_ratio": 6.62,
            "reinvestment_rate": null,
            "research_to_sale_ratio": null,
            "price_fair": 135.8,
            "eps_avg_yearly": 3.88,
            "eps_latest_yearly": 3.88,
            "eps_growth_yearly": 2584.62
        },
        "20101": {
            "year_quarter": 20101,
            "year": 2010,
            "quarter": 1,
            "eps": null,
            "eps_growth_year": null,
            "eps_4q": null,
            "eps_4q_growth_year": null,
            "roe": null,
            "roe_4q": -20.52,
            "gross_profit": 5691,
            "gross_margin": null,
            "gross_margin_4q_avg": -1.2,
            "net_income": -13735,
            "revenue": 81614,
            "common_shares": 948750,
            "book_valuer_per_share": 4.25,
            "book_valuer_per_share_4q_avg": 3.9,
            "equity": 403525,
            "current_ratio": 285.72,
            "debt_ratio": 36.82,
            "inventory_turnover_ratio": null,
            "account_receivable_turnover_ratio": null,
            "reinvestment_rate": null,
            "research_to_sale_ratio": null,
            "price_fair": 135.8,
            "eps_avg_yearly": 3.88,
            "eps_latest_yearly": 3.88,
            "eps_growth_yearly": 2584.62
        },
        "20102": {
            "year_quarter": 20102,
            "year": 2010,
            "quarter": 2,
            "eps": -0.33,
            "eps_growth_year": null,
            "eps_4q": -0.66,
            "eps_4q_growth_year": null,
            "roe": -4.19,
            "roe_4q": -12.29,
            "gross_profit": 6270,
            "gross_margin": 10.91,
            "gross_margin_4q_avg": 6.54,
            "net_income": -16545,
            "revenue": 57480,
            "common_shares": 500000,
            "book_valuer_per_share": 7.74,
            "book_valuer_per_share_4q_avg": 5.03,
            "equity": 386980,
            "current_ratio": 235.29,
            "debt_ratio": 41.64,
            "inventory_turnover_ratio": 0.6,
            "account_receivable_turnover_ratio": 0.63,
            "reinvestment_rate": null,
            "research_to_sale_ratio": null,
            "price_fair": 135.8,
            "eps_avg_yearly": 3.88,
            "eps_latest_yearly": 3.88,
            "eps_growth_yearly": 2584.62
        },
        "20103": {
            "year_quarter": 20103,
            "year": 2010,
            "quarter": 3,
            "eps": -0.65,
            "eps_growth_year": null,
            "eps_4q": -0.96,
            "eps_4q_growth_year": null,
            "roe": -8.75,
            "roe_4q": -12.600000000000001,
            "gross_profit": 4511,
            "gross_margin": 5.56,
            "gross_margin_4q_avg": 8.24,
            "net_income": -32442,
            "revenue": 81111,
            "common_shares": 500000,
            "book_valuer_per_share": 7.09,
            "book_valuer_per_share_4q_avg": 5.87,
            "equity": 354537,
            "current_ratio": 158.76,
            "debt_ratio": 54.67,
            "inventory_turnover_ratio": 1.1,
            "account_receivable_turnover_ratio": 0.52,
            "reinvestment_rate": null,
            "research_to_sale_ratio": 0.77,
            "price_fair": 135.8,
            "eps_avg_yearly": 3.88,
            "eps_latest_yearly": 3.88,
            "eps_growth_yearly": 2584.62
        },
        "20104": {
            "year_quarter": 20104,
            "year": 2010,
            "quarter": 4,
            "eps": -0.54,
            "eps_growth_year": -2822.7,
            "eps_4q": -1.52,
            "eps_4q_growth_year": null,
            "roe": -7.99,
            "roe_4q": -20.930000000000003,
            "gross_profit": 3102,
            "gross_margin": 1.44,
            "gross_margin_4q_avg": 4.48,
            "net_income": -27227,
            "revenue": 215359,
            "common_shares": 500000,
            "book_valuer_per_share": 6.55,
            "book_valuer_per_share_4q_avg": 6.41,
            "equity": 327307,
            "current_ratio": 140.93,
            "debt_ratio": 59.63,
            "inventory_turnover_ratio": 3.16,
            "account_receivable_turnover_ratio": 2.29,
            "reinvestment_rate": null,
            "research_to_sale_ratio": 0.16,
            "price_fair": 135.8,
            "eps_avg_yearly": 3.88,
            "eps_latest_yearly": 3.88,
            "eps_growth_yearly": 2584.62
        },
        "20111": {
            "year_quarter": 20111,
            "year": 2011,
            "quarter": 1,
            "eps": -0.38,
            "eps_growth_year": null,
            "eps_4q": -1.6,
            "eps_4q_growth_year": null,
            "roe": -5.3,
            "roe_4q": -26.23,
            "gross_profit": 6417,
            "gross_margin": 16.21,
            "gross_margin_4q_avg": 8.53,
            "net_income": -20434,
            "revenue": 39598,
            "common_shares": 602654,
            "book_valuer_per_share": 7.36,
            "book_valuer_per_share_4q_avg": 7.19,
            "equity": 443403,
            "current_ratio": 130.19,
            "debt_ratio": 69.21,
            "inventory_turnover_ratio": 0.2,
            "account_receivable_turnover_ratio": 0.71,
            "reinvestment_rate": null,
            "research_to_sale_ratio": 0.98,
            "price_fair": 135.8,
            "eps_avg_yearly": 3.88,
            "eps_latest_yearly": 3.88,
            "eps_growth_yearly": 2584.62
        },
        "20112": {
            "year_quarter": 20112,
            "year": 2011,
            "quarter": 2,
            "eps": 0.34,
            "eps_growth_year": null,
            "eps_4q": -0.99,
            "eps_4q_growth_year": null,
            "roe": 4.45,
            "roe_4q": -17.59,
            "gross_profit": 55023,
            "gross_margin": 20.05,
            "gross_margin_4q_avg": 10.82,
            "net_income": 20189,
            "revenue": 274366,
            "common_shares": 602654,
            "book_valuer_per_share": 7.69,
            "book_valuer_per_share_4q_avg": 7.17,
            "equity": 463592,
            "current_ratio": 122.9,
            "debt_ratio": 74.66,
            "inventory_turnover_ratio": 0.56,
            "account_receivable_turnover_ratio": 5.21,
            "reinvestment_rate": null,
            "research_to_sale_ratio": 0.15,
            "price_fair": 135.8,
            "eps_avg_yearly": 3.88,
            "eps_latest_yearly": 3.88,
            "eps_growth_yearly": 2584.62
        },
        "20113": {
            "year_quarter": 20113,
            "year": 2011,
            "quarter": 3,
            "eps": 1.19,
            "eps_growth_year": null,
            "eps_4q": 0.65,
            "eps_4q_growth_year": null,
            "roe": 12.15,
            "roe_4q": 3.3100000000000005,
            "gross_profit": 132919,
            "gross_margin": 18.61,
            "gross_margin_4q_avg": 14.08,
            "net_income": 59995,
            "revenue": 714345,
            "common_shares": 502654,
            "book_valuer_per_share": 10.42,
            "book_valuer_per_share_4q_avg": 8.01,
            "equity": 523587,
            "current_ratio": 121.75,
            "debt_ratio": 76.69,
            "inventory_turnover_ratio": 0.8,
            "account_receivable_turnover_ratio": 9.31,
            "reinvestment_rate": null,
            "research_to_sale_ratio": 0.05,
            "price_fair": 151.2,
            "eps_avg_yearly": 4.32,
            "eps_latest_yearly": 4.76,
            "eps_growth_yearly": 1792.31
        },
        "20114": {
            "year_quarter": 20114,
            "year": 2011,
            "quarter": 4,
            "eps": 0.01,
            "eps_growth_year": null,
            "eps_4q": 1.2,
            "eps_4q_growth_year": null,
            "roe": 0.08,
            "roe_4q": 11.379999999999999,
            "gross_profit": 63740,
            "gross_margin": 13.21,
            "gross_margin_4q_avg": 17.02,
            "net_income": 411,
            "revenue": 482571,
            "common_shares": 502654,
            "book_valuer_per_share": 10.42,
            "book_valuer_per_share_4q_avg": 8.97,
            "equity": 523998,
            "current_ratio": 118.11,
            "debt_ratio": 79.57,
            "inventory_turnover_ratio": 0.38,
            "account_receivable_turnover_ratio": 6.47,
            "reinvestment_rate": null,
            "research_to_sale_ratio": 0.06,
            "price_fair": 84,
            "eps_avg_yearly": 2.4,
            "eps_latest_yearly": 0.04,
            "eps_growth_yearly": 301.68
        },
        "20121": {
            "year_quarter": 20121,
            "year": 2012,
            "quarter": 1,
            "eps": 0.53,
            "eps_growth_year": null,
            "eps_4q": 2.13,
            "eps_4q_growth_year": null,
            "roe": 4.92,
            "roe_4q": 21.599999999999998,
            "gross_profit": 76532,
            "gross_margin": 17.47,
            "gross_margin_4q_avg": 17.34,
            "net_income": 26432,
            "revenue": 438052,
            "common_shares": 502654,
            "book_valuer_per_share": 10.95,
            "book_valuer_per_share_4q_avg": 9.87,
            "equity": 550430,
            "current_ratio": 117,
            "debt_ratio": 80.84,
            "inventory_turnover_ratio": 0.24,
            "account_receivable_turnover_ratio": 10.97,
            "reinvestment_rate": null,
            "research_to_sale_ratio": 0.08,
            "price_fair": 80.73,
            "eps_avg_yearly": 2.31,
            "eps_latest_yearly": 2.12,
            "eps_growth_yearly": 7134.45
        },
        "20122": {
            "year_quarter": 20122,
            "year": 2012,
            "quarter": 2,
            "eps": 0.03,
            "eps_growth_year": -89.78,
            "eps_4q": 1.76,
            "eps_4q_growth_year": null,
            "roe": 0.31,
            "roe_4q": 17.46,
            "gross_profit": 27991,
            "gross_margin": 11.97,
            "gross_margin_4q_avg": 15.32,
            "net_income": 1721,
            "revenue": 233868,
            "common_shares": 502654,
            "book_valuer_per_share": 10.98,
            "book_valuer_per_share_4q_avg": 10.69,
            "equity": 552151,
            "current_ratio": 116.25,
            "debt_ratio": 81.53,
            "inventory_turnover_ratio": 0.11,
            "account_receivable_turnover_ratio": 6.18,
            "reinvestment_rate": null,
            "research_to_sale_ratio": 0.19,
            "price_fair": 61.6,
            "eps_avg_yearly": 1.76,
            "eps_latest_yearly": 0.12,
            "eps_growth_yearly": 5256.5
        },
        "20123": {
            "year_quarter": 20123,
            "year": 2012,
            "quarter": 3,
            "eps": 0.54,
            "eps_growth_year": -54.95,
            "eps_4q": 1.11,
            "eps_4q_growth_year": 70.93,
            "roe": 4.78,
            "roe_4q": 10.09,
            "gross_profit": 71685,
            "gross_margin": 18.58,
            "gross_margin_4q_avg": 15.31,
            "net_income": 27028,
            "revenue": 385899,
            "common_shares": 502654,
            "book_valuer_per_share": 11.52,
            "book_valuer_per_share_4q_avg": 10.97,
            "equity": 579179,
            "current_ratio": 115.98,
            "debt_ratio": 82.06,
            "inventory_turnover_ratio": 0.15,
            "account_receivable_turnover_ratio": 8.34,
            "reinvestment_rate": null,
            "research_to_sale_ratio": 0.11,
            "price_fair": 64.4,
            "eps_avg_yearly": 1.84,
            "eps_latest_yearly": 2.16,
            "eps_growth_yearly": 5565.2
        },
        "20124": {
            "year_quarter": 20124,
            "year": 2012,
            "quarter": 4,
            "eps": 0.2,
            "eps_growth_year": 2374.82,
            "eps_4q": 1.3,
            "eps_4q_growth_year": 8.25,
            "roe": 1.74,
            "roe_4q": 11.75,
            "gross_profit": 59034,
            "gross_margin": 19.15,
            "gross_margin_4q_avg": 16.79,
            "net_income": 10214,
            "revenue": 308282,
            "common_shares": 502654,
            "book_valuer_per_share": 11.8,
            "book_valuer_per_share_4q_avg": 11.31,
            "equity": 595648,
            "current_ratio": 115.39,
            "debt_ratio": 82.75,
            "inventory_turnover_ratio": 0.11,
            "account_receivable_turnover_ratio": 5.01,
            "reinvestment_rate": null,
            "research_to_sale_ratio": 0.11,
            "price_fair": 58.33,
            "eps_avg_yearly": 1.67,
            "eps_latest_yearly": 0.8,
            "eps_growth_yearly": 4595.69
        },
        "20131": {
            "year_quarter": 20131,
            "year": 2013,
            "quarter": 1,
            "eps": -0.23,
            "eps_growth_year": -143.4,
            "eps_4q": 0.29,
            "eps_4q_growth_year": -86.6,
            "roe": -2.8,
            "roe_4q": 4.03,
            "gross_profit": 10709,
            "gross_margin": 29.16,
            "gross_margin_4q_avg": 19.72,
            "net_income": -16058,
            "revenue": 36731,
            "common_shares": 802654,
            "book_valuer_per_share": 6.86,
            "book_valuer_per_share_4q_avg": 10.29,
            "equity": 550880,
            "current_ratio": 113.86,
            "debt_ratio": 83.75,
            "inventory_turnover_ratio": 0.01,
            "account_receivable_turnover_ratio": 0.73,
            "reinvestment_rate": null,
            "research_to_sale_ratio": 0.94,
            "price_fair": 58.33,
            "eps_avg_yearly": 1.67,
            "eps_latest_yearly": 0.8,
            "eps_growth_yearly": 4595.69
        },
        "20132": {
            "year_quarter": 20132,
            "year": 2013,
            "quarter": 2,
            "eps": -0.09,
            "eps_growth_year": -362.87,
            "eps_4q": 0.18,
            "eps_4q_growth_year": -90.01,
            "roe": -1.29,
            "roe_4q": 2.4300000000000006,
            "gross_profit": 14091,
            "gross_margin": 21.77,
            "gross_margin_4q_avg": 22.17,
            "net_income": -7053,
            "revenue": 64727,
            "common_shares": 802654,
            "book_valuer_per_share": 6.78,
            "book_valuer_per_share_4q_avg": 9.24,
            "equity": 543827,
            "current_ratio": 113.69,
            "debt_ratio": 83.86,
            "inventory_turnover_ratio": 0.02,
            "account_receivable_turnover_ratio": 1.96,
            "reinvestment_rate": null,
            "research_to_sale_ratio": 1.38,
            "price_fair": 58.33,
            "eps_avg_yearly": 1.67,
            "eps_latest_yearly": 0.8,
            "eps_growth_yearly": 4595.69
        },
        "20133": {
            "year_quarter": 20133,
            "year": 2013,
            "quarter": 3,
            "eps": -0.15,
            "eps_growth_year": -127.9,
            "eps_4q": -0.31,
            "eps_4q_growth_year": -127.65,
            "roe": -2.16,
            "roe_4q": -4.51,
            "gross_profit": 11243,
            "gross_margin": 30.57,
            "gross_margin_4q_avg": 25.16,
            "net_income": -11646,
            "revenue": 36773,
            "common_shares": 802654,
            "book_valuer_per_share": 6.63,
            "book_valuer_per_share_4q_avg": 8.02,
            "equity": 532181,
            "current_ratio": 112.62,
            "debt_ratio": 84.77,
            "inventory_turnover_ratio": 0.01,
            "account_receivable_turnover_ratio": 1.13,
            "reinvestment_rate": 2902.3,
            "research_to_sale_ratio": 1.25,
            "price_fair": 58.33,
            "eps_avg_yearly": 1.67,
            "eps_latest_yearly": 0.8,
            "eps_growth_yearly": 4595.69
        },
        "20134": {
            "year_quarter": 20134,
            "year": 2013,
            "quarter": 4,
            "eps": 3.02,
            "eps_growth_year": 1391.29,
            "eps_4q": 2.58,
            "eps_4q_growth_year": 99.5,
            "roe": 37.08,
            "roe_4q": 30.830000000000002,
            "gross_profit": 350263,
            "gross_margin": 15.01,
            "gross_margin_4q_avg": 24.13,
            "net_income": 242230,
            "revenue": 2334066,
            "common_shares": 802654,
            "book_valuer_per_share": 9.65,
            "book_valuer_per_share_4q_avg": 7.48,
            "equity": 774411,
            "current_ratio": 168.96,
            "debt_ratio": 56.64,
            "inventory_turnover_ratio": 1.19,
            "account_receivable_turnover_ratio": 95.46,
            "reinvestment_rate": 33.34,
            "research_to_sale_ratio": 0.02,
            "price_fair": 58.33,
            "eps_avg_yearly": 1.67,
            "eps_latest_yearly": 0.8,
            "eps_growth_yearly": 4595.69
        },
        "20141": {
            "year_quarter": 20141,
            "year": 2014,
            "quarter": 1,
            "eps": 0.61,
            "eps_growth_year": null,
            "eps_4q": 3.39,
            "eps_4q_growth_year": 1089.3,
            "roe": 6.12,
            "roe_4q": 39.74999999999999,
            "gross_profit": 100389,
            "gross_margin": 14.67,
            "gross_margin_4q_avg": 20.51,
            "net_income": 48878,
            "revenue": 684128,
            "common_shares": 802654,
            "book_valuer_per_share": 10.26,
            "book_valuer_per_share_4q_avg": 8.33,
            "equity": 823289,
            "current_ratio": 254.74,
            "debt_ratio": 40.58,
            "inventory_turnover_ratio": 1.17,
            "account_receivable_turnover_ratio": 25.01,
            "reinvestment_rate": 27.28,
            "research_to_sale_ratio": 0.08,
            "price_fair": 62.2,
            "eps_avg_yearly": 1.78,
            "eps_latest_yearly": 2.44,
            "eps_growth_yearly": 3893.56
        },
        "20142": {
            "year_quarter": 20142,
            "year": 2014,
            "quarter": 2,
            "eps": 0.01,
            "eps_growth_year": null,
            "eps_4q": 3.5,
            "eps_4q_growth_year": 1886.14,
            "roe": 0.15,
            "roe_4q": 41.19,
            "gross_profit": 29114,
            "gross_margin": 11.75,
            "gross_margin_4q_avg": 18,
            "net_income": 1199,
            "revenue": 247728,
            "common_shares": 802654,
            "book_valuer_per_share": 10.27,
            "book_valuer_per_share_4q_avg": 9.2,
            "equity": 824488,
            "current_ratio": 225,
            "debt_ratio": 44.58,
            "inventory_turnover_ratio": 1.61,
            "account_receivable_turnover_ratio": 10.77,
            "reinvestment_rate": 4.9,
            "research_to_sale_ratio": 0.46,
            "price_fair": 54.6,
            "eps_avg_yearly": 1.56,
            "eps_latest_yearly": 0.04,
            "eps_growth_yearly": 3357.69
        },
        "20143": {
            "year_quarter": 20143,
            "year": 2014,
            "quarter": 3,
            "eps": -0.26,
            "eps_growth_year": null,
            "eps_4q": 3.38,
            "eps_4q_growth_year": null,
            "roe": -2.6,
            "roe_4q": 40.75,
            "gross_profit": 7404,
            "gross_margin": 18.56,
            "gross_margin_4q_avg": 15,
            "net_income": -21150,
            "revenue": 39884,
            "common_shares": 802654,
            "book_valuer_per_share": 10.01,
            "book_valuer_per_share_4q_avg": 10.05,
            "equity": 803338,
            "current_ratio": 291.99,
            "debt_ratio": 36.99,
            "inventory_turnover_ratio": 0.56,
            "account_receivable_turnover_ratio": 2.02,
            "reinvestment_rate": 9.44,
            "research_to_sale_ratio": 1.18,
            "price_fair": 54.6,
            "eps_avg_yearly": 1.56,
            "eps_latest_yearly": 0.04,
            "eps_growth_yearly": 3357.69
        },
        "20144": {
            "year_quarter": 20144,
            "year": 2014,
            "quarter": 4,
            "eps": -0.25,
            "eps_growth_year": -108.24,
            "eps_4q": 0.11,
            "eps_4q_growth_year": -95.68,
            "roe": -2.52,
            "roe_4q": 1.1500000000000004,
            "gross_profit": 10101,
            "gross_margin": 16.82,
            "gross_margin_4q_avg": 15.45,
            "net_income": -19967,
            "revenue": 60045,
            "common_shares": 802654,
            "book_valuer_per_share": 9.76,
            "book_valuer_per_share_4q_avg": 10.08,
            "equity": 783371,
            "current_ratio": 272.37,
            "debt_ratio": 38.92,
            "inventory_turnover_ratio": 0.72,
            "account_receivable_turnover_ratio": 2.2,
            "reinvestment_rate": 9.82,
            "research_to_sale_ratio": 0.49,
            "price_fair": 54.6,
            "eps_avg_yearly": 1.56,
            "eps_latest_yearly": 0.04,
            "eps_growth_yearly": 3357.69
        },
        "20151": {
            "year_quarter": 20151,
            "year": 2015,
            "quarter": 1,
            "eps": -0.38,
            "eps_growth_year": -162.3,
            "eps_4q": -0.88,
            "eps_4q_growth_year": -125.98,
            "roe": -4.02,
            "roe_4q": -8.989999999999998,
            "gross_profit": 4957,
            "gross_margin": 12.13,
            "gross_margin_4q_avg": 14.82,
            "net_income": -30850,
            "revenue": 40858,
            "common_shares": 802654,
            "book_valuer_per_share": 9.38,
            "book_valuer_per_share_4q_avg": 9.86,
            "equity": 752521,
            "current_ratio": 272.7,
            "debt_ratio": 38.91,
            "inventory_turnover_ratio": 0.37,
            "account_receivable_turnover_ratio": 1.87,
            "reinvestment_rate": 10.37,
            "research_to_sale_ratio": 0.83,
            "price_fair": 54.6,
            "eps_avg_yearly": 1.56,
            "eps_latest_yearly": 0.04,
            "eps_growth_yearly": 3357.69
        },
        "20152": {
            "year_quarter": 20152,
            "year": 2015,
            "quarter": 2,
            "eps": -0.27,
            "eps_growth_year": -2800,
            "eps_4q": -1.17,
            "eps_4q_growth_year": -133.38,
            "roe": -2.93,
            "roe_4q": -12.069999999999999,
            "gross_profit": 2694,
            "gross_margin": 6.94,
            "gross_margin_4q_avg": 13.61,
            "net_income": -21730,
            "revenue": 38813,
            "common_shares": 802654,
            "book_valuer_per_share": 9.1,
            "book_valuer_per_share_4q_avg": 9.56,
            "equity": 730791,
            "current_ratio": 237.75,
            "debt_ratio": 42.99,
            "inventory_turnover_ratio": 0.22,
            "account_receivable_turnover_ratio": 2.13,
            "reinvestment_rate": 12.68,
            "research_to_sale_ratio": 0.83,
            "price_fair": 54.6,
            "eps_avg_yearly": 1.56,
            "eps_latest_yearly": 0.04,
            "eps_growth_yearly": 3357.69
        },
        "20153": {
            "year_quarter": 20153,
            "year": 2015,
            "quarter": 3,
            "eps": -0.25,
            "eps_growth_year": null,
            "eps_4q": -1.15,
            "eps_4q_growth_year": -134.05,
            "roe": -2.74,
            "roe_4q": -12.209999999999999,
            "gross_profit": 1558,
            "gross_margin": 8.36,
            "gross_margin_4q_avg": 11.06,
            "net_income": -19779,
            "revenue": 18644,
            "common_shares": 802654,
            "book_valuer_per_share": 8.86,
            "book_valuer_per_share_4q_avg": 9.28,
            "equity": 711012,
            "current_ratio": 219.31,
            "debt_ratio": 45.33,
            "inventory_turnover_ratio": 0.07,
            "account_receivable_turnover_ratio": 0.88,
            "reinvestment_rate": -79.87,
            "research_to_sale_ratio": 1.63,
            "price_fair": 38.6,
            "eps_avg_yearly": 1.1,
            "eps_latest_yearly": 0.04,
            "eps_growth_yearly": 3694.5
        },
        "20154": {
            "year_quarter": 20154,
            "year": 2015,
            "quarter": 4,
            "eps": 2.32,
            "eps_growth_year": null,
            "eps_4q": 1.42,
            "eps_4q_growth_year": 1173.36,
            "roe": 23.18,
            "roe_4q": 13.489999999999998,
            "gross_profit": -818,
            "gross_margin": -3.84,
            "gross_margin_4q_avg": 5.9,
            "net_income": 186452,
            "revenue": 21317,
            "common_shares": 802654,
            "book_valuer_per_share": 11.18,
            "book_valuer_per_share_4q_avg": 9.63,
            "equity": 897464,
            "current_ratio": 250.68,
            "debt_ratio": 40.25,
            "inventory_turnover_ratio": 0.07,
            "account_receivable_turnover_ratio": 1.22,
            "reinvestment_rate": -41.67,
            "research_to_sale_ratio": 1.07,
            "price_fair": 44.8,
            "eps_avg_yearly": 1.28,
            "eps_latest_yearly": 0.04,
            "eps_growth_yearly": 4376.36
        },
        "20161": {
            "year_quarter": 20161,
            "year": 2016,
            "quarter": 1,
            "eps": -0.49,
            "eps_growth_year": null,
            "eps_4q": 1.32,
            "eps_4q_growth_year": null,
            "roe": -4.44,
            "roe_4q": 13.069999999999999,
            "gross_profit": -10272,
            "gross_margin": -323.53,
            "gross_margin_4q_avg": -78.02,
            "net_income": -39009,
            "revenue": 3175,
            "common_shares": 802654,
            "book_valuer_per_share": 10.7,
            "book_valuer_per_share_4q_avg": 9.96,
            "equity": 858455,
            "current_ratio": 240.17,
            "debt_ratio": 41.94,
            "inventory_turnover_ratio": 0.03,
            "account_receivable_turnover_ratio": 0.27,
            "reinvestment_rate": -49.65,
            "research_to_sale_ratio": 8.16,
            "price_fair": 38.92,
            "eps_avg_yearly": 1.11,
            "eps_latest_yearly": 0.04,
            "eps_growth_yearly": 1091.63
        },
        "20162": {
            "year_quarter": 20162,
            "year": 2016,
            "quarter": 2,
            "eps": -0.32,
            "eps_growth_year": null,
            "eps_4q": 1.26,
            "eps_4q_growth_year": null,
            "roe": -3.18,
            "roe_4q": 12.819999999999999,
            "gross_profit": -4381,
            "gross_margin": -52.81,
            "gross_margin_4q_avg": -92.96,
            "net_income": -26241,
            "revenue": 8296,
            "common_shares": 802654,
            "book_valuer_per_share": 9.87,
            "book_valuer_per_share_4q_avg": 10.15,
            "equity": 792081,
            "current_ratio": 212.65,
            "debt_ratio": 46.39,
            "inventory_turnover_ratio": 0.03,
            "account_receivable_turnover_ratio": 0.83,
            "reinvestment_rate": -54.94,
            "research_to_sale_ratio": 2.41,
            "price_fair": 47.6,
            "eps_avg_yearly": 1.36,
            "eps_latest_yearly": 0.04,
            "eps_growth_yearly": 1458.88
        },
        "20163": {
            "year_quarter": 20163,
            "year": 2016,
            "quarter": 3,
            "eps": -0.22,
            "eps_growth_year": null,
            "eps_4q": 1.29,
            "eps_4q_growth_year": null,
            "roe": -2.22,
            "roe_4q": 13.34,
            "gross_profit": -1084,
            "gross_margin": -17.97,
            "gross_margin_4q_avg": -99.54,
            "net_income": -17402,
            "revenue": 6031,
            "common_shares": 802654,
            "book_valuer_per_share": 9.65,
            "book_valuer_per_share_4q_avg": 10.35,
            "equity": 774679,
            "current_ratio": 205.99,
            "debt_ratio": 47.87,
            "inventory_turnover_ratio": 0.01,
            "account_receivable_turnover_ratio": 0.53,
            "reinvestment_rate": -66.31,
            "research_to_sale_ratio": 0,
            "price_fair": 3.28,
            "eps_avg_yearly": 1.09,
            "eps_latest_yearly": 0.04,
            "eps_growth_yearly": -321.5
        },
        "20164": {
            "year_quarter": 20164,
            "year": 2016,
            "quarter": 4,
            "eps": -0.36,
            "eps_growth_year": -115.63,
            "eps_4q": -1.39,
            "eps_4q_growth_year": -197.99,
            "roe": -3.83,
            "roe_4q": -13.670000000000002,
            "gross_profit": -394,
            "gross_margin": -2.9,
            "gross_margin_4q_avg": -99.3,
            "net_income": -29144,
            "revenue": 13584,
            "common_shares": 802654,
            "book_valuer_per_share": 9.29,
            "book_valuer_per_share_4q_avg": 9.88,
            "equity": 745535,
            "current_ratio": 183.55,
            "debt_ratio": 53.52,
            "inventory_turnover_ratio": 0.02,
            "account_receivable_turnover_ratio": 1.16,
            "reinvestment_rate": -82.92,
            "research_to_sale_ratio": 0,
            "price_fair": 3.72,
            "eps_avg_yearly": 1.24,
            "eps_latest_yearly": 0.04,
            "eps_growth_yearly": -356.32
        },
        "20171": {
            "year_quarter": 20171,
            "year": 2017,
            "quarter": 1,
            "eps": -0.21,
            "eps_growth_year": null,
            "eps_4q": -1.12,
            "eps_4q_growth_year": -184.86,
            "roe": -2.32,
            "roe_4q": -11.55,
            "gross_profit": 87,
            "gross_margin": 4.13,
            "gross_margin_4q_avg": -17.39,
            "net_income": -17110,
            "revenue": 2105,
            "common_shares": 802654,
            "book_valuer_per_share": 9.08,
            "book_valuer_per_share_4q_avg": 9.47,
            "equity": 728425,
            "current_ratio": 177.77,
            "debt_ratio": 55.3,
            "inventory_turnover_ratio": 0,
            "account_receivable_turnover_ratio": 0.23,
            "reinvestment_rate": -97.38,
            "research_to_sale_ratio": 0,
            "price_fair": 3.72,
            "eps_avg_yearly": 1.24,
            "eps_latest_yearly": 0.04,
            "eps_growth_yearly": -356.32
        },
        "20172": {
            "year_quarter": 20172,
            "year": 2017,
            "quarter": 2,
            "eps": -0.29,
            "eps_growth_year": null,
            "eps_4q": -1.08,
            "eps_4q_growth_year": -185.72,
            "roe": -3.25,
            "roe_4q": -11.620000000000001,
            "gross_profit": -3516,
            "gross_margin": -72.02,
            "gross_margin_4q_avg": -22.19,
            "net_income": -23282,
            "revenue": 4882,
            "common_shares": 802654,
            "book_valuer_per_share": 8.79,
            "book_valuer_per_share_4q_avg": 9.2,
            "equity": 705143,
            "current_ratio": 171.19,
            "debt_ratio": 57.45,
            "inventory_turnover_ratio": 0.01,
            "account_receivable_turnover_ratio": 0.97,
            "reinvestment_rate": -104.98,
            "research_to_sale_ratio": 0,
            "price_fair": 3.72,
            "eps_avg_yearly": 1.24,
            "eps_latest_yearly": 0.04,
            "eps_growth_yearly": -356.32
        },
        "20173": {
            "year_quarter": 20173,
            "year": 2017,
            "quarter": 3,
            "eps": -0.21,
            "eps_growth_year": null,
            "eps_4q": -1.08,
            "eps_4q_growth_year": -183.29,
            "roe": -2.43,
            "roe_4q": -11.83,
            "gross_profit": 202,
            "gross_margin": 4.69,
            "gross_margin_4q_avg": -16.53,
            "net_income": -16924,
            "revenue": 4304,
            "common_shares": 802654,
            "book_valuer_per_share": 8.57,
            "book_valuer_per_share_4q_avg": 8.93,
            "equity": 688219,
            "current_ratio": 162.31,
            "debt_ratio": 60.5,
            "inventory_turnover_ratio": 0,
            "account_receivable_turnover_ratio": 0.73,
            "reinvestment_rate": -107.58,
            "research_to_sale_ratio": 0,
            "price_fair": 3.72,
            "eps_avg_yearly": 1.24,
            "eps_latest_yearly": 0.04,
            "eps_growth_yearly": -356.32
        },
        "20174": {
            "year_quarter": 20174,
            "year": 2017,
            "quarter": 4,
            "eps": 0.68,
            "eps_growth_year": null,
            "eps_4q": -0.03,
            "eps_4q_growth_year": null,
            "roe": 7.67,
            "roe_4q": -0.3299999999999996,
            "gross_profit": 38577,
            "gross_margin": 15.6,
            "gross_margin_4q_avg": -11.9,
            "net_income": 54921,
            "revenue": 247316,
            "common_shares": 802654,
            "book_valuer_per_share": 9.26,
            "book_valuer_per_share_4q_avg": 8.93,
            "equity": 743153,
            "current_ratio": 183.89,
            "debt_ratio": 50.5,
            "inventory_turnover_ratio": 0.21,
            "account_receivable_turnover_ratio": 41.37,
            "reinvestment_rate": -2376.27,
            "research_to_sale_ratio": 0,
            "price_fair": 3.72,
            "eps_avg_yearly": 1.24,
            "eps_latest_yearly": 0.04,
            "eps_growth_yearly": -356.32
        },
        "20181": {
            "year_quarter": 20181,
            "year": 2018,
            "quarter": 1,
            "eps": -0.14,
            "eps_growth_year": null,
            "eps_4q": 0.04,
            "eps_4q_growth_year": null,
            "roe": -1.59,
            "roe_4q": 0.3999999999999999,
            "gross_profit": 7994,
            "gross_margin": 17.31,
            "gross_margin_4q_avg": -8.61,
            "net_income": -11341,
            "revenue": 46171,
            "common_shares": 802654,
            "book_valuer_per_share": 8.49,
            "book_valuer_per_share_4q_avg": 8.78,
            "equity": 681066,
            "current_ratio": 181.56,
            "debt_ratio": 51.3,
            "inventory_turnover_ratio": 0.04,
            "account_receivable_turnover_ratio": 14.39,
            "reinvestment_rate": null,
            "research_to_sale_ratio": null,
            "price_fair": 0.12,
            "eps_avg_yearly": 0.04,
            "eps_latest_yearly": 0.04,
            "eps_growth_yearly": -393.44
        },
        "20182": {
            "year_quarter": 20182,
            "year": 2018,
            "quarter": 2,
            "eps": -0.31,
            "eps_growth_year": null,
            "eps_4q": 0.03,
            "eps_4q_growth_year": null,
            "roe": -3.66,
            "roe_4q": -0.010000000000000231,
            "gross_profit": 2321,
            "gross_margin": 11.58,
            "gross_margin_4q_avg": 12.3,
            "net_income": -24502,
            "revenue": 20045,
            "common_shares": 802654,
            "book_valuer_per_share": 8.18,
            "book_valuer_per_share_4q_avg": 8.63,
            "equity": 656615,
            "current_ratio": 172.27,
            "debt_ratio": 54.12,
            "inventory_turnover_ratio": 0.02,
            "account_receivable_turnover_ratio": 45.87,
            "reinvestment_rate": null,
            "research_to_sale_ratio": null,
            "price_fair": 0,
            "eps_avg_yearly": 0,
            "eps_latest_yearly": 0,
            "eps_growth_yearly": 0
        },
        "20183": {
            "year_quarter": 20183,
            "year": 2018,
            "quarter": 3,
            "eps": -0.42,
            "eps_growth_year": null,
            "eps_4q": -0.19,
            "eps_4q_growth_year": null,
            "roe": -5.31,
            "roe_4q": -2.889999999999999,
            "gross_profit": 0,
            "gross_margin": null,
            "gross_margin_4q_avg": 11.12,
            "net_income": -33951,
            "revenue": 0,
            "common_shares": 802654,
            "book_valuer_per_share": 7.76,
            "book_valuer_per_share_4q_avg": 8.42,
            "equity": 622478,
            "current_ratio": 167.75,
            "debt_ratio": 55.49,
            "inventory_turnover_ratio": 0,
            "account_receivable_turnover_ratio": 0,
            "reinvestment_rate": null,
            "research_to_sale_ratio": null,
            "price_fair": 0,
            "eps_avg_yearly": 0,
            "eps_latest_yearly": 0,
            "eps_growth_yearly": 0
        },
        "20184": {
            "year_quarter": 20184,
            "year": 2018,
            "quarter": 4,
            "eps": -0.3,
            "eps_growth_year": -143.21,
            "eps_4q": -1.17,
            "eps_4q_growth_year": null,
            "roe": -3.9,
            "roe_4q": -14.459999999999999,
            "gross_profit": 2353,
            "gross_margin": 17.23,
            "gross_margin_4q_avg": 11.53,
            "net_income": -23730,
            "revenue": 13660,
            "common_shares": 802654,
            "book_valuer_per_share": 7.42,
            "book_valuer_per_share_4q_avg": 7.96,
            "equity": 595348,
            "current_ratio": 158.84,
            "debt_ratio": 58.8,
            "inventory_turnover_ratio": 0.01,
            "account_receivable_turnover_ratio": 40.18,
            "reinvestment_rate": null,
            "research_to_sale_ratio": 0,
            "price_fair": 0,
            "eps_avg_yearly": 0,
            "eps_latest_yearly": 0,
            "eps_growth_yearly": 0
        },
        "20191": {
            "year_quarter": 20191,
            "year": 2019,
            "quarter": 1,
            "eps": -0.24,
            "eps_growth_year": null,
            "eps_4q": -1.27,
            "eps_4q_growth_year": -3116.54,
            "roe": -3.35,
            "roe_4q": -16.22,
            "gross_profit": 2547,
            "gross_margin": 15.88,
            "gross_margin_4q_avg": 11.17,
            "net_income": -19596,
            "revenue": 16044,
            "common_shares": 802654,
            "book_valuer_per_share": 7.17,
            "book_valuer_per_share_4q_avg": 7.63,
            "equity": 575777,
            "current_ratio": 156.88,
            "debt_ratio": 59.67,
            "inventory_turnover_ratio": 0.01,
            "account_receivable_turnover_ratio": 25.92,
            "reinvestment_rate": null,
            "research_to_sale_ratio": null,
            "price_fair": 0,
            "eps_avg_yearly": 0,
            "eps_latest_yearly": 0,
            "eps_growth_yearly": 0
        },
        "20192": {
            "year_quarter": 20192,
            "year": 2019,
            "quarter": 2,
            "eps": -0.27,
            "eps_growth_year": null,
            "eps_4q": -1.23,
            "eps_4q_growth_year": -4692.71,
            "roe": -3.83,
            "roe_4q": -16.39,
            "gross_profit": 3419,
            "gross_margin": 14.49,
            "gross_margin_4q_avg": 11.9,
            "net_income": -21650,
            "revenue": 23599,
            "common_shares": 802654,
            "book_valuer_per_share": 6.9,
            "book_valuer_per_share_4q_avg": 7.31,
            "equity": 554028,
            "current_ratio": 152.01,
            "debt_ratio": 61.54,
            "inventory_turnover_ratio": 0.02,
            "account_receivable_turnover_ratio": 28.31,
            "reinvestment_rate": null,
            "research_to_sale_ratio": null,
            "price_fair": 0,
            "eps_avg_yearly": 0,
            "eps_latest_yearly": 0,
            "eps_growth_yearly": 0
        },
        "20193": {
            "year_quarter": 20193,
            "year": 2019,
            "quarter": 3,
            "eps": -0.19,
            "eps_growth_year": null,
            "eps_4q": -1,
            "eps_4q_growth_year": null,
            "roe": -2.73,
            "roe_4q": -13.81,
            "gross_profit": 10575,
            "gross_margin": 16.18,
            "gross_margin_4q_avg": 15.95,
            "net_income": -14940,
            "revenue": 65345,
            "common_shares": 802654,
            "book_valuer_per_share": 6.71,
            "book_valuer_per_share_4q_avg": 7.05,
            "equity": 538920,
            "current_ratio": 154.22,
            "debt_ratio": 60.46,
            "inventory_turnover_ratio": 0.06,
            "account_receivable_turnover_ratio": 52.78,
            "reinvestment_rate": null,
            "research_to_sale_ratio": null,
            "price_fair": 0,
            "eps_avg_yearly": 0,
            "eps_latest_yearly": 0,
            "eps_growth_yearly": 0
        },
        "20194": {
            "year_quarter": 20194,
            "year": 2019,
            "quarter": 4,
            "eps": -0.17,
            "eps_growth_year": null,
            "eps_4q": -0.73,
            "eps_4q_growth_year": null,
            "roe": -2.79,
            "roe_4q": -12.7,
            "gross_profit": 3945,
            "gross_margin": 17.79,
            "gross_margin_4q_avg": 16.09,
            "net_income": -16806,
            "revenue": 22180,
            "common_shares": 1002654,
            "book_valuer_per_share": 6.64,
            "book_valuer_per_share_4q_avg": 6.86,
            "equity": 666087,
            "current_ratio": 170.24,
            "debt_ratio": 54.99,
            "inventory_turnover_ratio": 0.02,
            "account_receivable_turnover_ratio": 12.73,
            "reinvestment_rate": null,
            "research_to_sale_ratio": null,
            "price_fair": 0,
            "eps_avg_yearly": 0,
            "eps_latest_yearly": 0,
            "eps_growth_yearly": 0
        },
        "20201": {
            "year_quarter": 20201,
            "year": 2020,
            "quarter": 1,
            "eps": -0.14,
            "eps_growth_year": null,
            "eps_4q": -0.67,
            "eps_4q_growth_year": null,
            "roe": -2.15,
            "roe_4q": -11.5,
            "gross_profit": 8363,
            "gross_margin": 13.46,
            "gross_margin_4q_avg": 15.48,
            "net_income": -14149,
            "revenue": 62142,
            "common_shares": 1002654,
            "book_valuer_per_share": 6.5,
            "book_valuer_per_share_4q_avg": 6.69,
            "equity": 651877,
            "current_ratio": 175.19,
            "debt_ratio": 53.92,
            "inventory_turnover_ratio": 0.06,
            "account_receivable_turnover_ratio": 9.95,
            "reinvestment_rate": null,
            "research_to_sale_ratio": null,
            "price_fair": 0,
            "eps_avg_yearly": 0,
            "eps_latest_yearly": 0,
            "eps_growth_yearly": 0
        },
        "20202": {
            "year_quarter": 20202,
            "year": 2020,
            "quarter": 2,
            "eps": -0.15,
            "eps_growth_year": null,
            "eps_4q": -0.61,
            "eps_4q_growth_year": null,
            "roe": -2.3,
            "roe_4q": -9.969999999999999,
            "gross_profit": 6553,
            "gross_margin": 11.05,
            "gross_margin_4q_avg": 14.62,
            "net_income": -14835,
            "revenue": 59317,
            "common_shares": 1002654,
            "book_valuer_per_share": 6.35,
            "book_valuer_per_share_4q_avg": 6.55,
            "equity": 636981,
            "current_ratio": 182.41,
            "debt_ratio": 51.34,
            "inventory_turnover_ratio": 0.06,
            "account_receivable_turnover_ratio": 5.73,
            "reinvestment_rate": null,
            "research_to_sale_ratio": null,
            "price_fair": 0,
            "eps_avg_yearly": 0,
            "eps_latest_yearly": 0,
            "eps_growth_yearly": 0
        },
        "20203": {
            "year_quarter": 20203,
            "year": 2020,
            "quarter": 3,
            "eps": -0.15,
            "eps_growth_year": null,
            "eps_4q": -0.61,
            "eps_4q_growth_year": null,
            "roe": -2.39,
            "roe_4q": -9.629999999999999,
            "gross_profit": 2314,
            "gross_margin": 43.69,
            "gross_margin_4q_avg": 21.5,
            "net_income": -15024,
            "revenue": 5296,
            "common_shares": 1002654,
            "book_valuer_per_share": 6.21,
            "book_valuer_per_share_4q_avg": 6.43,
            "equity": 622217,
            "current_ratio": 176.02,
            "debt_ratio": 53.05,
            "inventory_turnover_ratio": 0,
            "account_receivable_turnover_ratio": 0.6,
            "reinvestment_rate": null,
            "research_to_sale_ratio": null,
            "price_fair": 0,
            "eps_avg_yearly": 0,
            "eps_latest_yearly": 0,
            "eps_growth_yearly": 0
        },
        "20204": {
            "year_quarter": 20204,
            "year": 2020,
            "quarter": 4,
            "eps": -0.18,
            "eps_growth_year": null,
            "eps_4q": -0.62,
            "eps_4q_growth_year": null,
            "roe": -2.9,
            "roe_4q": -9.74,
            "gross_profit": 3544,
            "gross_margin": 3.81,
            "gross_margin_4q_avg": 18,
            "net_income": -17767,
            "revenue": 93007,
            "common_shares": 1002654,
            "book_valuer_per_share": 6.03,
            "book_valuer_per_share_4q_avg": 6.27,
            "equity": 604837,
            "current_ratio": 166.44,
            "debt_ratio": 56.1,
            "inventory_turnover_ratio": 0.1,
            "account_receivable_turnover_ratio": 19.95,
            "reinvestment_rate": null,
            "research_to_sale_ratio": null,
            "price_fair": 0,
            "eps_avg_yearly": 0,
            "eps_latest_yearly": 0,
            "eps_growth_yearly": 0
        },
        "20211": {
            "year_quarter": 20211,
            "year": 2021,
            "quarter": 1,
            "eps": -0.15,
            "eps_growth_year": null,
            "eps_4q": -0.63,
            "eps_4q_growth_year": null,
            "roe": -2.58,
            "roe_4q": -10.170000000000002,
            "gross_profit": 3319,
            "gross_margin": 44.75,
            "gross_margin_4q_avg": 25.83,
            "net_income": -15414,
            "revenue": 7416,
            "common_shares": 1002654,
            "book_valuer_per_share": 5.88,
            "book_valuer_per_share_4q_avg": 6.12,
            "equity": 589344,
            "current_ratio": 159.07,
            "debt_ratio": 58.72,
            "inventory_turnover_ratio": 0,
            "account_receivable_turnover_ratio": 1.27,
            "reinvestment_rate": null,
            "research_to_sale_ratio": null,
            "price_fair": 0,
            "eps_avg_yearly": 0,
            "eps_latest_yearly": 0,
            "eps_growth_yearly": 0
        },
        "20212": {
            "year_quarter": 20212,
            "year": 2021,
            "quarter": 2,
            "eps": -0.05,
            "eps_growth_year": null,
            "eps_4q": -0.53,
            "eps_4q_growth_year": null,
            "roe": -0.89,
            "roe_4q": -8.76,
            "gross_profit": 11674,
            "gross_margin": 20.61,
            "gross_margin_4q_avg": 28.22,
            "net_income": -5198,
            "revenue": 56647,
            "common_shares": 1002654,
            "book_valuer_per_share": 5.83,
            "book_valuer_per_share_4q_avg": 5.99,
            "equity": 584065,
            "current_ratio": 160.76,
            "debt_ratio": 58,
            "inventory_turnover_ratio": 0.05,
            "account_receivable_turnover_ratio": 4.39,
            "reinvestment_rate": null,
            "research_to_sale_ratio": null,
            "price_fair": 0,
            "eps_avg_yearly": 0,
            "eps_latest_yearly": 0,
            "eps_growth_yearly": 0
        },
        "20213": {
            "year_quarter": 20213,
            "year": 2021,
            "quarter": 3,
            "eps": -0.07,
            "eps_growth_year": null,
            "eps_4q": -0.45,
            "eps_4q_growth_year": null,
            "roe": -1.11,
            "roe_4q": -7.48,
            "gross_profit": 9957,
            "gross_margin": 57.21,
            "gross_margin_4q_avg": 31.6,
            "net_income": -6587,
            "revenue": 17404,
            "common_shares": 1002654,
            "book_valuer_per_share": 5.98,
            "book_valuer_per_share_4q_avg": 5.93,
            "equity": 599297,
            "current_ratio": 239.8,
            "debt_ratio": 58.6,
            "inventory_turnover_ratio": 0.01,
            "account_receivable_turnover_ratio": 0.96,
            "reinvestment_rate": null,
            "research_to_sale_ratio": null,
            "price_fair": 0,
            "eps_avg_yearly": 0,
            "eps_latest_yearly": 0,
            "eps_growth_yearly": 0
        },
        "20214": {
            "year_quarter": 20214,
            "year": 2021,
            "quarter": 4,
            "eps": -0.06,
            "eps_growth_year": null,
            "eps_4q": -0.34,
            "eps_4q_growth_year": null,
            "roe": -1.08,
            "roe_4q": -5.66,
            "gross_profit": 7033,
            "gross_margin": 6.76,
            "gross_margin_4q_avg": 32.33,
            "net_income": -6478,
            "revenue": 104007,
            "common_shares": 1002654,
            "book_valuer_per_share": 5.95,
            "book_valuer_per_share_4q_avg": 5.91,
            "equity": 596326,
            "current_ratio": 235.68,
            "debt_ratio": 59.13,
            "inventory_turnover_ratio": 0.11,
            "account_receivable_turnover_ratio": 2.47,
            "reinvestment_rate": null,
            "research_to_sale_ratio": null,
            "price_fair": 0,
            "eps_avg_yearly": 0,
            "eps_latest_yearly": 0,
            "eps_growth_yearly": 0
        },
        "20221": {
            "year_quarter": 20221,
            "year": 2022,
            "quarter": 1,
            "eps": -0.21,
            "eps_growth_year": null,
            "eps_4q": -0.39,
            "eps_4q_growth_year": null,
            "roe": -3.62,
            "roe_4q": -6.7,
            "gross_profit": 8347,
            "gross_margin": 4.21,
            "gross_margin_4q_avg": 22.2,
            "net_income": -21207,
            "revenue": 198401,
            "common_shares": 1002654,
            "book_valuer_per_share": 5.74,
            "book_valuer_per_share_4q_avg": 5.88,
            "equity": 575445,
            "current_ratio": 270.03,
            "debt_ratio": 56.15,
            "inventory_turnover_ratio": 0.25,
            "account_receivable_turnover_ratio": 3.65,
            "reinvestment_rate": null,
            "research_to_sale_ratio": null,
            "price_fair": 0,
            "eps_avg_yearly": 0,
            "eps_latest_yearly": 0,
            "eps_growth_yearly": 0
        },
        "20222": {
            "year_quarter": 20222,
            "year": 2022,
            "quarter": 2,
            "eps": -0.15,
            "eps_growth_year": null,
            "eps_4q": -0.49,
            "eps_4q_growth_year": null,
            "roe": -2.55,
            "roe_4q": -8.36,
            "gross_profit": 3388,
            "gross_margin": 15.52,
            "gross_margin_4q_avg": 20.93,
            "net_income": -14543,
            "revenue": 21831,
            "common_shares": 1002654,
            "book_valuer_per_share": 5.62,
            "book_valuer_per_share_4q_avg": 5.82,
            "equity": 563432,
            "current_ratio": 266.39,
            "debt_ratio": 56.8,
            "inventory_turnover_ratio": 0.03,
            "account_receivable_turnover_ratio": 0.68,
            "reinvestment_rate": null,
            "research_to_sale_ratio": null,
            "price_fair": 0,
            "eps_avg_yearly": 0,
            "eps_latest_yearly": 0,
            "eps_growth_yearly": 0
        },
        "20223": {
            "year_quarter": 20223,
            "year": 2022,
            "quarter": 3,
            "eps": -0.13,
            "eps_growth_year": null,
            "eps_4q": -0.55,
            "eps_4q_growth_year": null,
            "roe": -2.39,
            "roe_4q": -9.639999999999999,
            "gross_profit": 2590,
            "gross_margin": 2.04,
            "gross_margin_4q_avg": 7.13,
            "net_income": -13306,
            "revenue": 126721,
            "common_shares": 1002654,
            "book_valuer_per_share": 5.49,
            "book_valuer_per_share_4q_avg": 5.7,
            "equity": 550184,
            "current_ratio": 237.43,
            "debt_ratio": 60.04,
            "inventory_turnover_ratio": 0.19,
            "account_receivable_turnover_ratio": 6.61,
            "reinvestment_rate": null,
            "research_to_sale_ratio": null,
            "price_fair": 0,
            "eps_avg_yearly": 0,
            "eps_latest_yearly": 0,
            "eps_growth_yearly": 0
        },
        "20224": {
            "year_quarter": 20224,
            "year": 2022,
            "quarter": 4,
            "eps": -0.45,
            "eps_growth_year": null,
            "eps_4q": -0.94,
            "eps_4q_growth_year": null,
            "roe": -8.64,
            "roe_4q": -17.200000000000003,
            "gross_profit": -12376,
            "gross_margin": -654.81,
            "gross_margin_4q_avg": -158.26,
            "net_income": -45572,
            "revenue": 1890,
            "common_shares": 1002654,
            "book_valuer_per_share": 5.03,
            "book_valuer_per_share_4q_avg": 5.47,
            "equity": 504484,
            "current_ratio": 226.9,
            "debt_ratio": 62.59,
            "inventory_turnover_ratio": 0.02,
            "account_receivable_turnover_ratio": 0.15,
            "reinvestment_rate": null,
            "research_to_sale_ratio": null,
            "price_fair": 0,
            "eps_avg_yearly": 0,
            "eps_latest_yearly": 0,
            "eps_growth_yearly": 0
        },
        "20231": {
            "year_quarter": 20231,
            "year": 2023,
            "quarter": 1,
            "eps": -0.31,
            "eps_growth_year": null,
            "eps_4q": -1.04,
            "eps_4q_growth_year": null,
            "roe": -5.96,
            "roe_4q": -19.540000000000003,
            "gross_profit": -66,
            "gross_margin": -3.86,
            "gross_margin_4q_avg": -160.28,
            "net_income": -30656,
            "revenue": 1709,
            "common_shares": 1002654,
            "book_valuer_per_share": 5.22,
            "book_valuer_per_share_4q_avg": 5.34,
            "equity": 523647,
            "current_ratio": 214.38,
            "debt_ratio": 63.48,
            "inventory_turnover_ratio": 0,
            "account_receivable_turnover_ratio": 0.49,
            "reinvestment_rate": null,
            "research_to_sale_ratio": null,
            "price_fair": 0,
            "eps_avg_yearly": 0,
            "eps_latest_yearly": 0,
            "eps_growth_yearly": 0
        }
    },
    "months": {
        "2001-06": {
            "month": "2001-06",
            "price": "1.64",
            "revenue": 53645
        },
        "2001-07": {
            "month": "2001-07",
            "price": "1.31",
            "revenue": 55352
        },
        "2001-08": {
            "month": "2001-08",
            "price": "1.49",
            "revenue": 51618
        },
        "2001-09": {
            "month": "2001-09",
            "price": "1.47",
            "revenue": 44047
        },
        "2001-10": {
            "month": "2001-10",
            "price": "1.06",
            "revenue": 46901
        },
        "2001-11": {
            "month": "2001-11",
            "price": "2.28",
            "revenue": 53770
        },
        "2001-12": {
            "month": "2001-12",
            "price": "2.91",
            "revenue": 41127
        },
        "2002-01": {
            "month": "2002-01",
            "price": "2.79",
            "revenue": 36917
        },
        "2002-02": {
            "month": "2002-02",
            "price": "4.06",
            "revenue": 10107
        },
        "2002-03": {
            "month": "2002-03",
            "price": "4.06",
            "revenue": 14810
        },
        "2002-04": {
            "month": "2002-04",
            "price": "4.21",
            "revenue": 8653
        },
        "2002-05": {
            "month": "2002-05",
            "price": "3.03",
            "revenue": 6673
        },
        "2002-06": {
            "month": "2002-06",
            "price": "3.68",
            "revenue": 9075
        },
        "2002-07": {
            "month": "2002-07",
            "price": "3.69",
            "revenue": 3024
        },
        "2002-08": {
            "month": "2002-08",
            "price": "3.50",
            "revenue": 19888
        },
        "2002-09": {
            "month": "2002-09",
            "price": "2.83",
            "revenue": 15471
        },
        "2002-10": {
            "month": "2002-10",
            "price": "2.35",
            "revenue": 7147
        },
        "2002-11": {
            "month": "2002-11",
            "price": "2.47",
            "revenue": 5468
        },
        "2002-12": {
            "month": "2002-12",
            "price": "2.49",
            "revenue": 6255
        },
        "2003-01": {
            "month": "2003-01",
            "price": "2.92",
            "revenue": 604
        },
        "2003-02": {
            "month": "2003-02",
            "price": "2.58",
            "revenue": 979
        },
        "2003-03": {
            "month": "2003-03",
            "price": "2.32",
            "revenue": 304
        },
        "2003-04": {
            "month": "2003-04",
            "price": "2.18",
            "revenue": 290
        },
        "2003-05": {
            "month": "2003-05",
            "price": "1.73",
            "revenue": 111
        },
        "2003-06": {
            "month": "2003-06",
            "price": "1.82",
            "revenue": 125
        },
        "2003-07": {
            "month": "2003-07",
            "price": "0.97",
            "revenue": 56
        },
        "2003-08": {
            "month": "2003-08",
            "price": "0.96",
            "revenue": 16755
        },
        "2003-09": {
            "month": "2003-09",
            "price": "0.69",
            "revenue": 13094
        },
        "2003-10": {
            "month": "2003-10",
            "price": "0.90",
            "revenue": 12746
        },
        "2003-11": {
            "month": "2003-11",
            "price": "0.99",
            "revenue": 13796
        },
        "2003-12": {
            "month": "2003-12",
            "price": "0.92",
            "revenue": 10407
        },
        "2004-01": {
            "month": "2004-01",
            "price": "1.01",
            "revenue": 4608
        },
        "2004-02": {
            "month": "2004-02",
            "price": "1.97",
            "revenue": 1284
        },
        "2004-03": {
            "month": "2004-03",
            "price": "1.88",
            "revenue": 553
        },
        "2004-04": {
            "month": "2004-04",
            "price": "1.79",
            "revenue": 736
        },
        "2004-05": {
            "month": "2004-05",
            "price": "1.29",
            "revenue": 178
        },
        "2004-06": {
            "month": "2004-06",
            "price": "1.13",
            "revenue": 255
        },
        "2004-07": {
            "month": "2004-07",
            "price": "1.10",
            "revenue": 348
        },
        "2004-08": {
            "month": "2004-08",
            "price": "1.00",
            "revenue": 36
        },
        "2004-09": {
            "month": "2004-09",
            "price": "1.00",
            "revenue": 85
        },
        "2004-10": {
            "month": "2004-10",
            "price": "1.03",
            "revenue": 123
        },
        "2004-11": {
            "month": "2004-11",
            "price": "0.98",
            "revenue": 106
        },
        "2004-12": {
            "month": "2004-12",
            "price": "1.07",
            "revenue": 598
        },
        "2005-01": {
            "month": "2005-01",
            "price": "1.54",
            "revenue": 788
        },
        "2005-02": {
            "month": "2005-02",
            "price": "1.66",
            "revenue": 322
        },
        "2005-03": {
            "month": "2005-03",
            "price": "1.59",
            "revenue": 2942
        },
        "2005-04": {
            "month": "2005-04",
            "price": "1.37",
            "revenue": 1358
        },
        "2005-05": {
            "month": "2005-05",
            "price": "1.11",
            "revenue": 2435
        },
        "2005-06": {
            "month": "2005-06",
            "price": "1.43",
            "revenue": 2447
        },
        "2005-07": {
            "month": "2005-07",
            "price": "1.62",
            "revenue": 3082
        },
        "2005-08": {
            "month": "2005-08",
            "price": "1.43",
            "revenue": 3620
        },
        "2005-09": {
            "month": "2005-09",
            "price": "1.15",
            "revenue": 6082
        },
        "2005-10": {
            "month": "2005-10",
            "price": "1.05",
            "revenue": 7714
        },
        "2005-11": {
            "month": "2005-11",
            "price": "1.04",
            "revenue": 9933
        },
        "2005-12": {
            "month": "2005-12",
            "price": "0.98",
            "revenue": 99258
        },
        "2006-01": {
            "month": "2006-01",
            "price": "1.02",
            "revenue": 13785
        },
        "2006-02": {
            "month": "2006-02",
            "price": "1.05",
            "revenue": 11600
        },
        "2006-03": {
            "month": "2006-03",
            "price": "1.05",
            "revenue": 21503
        },
        "2006-04": {
            "month": "2006-04",
            "price": "0.94",
            "revenue": 16008
        },
        "2006-05": {
            "month": "2006-05",
            "price": "1.42",
            "revenue": 16270
        },
        "2006-06": {
            "month": "2006-06",
            "price": "1.77",
            "revenue": 25274
        },
        "2006-07": {
            "month": "2006-07",
            "price": "1.58",
            "revenue": 23510
        },
        "2006-08": {
            "month": "2006-08",
            "price": "1.40",
            "revenue": 35223
        },
        "2006-09": {
            "month": "2006-09",
            "price": "1.47",
            "revenue": 25825
        },
        "2006-10": {
            "month": "2006-10",
            "price": "1.65",
            "revenue": 26028
        },
        "2006-11": {
            "month": "2006-11",
            "price": "1.77",
            "revenue": 26662
        },
        "2006-12": {
            "month": "2006-12",
            "price": "11.12",
            "revenue": 29566
        },
        "2007-01": {
            "month": "2007-01",
            "price": "13.46",
            "revenue": 30831
        },
        "2007-02": {
            "month": "2007-02",
            "price": "11.00",
            "revenue": 14345
        },
        "2007-03": {
            "month": "2007-03",
            "price": "11.38",
            "revenue": 31753
        },
        "2007-04": {
            "month": "2007-04",
            "price": "11.92",
            "revenue": 41051
        },
        "2007-05": {
            "month": "2007-05",
            "price": "10.39",
            "revenue": 46422
        },
        "2007-06": {
            "month": "2007-06",
            "price": "10.22",
            "revenue": 36013
        },
        "2007-07": {
            "month": "2007-07",
            "price": "10.99",
            "revenue": 39637
        },
        "2007-08": {
            "month": "2007-08",
            "price": "12.66",
            "revenue": 24275
        },
        "2007-09": {
            "month": "2007-09",
            "price": "12.03",
            "revenue": 40071
        },
        "2007-10": {
            "month": "2007-10",
            "price": "10.08",
            "revenue": 40507
        },
        "2007-11": {
            "month": "2007-11",
            "price": "9.36",
            "revenue": 34080
        },
        "2007-12": {
            "month": "2007-12",
            "price": "9.64",
            "revenue": 43078
        },
        "2008-01": {
            "month": "2008-01",
            "price": "9.51",
            "revenue": 46626
        },
        "2008-02": {
            "month": "2008-02",
            "price": "8.81",
            "revenue": 12358
        },
        "2008-03": {
            "month": "2008-03",
            "price": "9.24",
            "revenue": 43147
        },
        "2008-04": {
            "month": "2008-04",
            "price": "9.04",
            "revenue": 40079
        },
        "2008-05": {
            "month": "2008-05",
            "price": "8.57",
            "revenue": 32255
        },
        "2008-06": {
            "month": "2008-06",
            "price": "8.77",
            "revenue": 30161
        },
        "2008-07": {
            "month": "2008-07",
            "price": "8.53",
            "revenue": 24875
        },
        "2008-08": {
            "month": "2008-08",
            "price": "7.56",
            "revenue": 18963
        },
        "2008-09": {
            "month": "2008-09",
            "price": "7.15",
            "revenue": 26769
        },
        "2008-10": {
            "month": "2008-10",
            "price": "5.96",
            "revenue": 19111
        },
        "2008-11": {
            "month": "2008-11",
            "price": "3.96",
            "revenue": 14638
        },
        "2008-12": {
            "month": "2008-12",
            "price": "3.69",
            "revenue": 14844
        },
        "2009-01": {
            "month": "2009-01",
            "price": "4.27",
            "revenue": 9752
        },
        "2009-02": {
            "month": "2009-02",
            "price": "4.54",
            "revenue": 4393
        },
        "2009-03": {
            "month": "2009-03",
            "price": "4.25",
            "revenue": 9262
        },
        "2009-04": {
            "month": "2009-04",
            "price": "4.37",
            "revenue": 11399
        },
        "2009-05": {
            "month": "2009-05",
            "price": "4.48",
            "revenue": 13181
        },
        "2009-06": {
            "month": "2009-06",
            "price": "4.01",
            "revenue": 18756
        },
        "2009-07": {
            "month": "2009-07",
            "price": "3.72",
            "revenue": 20391
        },
        "2009-08": {
            "month": "2009-08",
            "price": "6.35",
            "revenue": 11901
        },
        "2009-09": {
            "month": "2009-09",
            "price": "6.83",
            "revenue": 18276
        },
        "2009-10": {
            "month": "2009-10",
            "price": "7.99",
            "revenue": 97465
        },
        "2009-11": {
            "month": "2009-11",
            "price": "6.98",
            "revenue": 129139
        },
        "2009-12": {
            "month": "2009-12",
            "price": "7.07",
            "revenue": 95442
        },
        "2010-01": {
            "month": "2010-01",
            "price": "7.14",
            "revenue": 36097
        },
        "2010-02": {
            "month": "2010-02",
            "price": "6.99",
            "revenue": 26530
        },
        "2010-03": {
            "month": "2010-03",
            "price": "6.89",
            "revenue": 18445
        },
        "2010-04": {
            "month": "2010-04",
            "price": "6.24",
            "revenue": 15393
        },
        "2010-05": {
            "month": "2010-05",
            "price": "5.48",
            "revenue": 17894
        },
        "2010-06": {
            "month": "2010-06",
            "price": "5.25",
            "revenue": 35807
        },
        "2010-07": {
            "month": "2010-07",
            "price": "5.77",
            "revenue": 5190
        },
        "2010-08": {
            "month": "2010-08",
            "price": "10.59",
            "revenue": 1554
        },
        "2010-09": {
            "month": "2010-09",
            "price": "10.84",
            "revenue": 45642
        },
        "2010-10": {
            "month": "2010-10",
            "price": "11.63",
            "revenue": 9764
        },
        "2010-11": {
            "month": "2010-11",
            "price": "10.55",
            "revenue": 56451
        },
        "2010-12": {
            "month": "2010-12",
            "price": "10.67",
            "revenue": 130385
        },
        "2011-01": {
            "month": "2011-01",
            "price": "16.01",
            "revenue": 5836
        },
        "2011-02": {
            "month": "2011-02",
            "price": "16.76",
            "revenue": 2647
        },
        "2011-03": {
            "month": "2011-03",
            "price": "16.16",
            "revenue": 3639
        },
        "2011-04": {
            "month": "2011-04",
            "price": "16.06",
            "revenue": 9374
        },
        "2011-05": {
            "month": "2011-05",
            "price": "15.18",
            "revenue": 2849
        },
        "2011-06": {
            "month": "2011-06",
            "price": "12.56",
            "revenue": 252622
        },
        "2011-07": {
            "month": "2011-07",
            "price": "13.15",
            "revenue": 87223
        },
        "2011-08": {
            "month": "2011-08",
            "price": "15.82",
            "revenue": 431471
        },
        "2011-09": {
            "month": "2011-09",
            "price": "16.63",
            "revenue": 124362
        },
        "2011-10": {
            "month": "2011-10",
            "price": "14.58",
            "revenue": 138961
        },
        "2011-11": {
            "month": "2011-11",
            "price": "14.50",
            "revenue": 169561
        },
        "2011-12": {
            "month": "2011-12",
            "price": "13.85",
            "revenue": 140301
        },
        "2012-01": {
            "month": "2012-01",
            "price": "14.02",
            "revenue": 151002
        },
        "2012-02": {
            "month": "2012-02",
            "price": "14.89",
            "revenue": 79237
        },
        "2012-03": {
            "month": "2012-03",
            "price": "16.83",
            "revenue": 185174
        },
        "2012-04": {
            "month": "2012-04",
            "price": "16.65",
            "revenue": 55163
        },
        "2012-05": {
            "month": "2012-05",
            "price": "17.42",
            "revenue": 67802
        },
        "2012-06": {
            "month": "2012-06",
            "price": "15.84",
            "revenue": 82886
        },
        "2012-07": {
            "month": "2012-07",
            "price": "14.14",
            "revenue": 113746
        },
        "2012-08": {
            "month": "2012-08",
            "price": "14.28",
            "revenue": 114103
        },
        "2012-09": {
            "month": "2012-09",
            "price": "16.74",
            "revenue": 117226
        },
        "2012-10": {
            "month": "2012-10",
            "price": "16.02",
            "revenue": 112918
        },
        "2012-11": {
            "month": "2012-11",
            "price": "15.11",
            "revenue": 63490
        },
        "2012-12": {
            "month": "2012-12",
            "price": "13.97",
            "revenue": 79760
        },
        "2013-01": {
            "month": "2013-01",
            "price": "12.62",
            "revenue": 11842
        },
        "2013-02": {
            "month": "2013-02",
            "price": "12.77",
            "revenue": 11189
        },
        "2013-03": {
            "month": "2013-03",
            "price": "13.84",
            "revenue": 13703
        },
        "2013-04": {
            "month": "2013-04",
            "price": "13.75",
            "revenue": 29458
        },
        "2013-05": {
            "month": "2013-05",
            "price": "15.12",
            "revenue": 15254
        },
        "2013-06": {
            "month": "2013-06",
            "price": "14.93",
            "revenue": 20015
        },
        "2013-07": {
            "month": "2013-07",
            "price": "15.12",
            "revenue": 14327
        },
        "2013-08": {
            "month": "2013-08",
            "price": "15.14",
            "revenue": 15169
        },
        "2013-09": {
            "month": "2013-09",
            "price": "14.80",
            "revenue": 7277
        },
        "2013-10": {
            "month": "2013-10",
            "price": "14.49",
            "revenue": 17221
        },
        "2013-11": {
            "month": "2013-11",
            "price": "15.66",
            "revenue": 14249
        },
        "2013-12": {
            "month": "2013-12",
            "price": "15.41",
            "revenue": 2235672
        },
        "2014-01": {
            "month": "2014-01",
            "price": "15.25",
            "revenue": 465196
        },
        "2014-02": {
            "month": "2014-02",
            "price": "14.92",
            "revenue": 97363
        },
        "2014-03": {
            "month": "2014-03",
            "price": "14.22",
            "revenue": 121570
        },
        "2014-04": {
            "month": "2014-04",
            "price": "12.84",
            "revenue": 65563
        },
        "2014-05": {
            "month": "2014-05",
            "price": "12.57",
            "revenue": 107514
        },
        "2014-06": {
            "month": "2014-06",
            "price": "13.10",
            "revenue": 74791
        },
        "2014-07": {
            "month": "2014-07",
            "price": "12.32",
            "revenue": 16135
        },
        "2014-08": {
            "month": "2014-08",
            "price": "11.37",
            "revenue": 12476
        },
        "2014-09": {
            "month": "2014-09",
            "price": "11.44",
            "revenue": 11257
        },
        "2014-10": {
            "month": "2014-10",
            "price": "11.40",
            "revenue": 16575
        },
        "2014-11": {
            "month": "2014-11",
            "price": "11.16",
            "revenue": 19243
        },
        "2014-12": {
            "month": "2014-12",
            "price": "10.80",
            "revenue": 24101
        },
        "2015-01": {
            "month": "2015-01",
            "price": "10.07",
            "revenue": 23580
        },
        "2015-02": {
            "month": "2015-02",
            "price": "9.55",
            "revenue": 8008
        },
        "2015-03": {
            "month": "2015-03",
            "price": "9.16",
            "revenue": 9270
        },
        "2015-04": {
            "month": "2015-04",
            "price": "8.88",
            "revenue": 15982
        },
        "2015-05": {
            "month": "2015-05",
            "price": "7.86",
            "revenue": 12995
        },
        "2015-06": {
            "month": "2015-06",
            "price": "8.08",
            "revenue": 9837
        },
        "2015-07": {
            "month": "2015-07",
            "price": "7.95",
            "revenue": 5772
        },
        "2015-08": {
            "month": "2015-08",
            "price": "7.94",
            "revenue": 9403
        },
        "2015-09": {
            "month": "2015-09",
            "price": "8.08",
            "revenue": 3469
        },
        "2015-10": {
            "month": "2015-10",
            "price": "7.87",
            "revenue": 8364
        },
        "2015-11": {
            "month": "2015-11",
            "price": "7.52",
            "revenue": 8174
        },
        "2015-12": {
            "month": "2015-12",
            "price": "7.01",
            "revenue": 4780
        },
        "2016-01": {
            "month": "2016-01",
            "price": "6.22",
            "revenue": 3156
        },
        "2016-02": {
            "month": "2016-02",
            "price": "6.68",
            "revenue": 266
        },
        "2016-03": {
            "month": "2016-03",
            "price": "6.85",
            "revenue": -247
        },
        "2016-04": {
            "month": "2016-04",
            "price": "6.99",
            "revenue": 3678
        },
        "2016-05": {
            "month": "2016-05",
            "price": "6.76",
            "revenue": 232
        },
        "2016-06": {
            "month": "2016-06",
            "price": "6.53",
            "revenue": 4395
        },
        "2016-07": {
            "month": "2016-07",
            "price": "6.21",
            "revenue": 605
        },
        "2016-08": {
            "month": "2016-08",
            "price": "5.92",
            "revenue": 977
        },
        "2016-09": {
            "month": "2016-09",
            "price": "5.73",
            "revenue": 4439
        },
        "2016-10": {
            "month": "2016-10",
            "price": "5.55",
            "revenue": 3581
        },
        "2016-11": {
            "month": "2016-11",
            "price": "5.71",
            "revenue": 7291
        },
        "2016-12": {
            "month": "2016-12",
            "price": "5.56",
            "revenue": 2712
        },
        "2017-01": {
            "month": "2017-01",
            "price": "5.59",
            "revenue": 10
        },
        "2017-02": {
            "month": "2017-02",
            "price": "6.75",
            "revenue": 734
        },
        "2017-03": {
            "month": "2017-03",
            "price": "8.19",
            "revenue": 1361
        },
        "2017-04": {
            "month": "2017-04",
            "price": "12.32",
            "revenue": 442
        },
        "2017-05": {
            "month": "2017-05",
            "price": "12.98",
            "revenue": 2702
        },
        "2017-06": {
            "month": "2017-06",
            "price": "12.22",
            "revenue": 1738
        },
        "2017-07": {
            "month": "2017-07",
            "price": "11.48",
            "revenue": 1970
        },
        "2017-08": {
            "month": "2017-08",
            "price": "11.18",
            "revenue": 1632
        },
        "2017-09": {
            "month": "2017-09",
            "price": "13.05",
            "revenue": 701
        },
        "2017-10": {
            "month": "2017-10",
            "price": "13.77",
            "revenue": 681
        },
        "2017-11": {
            "month": "2017-11",
            "price": "13.18",
            "revenue": 15156
        },
        "2017-12": {
            "month": "2017-12",
            "price": "13.29",
            "revenue": 231479
        },
        "2018-01": {
            "month": "2018-01",
            "price": "13.05",
            "revenue": 27981
        },
        "2018-02": {
            "month": "2018-02",
            "price": "12.53",
            "revenue": 11083
        },
        "2018-03": {
            "month": "2018-03",
            "price": "11.77",
            "revenue": 7103
        },
        "2018-04": {
            "month": "2018-04",
            "price": "11.80",
            "revenue": 1834
        },
        "2018-05": {
            "month": "2018-05",
            "price": "13.82",
            "revenue": 11006
        },
        "2018-06": {
            "month": "2018-06",
            "price": "14.18",
            "revenue": 7205
        },
        "2018-07": {
            "month": "2018-07",
            "price": "13.01",
            "revenue": 0
        },
        "2018-08": {
            "month": "2018-08",
            "price": "12.19",
            "revenue": 0
        },
        "2018-09": {
            "month": "2018-09",
            "price": "11.37",
            "revenue": 0
        },
        "2018-10": {
            "month": "2018-10",
            "price": "9.97",
            "revenue": 0
        },
        "2018-11": {
            "month": "2018-11",
            "price": "9.29",
            "revenue": 0
        },
        "2018-12": {
            "month": "2018-12",
            "price": "9.28",
            "revenue": 13660
        },
        "2019-01": {
            "month": "2019-01",
            "price": "9.52",
            "revenue": 15036
        },
        "2019-02": {
            "month": "2019-02",
            "price": "11.70",
            "revenue": 1004
        },
        "2019-03": {
            "month": "2019-03",
            "price": "10.28",
            "revenue": 4
        },
        "2019-04": {
            "month": "2019-04",
            "price": "9.95",
            "revenue": 10542
        },
        "2019-05": {
            "month": "2019-05",
            "price": "9.61",
            "revenue": 4
        },
        "2019-06": {
            "month": "2019-06",
            "price": "9.89",
            "revenue": 13054
        },
        "2019-07": {
            "month": "2019-07",
            "price": "9.90",
            "revenue": 25321
        },
        "2019-08": {
            "month": "2019-08",
            "price": "9.68",
            "revenue": 19160
        },
        "2019-09": {
            "month": "2019-09",
            "price": "9.24",
            "revenue": 20865
        },
        "2019-10": {
            "month": "2019-10",
            "price": "8.92",
            "revenue": 22172
        },
        "2019-11": {
            "month": "2019-11",
            "price": "9.00",
            "revenue": 4
        },
        "2019-12": {
            "month": "2019-12",
            "price": "8.97",
            "revenue": 4
        },
        "2020-01": {
            "month": "2020-01",
            "price": "9.12",
            "revenue": 4
        },
        "2020-02": {
            "month": "2020-02",
            "price": "9.42",
            "revenue": 1448
        },
        "2020-03": {
            "month": "2020-03",
            "price": "9.01",
            "revenue": 60690
        },
        "2020-04": {
            "month": "2020-04",
            "price": "8.37",
            "revenue": 59309
        },
        "2020-05": {
            "month": "2020-05",
            "price": "8.24",
            "revenue": 4
        },
        "2020-06": {
            "month": "2020-06",
            "price": "9.33",
            "revenue": 4
        },
        "2020-07": {
            "month": "2020-07",
            "price": "9.59",
            "revenue": 5143
        },
        "2020-08": {
            "month": "2020-08",
            "price": "9.21",
            "revenue": 45
        },
        "2020-09": {
            "month": "2020-09",
            "price": "9.57",
            "revenue": 108
        },
        "2020-10": {
            "month": "2020-10",
            "price": "10.24",
            "revenue": 199
        },
        "2020-11": {
            "month": "2020-11",
            "price": "10.02",
            "revenue": 51131
        },
        "2020-12": {
            "month": "2020-12",
            "price": "10.03",
            "revenue": 41677
        },
        "2021-01": {
            "month": "2021-01",
            "price": "11.21",
            "revenue": 523
        },
        "2021-02": {
            "month": "2021-02",
            "price": "13.30",
            "revenue": 3105
        },
        "2021-03": {
            "month": "2021-03",
            "price": "15.90",
            "revenue": 3788
        },
        "2021-04": {
            "month": "2021-04",
            "price": "16.04",
            "revenue": 46952
        },
        "2021-05": {
            "month": "2021-05",
            "price": "13.85",
            "revenue": 3456
        },
        "2021-06": {
            "month": "2021-06",
            "price": "13.54",
            "revenue": 6239
        },
        "2021-07": {
            "month": "2021-07",
            "price": "13.42",
            "revenue": 7754
        },
        "2021-08": {
            "month": "2021-08",
            "price": "14.13",
            "revenue": 3595
        },
        "2021-09": {
            "month": "2021-09",
            "price": "14.27",
            "revenue": 6059
        },
        "2021-10": {
            "month": "2021-10",
            "price": "13.96",
            "revenue": 865
        },
        "2021-11": {
            "month": "2021-11",
            "price": "13.77",
            "revenue": 42105
        },
        "2021-12": {
            "month": "2021-12",
            "price": "14.12",
            "revenue": 61033
        },
        "2022-01": {
            "month": "2022-01",
            "price": "13.97",
            "revenue": 3363
        },
        "2022-02": {
            "month": "2022-02",
            "price": "13.63",
            "revenue": 47847
        },
        "2022-03": {
            "month": "2022-03",
            "price": "13.75",
            "revenue": 147191
        },
        "2022-04": {
            "month": "2022-04",
            "price": "13.32",
            "revenue": 5383
        },
        "2022-05": {
            "month": "2022-05",
            "price": "12.16",
            "revenue": 3546
        },
        "2022-06": {
            "month": "2022-06",
            "price": "11.58",
            "revenue": 12902
        },
        "2022-07": {
            "month": "2022-07",
            "price": "11.50",
            "revenue": 39558
        },
        "2022-08": {
            "month": "2022-08",
            "price": "12.04",
            "revenue": 747
        },
        "2022-09": {
            "month": "2022-09",
            "price": "11.74",
            "revenue": 86416
        },
        "2022-10": {
            "month": "2022-10",
            "price": "11.01",
            "revenue": 680
        },
        "2022-11": {
            "month": "2022-11",
            "price": "10.92",
            "revenue": 513
        },
        "2022-12": {
            "month": "2022-12",
            "price": "10.70",
            "revenue": 697
        },
        "2023-01": {
            "month": "2023-01",
            "price": "10.12",
            "revenue": 592
        },
        "2023-02": {
            "month": "2023-02",
            "price": "10.34",
            "revenue": 444
        },
        "2023-03": {
            "month": "2023-03",
            "price": "10.43",
            "revenue": 673
        },
        "2023-04": {
            "month": "2023-04",
            "price": "10.17",
            "revenue": 507
        },
        "2023-05": {
            "month": "2023-05",
            "price": "10.04",
            "revenue": 77846
        }
    }
}
