{
    "summary": {
        "stock_name": "冠軍",
        "stock_id": "1806",
        "category": "玻璃陶瓷",
        "main_business": "陶瓷及陶瓷製品製造業、石材製品製造業、特定專業區開發業<br>新市鎮、新社區開發業、耐火材料製造業、其他化學製品製造業<br>除許可業務外，得經營法令非禁止或限制之業務。",
        "website_url": "http://group.champion.com.tw",
        "ceo": "林榮德",
        "pe_ratio": -20,
        "report_year_from": 2001,
        "report_year_to": 2023,
        "age": 22,
        "eps_negative_percentage": 48,
        "eps_growth_avg": {
            "last_all": -6.55,
            "last_2y": -100,
            "last_4y": -100,
            "last_8y": -100,
            "last_12y": -64.38,
            "last_16y": -21.32,
            "last_20y": -6.55,
            "at_2006_last_3y": 78.23,
            "at_2007_last_3y": 67.49,
            "at_2008_last_3y": 26.93,
            "at_2009_last_3y": 43.25,
            "at_2010_last_3y": 30.1,
            "at_2011_last_3y": 12.88,
            "at_2012_last_3y": 3.43,
            "at_2013_last_3y": -28.75,
            "at_2014_last_3y": -77.88,
            "at_2015_last_3y": -100,
            "at_2016_last_3y": -100,
            "at_2017_last_3y": -100,
            "at_2018_last_3y": -100,
            "at_2019_last_3y": -100,
            "at_2020_last_3y": -100,
            "at_2021_last_3y": null,
            "at_2022_last_3y": -100,
            "at_2023_last_3y": -100,
            "at_2006_last_all": 78.23,
            "at_2007_last_all": 67.49,
            "at_2008_last_all": 41.54,
            "at_2009_last_all": 51.29,
            "at_2010_last_all": 50.73,
            "at_2011_last_all": 40.18,
            "at_2012_last_all": 24.61,
            "at_2013_last_all": 24.61,
            "at_2014_last_all": 12.14,
            "at_2015_last_all": 12.14,
            "at_2016_last_all": 12.14,
            "at_2017_last_all": 1.95,
            "at_2018_last_all": 1.95,
            "at_2019_last_all": 1.95,
            "at_2020_last_all": 1.95,
            "at_2021_last_all": 1.95,
            "at_2022_last_all": -6.55,
            "at_2023_last_all": -6.55
        },
        "latest_eps": -0.54,
        "latest_price": 10.95,
        "latest_roe": -3.5,
        "latest_gross_margin": 24.89,
        "latest_equity": 5421613,
        "latest_revenue": 637005,
        "latest_gross_profit": 158558,
        "latest_net_income": -32215,
        "latest_debt_ratio": 33.23,
        "latest_current_ratio": 273.42,
        "latest_account_receivable_turnover_ratio": 0.99,
        "latest_inventory_turnover_ratio": 0.45,
        "latest_reinvestment_rate": -477.8,
        "latest_research_to_sale_ratio": 0.85
    },
    "eps_dividends": {
        "1991": {
            "cash": 0,
            "stock": 8.2,
            "eps": 0
        },
        "1992": {
            "cash": 1,
            "stock": 3.1,
            "eps": 0
        },
        "1993": {
            "cash": 0,
            "stock": 3,
            "eps": 0
        },
        "1994": {
            "cash": 0,
            "stock": 0.5,
            "eps": 0
        },
        "1999": {
            "cash": 0.2,
            "stock": 0.18,
            "eps": 0
        },
        "2000": {
            "cash": 0.5,
            "stock": 0.5,
            "eps": 0
        },
        "2001": {
            "cash": 0,
            "stock": 0,
            "eps": -2.06
        },
        "2002": {
            "cash": 0,
            "stock": 0,
            "eps": -0.31
        },
        "2003": {
            "cash": 0,
            "stock": 0,
            "eps": 0.19
        },
        "2004": {
            "cash": 0,
            "stock": 0,
            "eps": 0.49
        },
        "2005": {
            "cash": 0,
            "stock": 0,
            "eps": 0.66
        },
        "2006": {
            "cash": 0,
            "stock": 0,
            "eps": 1.39
        },
        "2007": {
            "cash": 0.6,
            "stock": 0.49,
            "eps": 1.88
        },
        "2008": {
            "cash": 0.3,
            "stock": 0.5,
            "eps": 0.71
        },
        "2009": {
            "cash": 0.05,
            "stock": 0.1,
            "eps": 2.28
        },
        "2010": {
            "cash": 0.5,
            "stock": 0.5,
            "eps": 3.36
        },
        "2011": {
            "cash": 1.68,
            "stock": 0,
            "eps": 2.23
        },
        "2012": {
            "cash": 0,
            "stock": 0,
            "eps": -0.69
        },
        "2013": {
            "cash": 0,
            "stock": 0,
            "eps": 0.64
        },
        "2014": {
            "cash": 0.1,
            "stock": 0,
            "eps": -1.14
        },
        "2015": {
            "cash": 0,
            "stock": 0,
            "eps": -0.17
        },
        "2016": {
            "cash": 0,
            "stock": 0,
            "eps": 0.09
        },
        "2017": {
            "cash": 0,
            "stock": 0,
            "eps": -0.21
        },
        "2018": {
            "cash": 0,
            "stock": 0,
            "eps": -1.32
        },
        "2019": {
            "cash": 0,
            "stock": 0,
            "eps": -0.99
        },
        "2020": {
            "cash": 0,
            "stock": 0,
            "eps": -0.92
        },
        "2021": {
            "cash": 0,
            "stock": 0,
            "eps": 2.29
        },
        "2022": {
            "cash": 1,
            "stock": 0,
            "eps": -0.48
        },
        "2023": {
            "cash": 0,
            "stock": 0,
            "eps": -0.08
        }
    },
    "dividends": {
        "1991-04-02": {
            "cash": 0,
            "stock": 8.2
        },
        "1992-03-25": {
            "cash": 1,
            "stock": 3.1
        },
        "1993-04-22": {
            "cash": 0,
            "stock": 3
        },
        "1994-03-23": {
            "cash": 0,
            "stock": 0.5
        },
        "1999-05-28": {
            "cash": 0.2,
            "stock": 0.18
        },
        "2000-05-26": {
            "cash": 0.5,
            "stock": 0.5
        },
        "2007-04-30": {
            "cash": 0.6,
            "stock": 0.49
        },
        "2008-05-13": {
            "cash": 0.3,
            "stock": 0.5
        },
        "2009-04-29": {
            "cash": 0.05,
            "stock": 0.1
        },
        "2010-04-27": {
            "cash": 0.5,
            "stock": 0.5
        },
        "2011-01-01": {
            "cash": 0.5,
            "stock": 0
        },
        "2011-04-29": {
            "cash": 1.18,
            "stock": 0
        },
        "2014-08-21": {
            "cash": 0.1,
            "stock": 0
        },
        "2022-08-16": {
            "cash": 1,
            "stock": 0
        }
    },
    "prices": {
        "200101": "5.18",
        "200102": "6.41",
        "200103": "7.40",
        "200104": "6.74",
        "200105": "5.11",
        "200106": "4.99",
        "200107": "3.73",
        "200108": "3.29",
        "200109": "2.73",
        "200110": "1.92",
        "200111": "1.93",
        "200112": "2.37",
        "200201": "2.96",
        "200202": "2.91",
        "200203": "3.36",
        "200204": "4.76",
        "200205": "3.88",
        "200206": "3.70",
        "200207": "3.37",
        "200208": "3.02",
        "200209": "2.51",
        "200210": "2.62",
        "200211": "2.57",
        "200212": "4.15",
        "200301": "5.23",
        "200302": "4.80",
        "200303": "4.28",
        "200304": "3.93",
        "200305": "3.58",
        "200306": "4.28",
        "200307": "4.73",
        "200308": "4.90",
        "200309": "4.87",
        "200310": "7.35",
        "200311": "9.02",
        "200312": "9.48",
        "200401": "10.68",
        "200402": "10.56",
        "200403": "11.55",
        "200404": "11.38",
        "200405": "8.62",
        "200406": "9.04",
        "200407": "8.40",
        "200408": "6.32",
        "200409": "7.33",
        "200410": "7.44",
        "200411": "7.08",
        "200412": "7.40",
        "200501": "8.76",
        "200502": "8.79",
        "200503": "7.99",
        "200504": "6.88",
        "200505": "6.65",
        "200506": "7.00",
        "200507": "6.53",
        "200508": "6.09",
        "200509": "6.04",
        "200510": "5.74",
        "200511": "5.90",
        "200512": "6.33",
        "200601": "6.28",
        "200602": "6.14",
        "200603": "5.83",
        "200604": "6.32",
        "200605": "7.37",
        "200606": "6.44",
        "200607": "6.55",
        "200608": "6.78",
        "200609": "7.46",
        "200610": "10.80",
        "200611": "14.13",
        "200612": "16.22",
        "200701": "16.67",
        "200702": "15.82",
        "200703": "15.64",
        "200704": "18.13",
        "200705": "17.65",
        "200706": "18.46",
        "200707": "19.45",
        "200708": "17.31",
        "200709": "16.98",
        "200710": "17.35",
        "200711": "15.15",
        "200712": "13.30",
        "200801": "14.68",
        "200802": "15.40",
        "200803": "17.22",
        "200804": "17.10",
        "200805": "17.68",
        "200806": "15.69",
        "200807": "13.81",
        "200808": "12.19",
        "200809": "9.34",
        "200810": "7.43",
        "200811": "7.36",
        "200812": "7.88",
        "200901": "7.74",
        "200902": "6.84",
        "200903": "7.52",
        "200904": "10.76",
        "200905": "10.92",
        "200906": "9.77",
        "200907": "9.76",
        "200908": "10.12",
        "200909": "11.27",
        "200910": "13.52",
        "200911": "17.36",
        "200912": "20.37",
        "201001": "19.91",
        "201002": "18.71",
        "201003": "20.72",
        "201004": "22.44",
        "201005": "22.37",
        "201006": "23.28",
        "201007": "24.19",
        "201008": "28.09",
        "201009": "24.30",
        "201010": "24.56",
        "201011": "22.98",
        "201012": "23.90",
        "201101": "23.90",
        "201102": "22.76",
        "201103": "23.59",
        "201104": "24.64",
        "201105": "23.66",
        "201106": "22.21",
        "201107": "21.85",
        "201108": "18.62",
        "201109": "17.28",
        "201110": "17.14",
        "201111": "15.44",
        "201112": "12.56",
        "201201": "12.92",
        "201202": "15.34",
        "201203": "16.03",
        "201204": "13.51",
        "201205": "11.60",
        "201206": "10.70",
        "201207": "11.03",
        "201208": "11.17",
        "201209": "11.78",
        "201210": "11.14",
        "201211": "10.14",
        "201212": "10.97",
        "201301": "11.22",
        "201302": "11.00",
        "201303": "10.55",
        "201304": "10.22",
        "201305": "10.22",
        "201306": "10.07",
        "201307": "10.04",
        "201308": "11.07",
        "201309": "12.50",
        "201310": "12.90",
        "201311": "12.74",
        "201312": "13.10",
        "201401": "12.74",
        "201402": "12.07",
        "201403": "12.25",
        "201404": "11.63",
        "201405": "10.65",
        "201406": "10.44",
        "201407": "10.35",
        "201408": "10.62",
        "201409": "10.51",
        "201410": "9.75",
        "201411": "9.26",
        "201412": "9.07",
        "201501": "9.59",
        "201502": "9.36",
        "201503": "9.38",
        "201504": "9.07",
        "201505": "8.88",
        "201506": "7.89",
        "201507": "7.74",
        "201508": "6.79",
        "201509": "7.02",
        "201510": "7.11",
        "201511": "7.03",
        "201512": "7.03",
        "201601": "6.75",
        "201602": "6.75",
        "201603": "7.10",
        "201604": "6.99",
        "201605": "6.57",
        "201606": "6.43",
        "201607": "6.58",
        "201608": "6.84",
        "201609": "7.02",
        "201610": "7.01",
        "201611": "6.96",
        "201612": "7.03",
        "201701": "7.08",
        "201702": "7.55",
        "201703": "8.01",
        "201704": "7.93",
        "201705": "7.47",
        "201706": "7.30",
        "201707": "7.39",
        "201708": "7.45",
        "201709": "7.67",
        "201710": "7.63",
        "201711": "7.90",
        "201712": "8.26",
        "201801": "8.85",
        "201802": "8.47",
        "201803": "8.52",
        "201804": "8.18",
        "201805": "8.12",
        "201806": "7.83",
        "201807": "7.59",
        "201808": "7.70",
        "201809": "7.81",
        "201810": "7.25",
        "201811": "7.07",
        "201812": "7.11",
        "201901": "7.05",
        "201902": "7.02",
        "201903": "6.97",
        "201904": "6.75",
        "201905": "6.56",
        "201906": "7.00",
        "201907": "6.97",
        "201908": "6.67",
        "201909": "6.52",
        "201910": "6.49",
        "201911": "6.59",
        "201912": "6.67",
        "202001": "6.65",
        "202002": "6.08",
        "202003": "4.85",
        "202004": "4.55",
        "202005": "4.90",
        "202006": "5.24",
        "202007": "5.48",
        "202008": "5.55",
        "202009": "6.31",
        "202010": "6.38",
        "202011": "6.38",
        "202012": "7.23",
        "202101": "7.45",
        "202102": "8.19",
        "202103": "8.24",
        "202104": "12.30",
        "202105": "12.22",
        "202106": "12.56",
        "202107": "12.50",
        "202108": "11.75",
        "202109": "11.26",
        "202110": "10.86",
        "202111": "11.56",
        "202112": "12.17",
        "202201": "11.57",
        "202202": "11.29",
        "202203": "11.56",
        "202204": "12.14",
        "202205": "11.36",
        "202206": "11.24",
        "202207": "10.13",
        "202208": "9.47",
        "202209": "8.83",
        "202210": "8.56",
        "202211": "9.47",
        "202212": "9.26",
        "202301": "8.96",
        "202302": "9.05",
        "202303": "9.06",
        "202304": "9.16",
        "202305": "9.04",
        "202306": "10.45"
    },
    "quarters": {
        "20011": {
            "year_quarter": 20011,
            "year": 2001,
            "quarter": 1,
            "eps": -0.1,
            "eps_growth_year": -242.86,
            "eps_4q": -2.45,
            "eps_4q_growth_year": -326.05,
            "roe": -1.03,
            "roe_4q": -1.03,
            "gross_profit": 92921,
            "gross_margin": 30.19,
            "gross_margin_4q_avg": 30.19,
            "net_income": -33851,
            "revenue": 307785,
            "common_shares": 3293000,
            "book_valuer_per_share": 9.94,
            "book_valuer_per_share_4q_avg": 9.94,
            "equity": 3274299,
            "current_ratio": 91.16,
            "debt_ratio": 39.2,
            "inventory_turnover_ratio": 0.21,
            "account_receivable_turnover_ratio": null,
            "reinvestment_rate": null,
            "research_to_sale_ratio": null,
            "price_fair": 0,
            "eps_avg_yearly": 0,
            "eps_latest_yearly": 0,
            "eps_growth_yearly": 0
        },
        "20012": {
            "year_quarter": 20012,
            "year": 2001,
            "quarter": 2,
            "eps": -0.38,
            "eps_growth_year": -371.43,
            "eps_4q": -3.03,
            "eps_4q_growth_year": -381.26,
            "roe": -3.8,
            "roe_4q": -4.83,
            "gross_profit": 56362,
            "gross_margin": 17.13,
            "gross_margin_4q_avg": 23.66,
            "net_income": -123539,
            "revenue": 328997,
            "common_shares": 3293000,
            "book_valuer_per_share": 9.78,
            "book_valuer_per_share_4q_avg": 9.86,
            "equity": 3221929,
            "current_ratio": 84.03,
            "debt_ratio": 39.34,
            "inventory_turnover_ratio": 0.35,
            "account_receivable_turnover_ratio": null,
            "reinvestment_rate": null,
            "research_to_sale_ratio": null,
            "price_fair": 0,
            "eps_avg_yearly": 0,
            "eps_latest_yearly": 0,
            "eps_growth_yearly": 0
        },
        "20013": {
            "year_quarter": 20013,
            "year": 2001,
            "quarter": 3,
            "eps": -0.23,
            "eps_growth_year": null,
            "eps_4q": -3.26,
            "eps_4q_growth_year": -517,
            "roe": -2.35,
            "roe_4q": -7.180000000000001,
            "gross_profit": 67963,
            "gross_margin": 19.91,
            "gross_margin_4q_avg": 22.41,
            "net_income": -74705,
            "revenue": 341381,
            "common_shares": 3293000,
            "book_valuer_per_share": 9.55,
            "book_valuer_per_share_4q_avg": 9.76,
            "equity": 3143175,
            "current_ratio": 82.56,
            "debt_ratio": 40.14,
            "inventory_turnover_ratio": 0.38,
            "account_receivable_turnover_ratio": null,
            "reinvestment_rate": null,
            "research_to_sale_ratio": null,
            "price_fair": 0,
            "eps_avg_yearly": 0,
            "eps_latest_yearly": 0,
            "eps_growth_yearly": 0
        },
        "20014": {
            "year_quarter": 20014,
            "year": 2001,
            "quarter": 4,
            "eps": -1.35,
            "eps_growth_year": null,
            "eps_4q": -2.05,
            "eps_4q_growth_year": null,
            "roe": -14.82,
            "roe_4q": -22.000000000000004,
            "gross_profit": 70405,
            "gross_margin": 22.2,
            "gross_margin_4q_avg": 22.36,
            "net_income": -443139,
            "revenue": 317175,
            "common_shares": 3293000,
            "book_valuer_per_share": 8.62,
            "book_valuer_per_share_4q_avg": 9.47,
            "equity": 2837806,
            "current_ratio": 93.37,
            "debt_ratio": 57.3,
            "inventory_turnover_ratio": 0.26,
            "account_receivable_turnover_ratio": null,
            "reinvestment_rate": null,
            "research_to_sale_ratio": null,
            "price_fair": 0,
            "eps_avg_yearly": 0,
            "eps_latest_yearly": 0,
            "eps_growth_yearly": 0
        },
        "20021": {
            "year_quarter": 20021,
            "year": 2002,
            "quarter": 1,
            "eps": -0.06,
            "eps_growth_year": null,
            "eps_4q": -2.1,
            "eps_4q_growth_year": null,
            "roe": -0.67,
            "roe_4q": -21.64,
            "gross_profit": 64062,
            "gross_margin": 25.23,
            "gross_margin_4q_avg": 21.12,
            "net_income": -18864,
            "revenue": 253904,
            "common_shares": 3293000,
            "book_valuer_per_share": 8.43,
            "book_valuer_per_share_4q_avg": 9.1,
            "equity": 2776765,
            "current_ratio": 78.78,
            "debt_ratio": 40.99,
            "inventory_turnover_ratio": 0.21,
            "account_receivable_turnover_ratio": null,
            "reinvestment_rate": null,
            "research_to_sale_ratio": null,
            "price_fair": 0,
            "eps_avg_yearly": 0,
            "eps_latest_yearly": 0,
            "eps_growth_yearly": 0
        },
        "20022": {
            "year_quarter": 20022,
            "year": 2002,
            "quarter": 2,
            "eps": -0.11,
            "eps_growth_year": null,
            "eps_4q": -1.74,
            "eps_4q_growth_year": null,
            "roe": -1.27,
            "roe_4q": -19.110000000000003,
            "gross_profit": 79153,
            "gross_margin": 23.87,
            "gross_margin_4q_avg": 22.8,
            "net_income": -34696,
            "revenue": 331553,
            "common_shares": 3293000,
            "book_valuer_per_share": 8.22,
            "book_valuer_per_share_4q_avg": 8.71,
            "equity": 2705311,
            "current_ratio": 80.34,
            "debt_ratio": 41.74,
            "inventory_turnover_ratio": 0.43,
            "account_receivable_turnover_ratio": null,
            "reinvestment_rate": null,
            "research_to_sale_ratio": null,
            "price_fair": 0,
            "eps_avg_yearly": 0,
            "eps_latest_yearly": 0,
            "eps_growth_yearly": 0
        },
        "20023": {
            "year_quarter": 20023,
            "year": 2002,
            "quarter": 3,
            "eps": -0.28,
            "eps_growth_year": null,
            "eps_4q": -2.37,
            "eps_4q_growth_year": null,
            "roe": -2.23,
            "roe_4q": -18.990000000000002,
            "gross_profit": 82361,
            "gross_margin": 27.12,
            "gross_margin_4q_avg": 24.61,
            "net_income": -60062,
            "revenue": 303658,
            "common_shares": 2348000,
            "book_valuer_per_share": 11.46,
            "book_valuer_per_share_4q_avg": 9.18,
            "equity": 2691711,
            "current_ratio": 78.07,
            "debt_ratio": 41.2,
            "inventory_turnover_ratio": 0.38,
            "account_receivable_turnover_ratio": null,
            "reinvestment_rate": null,
            "research_to_sale_ratio": null,
            "price_fair": 0,
            "eps_avg_yearly": 0,
            "eps_latest_yearly": 0,
            "eps_growth_yearly": 0
        },
        "20024": {
            "year_quarter": 20024,
            "year": 2002,
            "quarter": 4,
            "eps": 0.14,
            "eps_growth_year": null,
            "eps_4q": -0.38,
            "eps_4q_growth_year": null,
            "roe": 1.13,
            "roe_4q": -3.04,
            "gross_profit": 96532,
            "gross_margin": 29.69,
            "gross_margin_4q_avg": 26.48,
            "net_income": 30683,
            "revenue": 325116,
            "common_shares": 2348000,
            "book_valuer_per_share": 11.57,
            "book_valuer_per_share_4q_avg": 9.92,
            "equity": 2716832,
            "current_ratio": 82.31,
            "debt_ratio": 58.21,
            "inventory_turnover_ratio": 0.26,
            "account_receivable_turnover_ratio": null,
            "reinvestment_rate": null,
            "research_to_sale_ratio": null,
            "price_fair": 0,
            "eps_avg_yearly": 0,
            "eps_latest_yearly": 0,
            "eps_growth_yearly": 0
        },
        "20031": {
            "year_quarter": 20031,
            "year": 2003,
            "quarter": 1,
            "eps": -0.05,
            "eps_growth_year": null,
            "eps_4q": -0.36,
            "eps_4q_growth_year": null,
            "roe": -0.38,
            "roe_4q": -2.75,
            "gross_profit": 85493,
            "gross_margin": 28.39,
            "gross_margin_4q_avg": 27.27,
            "net_income": -10356,
            "revenue": 301122,
            "common_shares": 2348000,
            "book_valuer_per_share": 11.53,
            "book_valuer_per_share_4q_avg": 10.7,
            "equity": 2706476,
            "current_ratio": 76.04,
            "debt_ratio": 39.31,
            "inventory_turnover_ratio": 0.25,
            "account_receivable_turnover_ratio": null,
            "reinvestment_rate": null,
            "research_to_sale_ratio": null,
            "price_fair": 0,
            "eps_avg_yearly": 0,
            "eps_latest_yearly": 0,
            "eps_growth_yearly": 0
        },
        "20032": {
            "year_quarter": 20032,
            "year": 2003,
            "quarter": 2,
            "eps": 0.02,
            "eps_growth_year": null,
            "eps_4q": -0.13,
            "eps_4q_growth_year": null,
            "roe": 0.19,
            "roe_4q": -1.29,
            "gross_profit": 106607,
            "gross_margin": 31.48,
            "gross_margin_4q_avg": 29.17,
            "net_income": 5269,
            "revenue": 338655,
            "common_shares": 2348000,
            "book_valuer_per_share": 11.53,
            "book_valuer_per_share_4q_avg": 11.52,
            "equity": 2707361,
            "current_ratio": 78.69,
            "debt_ratio": 39.54,
            "inventory_turnover_ratio": 0.45,
            "account_receivable_turnover_ratio": null,
            "reinvestment_rate": null,
            "research_to_sale_ratio": null,
            "price_fair": 0,
            "eps_avg_yearly": 0,
            "eps_latest_yearly": 0,
            "eps_growth_yearly": 0
        },
        "20033": {
            "year_quarter": 20033,
            "year": 2003,
            "quarter": 3,
            "eps": 0.18,
            "eps_growth_year": null,
            "eps_4q": 0.29,
            "eps_4q_growth_year": null,
            "roe": 1.49,
            "roe_4q": 2.4299999999999997,
            "gross_profit": 126890,
            "gross_margin": 33.05,
            "gross_margin_4q_avg": 30.65,
            "net_income": 40370,
            "revenue": 383885,
            "common_shares": 2348000,
            "book_valuer_per_share": 11.57,
            "book_valuer_per_share_4q_avg": 11.55,
            "equity": 2716962,
            "current_ratio": 81.92,
            "debt_ratio": 39.76,
            "inventory_turnover_ratio": 0.51,
            "account_receivable_turnover_ratio": null,
            "reinvestment_rate": null,
            "research_to_sale_ratio": null,
            "price_fair": 25.2,
            "eps_avg_yearly": 0.72,
            "eps_latest_yearly": 0.72,
            "eps_growth_yearly": 3200
        },
        "20034": {
            "year_quarter": 20034,
            "year": 2003,
            "quarter": 4,
            "eps": 0.04,
            "eps_growth_year": -71.43,
            "eps_4q": 0.2,
            "eps_4q_growth_year": null,
            "roe": 0.32,
            "roe_4q": 1.62,
            "gross_profit": 149692,
            "gross_margin": 32.6,
            "gross_margin_4q_avg": 31.38,
            "net_income": 8738,
            "revenue": 459137,
            "common_shares": 2348000,
            "book_valuer_per_share": 11.65,
            "book_valuer_per_share_4q_avg": 11.57,
            "equity": 2735223,
            "current_ratio": 84.78,
            "debt_ratio": 59.92,
            "inventory_turnover_ratio": 0.37,
            "account_receivable_turnover_ratio": null,
            "reinvestment_rate": null,
            "research_to_sale_ratio": null,
            "price_fair": 15.4,
            "eps_avg_yearly": 0.44,
            "eps_latest_yearly": 0.16,
            "eps_growth_yearly": 1444.44
        },
        "20041": {
            "year_quarter": 20041,
            "year": 2004,
            "quarter": 1,
            "eps": 0.01,
            "eps_growth_year": null,
            "eps_4q": 0.33,
            "eps_4q_growth_year": null,
            "roe": 0.06,
            "roe_4q": 2.06,
            "gross_profit": 112142,
            "gross_margin": 28.3,
            "gross_margin_4q_avg": 31.36,
            "net_income": 1689,
            "revenue": 396197,
            "common_shares": 2348000,
            "book_valuer_per_share": 11.53,
            "book_valuer_per_share_4q_avg": 11.57,
            "equity": 2706418,
            "current_ratio": 91.78,
            "debt_ratio": 39.88,
            "inventory_turnover_ratio": 0.35,
            "account_receivable_turnover_ratio": null,
            "reinvestment_rate": null,
            "research_to_sale_ratio": null,
            "price_fair": 10.73,
            "eps_avg_yearly": 0.31,
            "eps_latest_yearly": 0.04,
            "eps_growth_yearly": 862.96
        },
        "20042": {
            "year_quarter": 20042,
            "year": 2004,
            "quarter": 2,
            "eps": 0.21,
            "eps_growth_year": 950,
            "eps_4q": 0.44,
            "eps_4q_growth_year": null,
            "roe": 1.7,
            "roe_4q": 3.5700000000000003,
            "gross_profit": 157058,
            "gross_margin": 30.81,
            "gross_margin_4q_avg": 31.19,
            "net_income": 46621,
            "revenue": 509690,
            "common_shares": 2348000,
            "book_valuer_per_share": 11.85,
            "book_valuer_per_share_4q_avg": 11.65,
            "equity": 2783497,
            "current_ratio": 92.53,
            "debt_ratio": 39.88,
            "inventory_turnover_ratio": 0.76,
            "account_receivable_turnover_ratio": null,
            "reinvestment_rate": null,
            "research_to_sale_ratio": null,
            "price_fair": 15.4,
            "eps_avg_yearly": 0.44,
            "eps_latest_yearly": 0.84,
            "eps_growth_yearly": 2647.22
        },
        "20043": {
            "year_quarter": 20043,
            "year": 2004,
            "quarter": 3,
            "eps": 0.16,
            "eps_growth_year": -11.11,
            "eps_4q": 0.41,
            "eps_4q_growth_year": 39.9,
            "roe": 1.27,
            "roe_4q": 3.3499999999999996,
            "gross_profit": 180266,
            "gross_margin": 35.97,
            "gross_margin_4q_avg": 31.92,
            "net_income": 36295,
            "revenue": 501210,
            "common_shares": 2698000,
            "book_valuer_per_share": 10.9,
            "book_valuer_per_share_4q_avg": 11.48,
            "equity": 2940075,
            "current_ratio": 91.93,
            "debt_ratio": 37.68,
            "inventory_turnover_ratio": 0.69,
            "account_receivable_turnover_ratio": null,
            "reinvestment_rate": null,
            "research_to_sale_ratio": null,
            "price_fair": 16.8,
            "eps_avg_yearly": 0.48,
            "eps_latest_yearly": 0.64,
            "eps_growth_yearly": 2098.73
        },
        "20044": {
            "year_quarter": 20044,
            "year": 2004,
            "quarter": 4,
            "eps": 0.11,
            "eps_growth_year": 175,
            "eps_4q": 0.46,
            "eps_4q_growth_year": 126.27,
            "roe": 0.91,
            "roe_4q": 3.94,
            "gross_profit": 176791,
            "gross_margin": 30.91,
            "gross_margin_4q_avg": 31.5,
            "net_income": 26900,
            "revenue": 571960,
            "common_shares": 3000000,
            "book_valuer_per_share": 9.87,
            "book_valuer_per_share_4q_avg": 11.04,
            "equity": 2962043,
            "current_ratio": 80.52,
            "debt_ratio": 57.36,
            "inventory_turnover_ratio": 0.51,
            "account_receivable_turnover_ratio": null,
            "reinvestment_rate": null,
            "research_to_sale_ratio": null,
            "price_fair": 16.57,
            "eps_avg_yearly": 0.47,
            "eps_latest_yearly": 0.44,
            "eps_growth_yearly": 1728.11
        },
        "20051": {
            "year_quarter": 20051,
            "year": 2005,
            "quarter": 1,
            "eps": 0.1,
            "eps_growth_year": 900,
            "eps_4q": 0.49,
            "eps_4q_growth_year": 48.45,
            "roe": 0.94,
            "roe_4q": 4.82,
            "gross_profit": 168264,
            "gross_margin": 33.67,
            "gross_margin_4q_avg": 32.84,
            "net_income": 27958,
            "revenue": 499740,
            "common_shares": 3000000,
            "book_valuer_per_share": 10,
            "book_valuer_per_share_4q_avg": 10.66,
            "equity": 2999853,
            "current_ratio": 101.38,
            "debt_ratio": 36.58,
            "inventory_turnover_ratio": 0.43,
            "account_receivable_turnover_ratio": null,
            "reinvestment_rate": null,
            "research_to_sale_ratio": null,
            "price_fair": 16.2,
            "eps_avg_yearly": 0.46,
            "eps_latest_yearly": 0.4,
            "eps_growth_yearly": 1476.04
        },
        "20052": {
            "year_quarter": 20052,
            "year": 2005,
            "quarter": 2,
            "eps": 0.2,
            "eps_growth_year": -4.76,
            "eps_4q": 0.51,
            "eps_4q_growth_year": 16.55,
            "roe": 1.92,
            "roe_4q": 5.04,
            "gross_profit": 193056,
            "gross_margin": 35.33,
            "gross_margin_4q_avg": 33.97,
            "net_income": 58536,
            "revenue": 546490,
            "common_shares": 3000000,
            "book_valuer_per_share": 10.28,
            "book_valuer_per_share_4q_avg": 10.26,
            "equity": 3084080,
            "current_ratio": 122.87,
            "debt_ratio": 34.73,
            "inventory_turnover_ratio": 0.74,
            "account_receivable_turnover_ratio": null,
            "reinvestment_rate": null,
            "research_to_sale_ratio": null,
            "price_fair": 17.68,
            "eps_avg_yearly": 0.51,
            "eps_latest_yearly": 0.8,
            "eps_growth_yearly": 1341.54
        },
        "20053": {
            "year_quarter": 20053,
            "year": 2005,
            "quarter": 3,
            "eps": 0.24,
            "eps_growth_year": 50,
            "eps_4q": 0.63,
            "eps_4q_growth_year": 52.74,
            "roe": 2.22,
            "roe_4q": 5.99,
            "gross_profit": 198537,
            "gross_margin": 36.69,
            "gross_margin_4q_avg": 34.15,
            "net_income": 70048,
            "revenue": 541180,
            "common_shares": 3000000,
            "book_valuer_per_share": 10.77,
            "book_valuer_per_share_4q_avg": 10.23,
            "equity": 3230398,
            "current_ratio": 102.55,
            "debt_ratio": 33.01,
            "inventory_turnover_ratio": 0.69,
            "account_receivable_turnover_ratio": null,
            "reinvestment_rate": null,
            "research_to_sale_ratio": null,
            "price_fair": 19.44,
            "eps_avg_yearly": 0.56,
            "eps_latest_yearly": 0.96,
            "eps_growth_yearly": 1201.37
        },
        "20054": {
            "year_quarter": 20054,
            "year": 2005,
            "quarter": 4,
            "eps": 0.12,
            "eps_growth_year": 9.09,
            "eps_4q": 0.66,
            "eps_4q_growth_year": 45.59,
            "roe": 1.06,
            "roe_4q": 6.140000000000001,
            "gross_profit": 223206,
            "gross_margin": 36.22,
            "gross_margin_4q_avg": 35.48,
            "net_income": 34542,
            "revenue": 616281,
            "common_shares": 3000000,
            "book_valuer_per_share": 10.87,
            "book_valuer_per_share_4q_avg": 10.48,
            "equity": 3261959,
            "current_ratio": 90.24,
            "debt_ratio": 54.8,
            "inventory_turnover_ratio": 0.43,
            "account_receivable_turnover_ratio": null,
            "reinvestment_rate": 103.3,
            "research_to_sale_ratio": null,
            "price_fair": 19.18,
            "eps_avg_yearly": 0.55,
            "eps_latest_yearly": 0.48,
            "eps_growth_yearly": 1061.23
        },
        "20061": {
            "year_quarter": 20061,
            "year": 2006,
            "quarter": 1,
            "eps": 0.12,
            "eps_growth_year": 20,
            "eps_4q": 0.71,
            "eps_4q_growth_year": 44.1,
            "roe": 1.01,
            "roe_4q": 6.210000000000001,
            "gross_profit": 185100,
            "gross_margin": 31.81,
            "gross_margin_4q_avg": 35.01,
            "net_income": 33173,
            "revenue": 581812,
            "common_shares": 3000000,
            "book_valuer_per_share": 11.03,
            "book_valuer_per_share_4q_avg": 10.74,
            "equity": 3308476,
            "current_ratio": 129.47,
            "debt_ratio": 32.3,
            "inventory_turnover_ratio": 0.44,
            "account_receivable_turnover_ratio": null,
            "reinvestment_rate": -139.2,
            "research_to_sale_ratio": null,
            "price_fair": 18.96,
            "eps_avg_yearly": 0.54,
            "eps_latest_yearly": 0.48,
            "eps_growth_yearly": 964.75
        },
        "20062": {
            "year_quarter": 20062,
            "year": 2006,
            "quarter": 2,
            "eps": 0.44,
            "eps_growth_year": 120,
            "eps_4q": 0.92,
            "eps_4q_growth_year": 80.65,
            "roe": 3.75,
            "roe_4q": 8.040000000000001,
            "gross_profit": 240989,
            "gross_margin": 34.54,
            "gross_margin_4q_avg": 34.82,
            "net_income": 125257,
            "revenue": 697751,
            "common_shares": 3000000,
            "book_valuer_per_share": 11.26,
            "book_valuer_per_share_4q_avg": 10.98,
            "equity": 3377806,
            "current_ratio": 135.91,
            "debt_ratio": 32.42,
            "inventory_turnover_ratio": 0.93,
            "account_receivable_turnover_ratio": null,
            "reinvestment_rate": -90.76,
            "research_to_sale_ratio": null,
            "price_fair": 22.52,
            "eps_avg_yearly": 0.64,
            "eps_latest_yearly": 1.76,
            "eps_growth_yearly": 973.25
        },
        "20063": {
            "year_quarter": 20063,
            "year": 2006,
            "quarter": 3,
            "eps": 0.4,
            "eps_growth_year": 66.67,
            "eps_4q": 1.07,
            "eps_4q_growth_year": 70.71,
            "roe": 3.27,
            "roe_4q": 9.09,
            "gross_profit": 206574,
            "gross_margin": 32.01,
            "gross_margin_4q_avg": 33.65,
            "net_income": 114710,
            "revenue": 645316,
            "common_shares": 3000000,
            "book_valuer_per_share": 12.15,
            "book_valuer_per_share_4q_avg": 11.33,
            "equity": 3644226,
            "current_ratio": 143.39,
            "debt_ratio": 30.08,
            "inventory_turnover_ratio": 0.92,
            "account_receivable_turnover_ratio": null,
            "reinvestment_rate": -54.12,
            "research_to_sale_ratio": null,
            "price_fair": 25.09,
            "eps_avg_yearly": 0.72,
            "eps_latest_yearly": 1.6,
            "eps_growth_yearly": 895.58
        },
        "20064": {
            "year_quarter": 20064,
            "year": 2006,
            "quarter": 4,
            "eps": 0.43,
            "eps_growth_year": 258.33,
            "eps_4q": 1.37,
            "eps_4q_growth_year": 106.27,
            "roe": 3.32,
            "roe_4q": 11.35,
            "gross_profit": 202392,
            "gross_margin": 31.63,
            "gross_margin_4q_avg": 32.5,
            "net_income": 125040,
            "revenue": 639921,
            "common_shares": 3000000,
            "book_valuer_per_share": 12.93,
            "book_valuer_per_share_4q_avg": 11.84,
            "equity": 3882682,
            "current_ratio": 98.81,
            "debt_ratio": 53.7,
            "inventory_turnover_ratio": 0.45,
            "account_receivable_turnover_ratio": null,
            "reinvestment_rate": 83.32,
            "research_to_sale_ratio": null,
            "price_fair": 27.6,
            "eps_avg_yearly": 0.79,
            "eps_latest_yearly": 1.72,
            "eps_growth_yearly": 833.76
        },
        "20071": {
            "year_quarter": 20071,
            "year": 2007,
            "quarter": 1,
            "eps": 0.04,
            "eps_growth_year": -66.67,
            "eps_4q": 1.38,
            "eps_4q_growth_year": 94.6,
            "roe": 0.28,
            "roe_4q": 10.62,
            "gross_profit": 193946,
            "gross_margin": 30.12,
            "gross_margin_4q_avg": 32.08,
            "net_income": 10881,
            "revenue": 643814,
            "common_shares": 3000000,
            "book_valuer_per_share": 12.93,
            "book_valuer_per_share_4q_avg": 12.32,
            "equity": 3879116,
            "current_ratio": 169.86,
            "debt_ratio": 31.01,
            "inventory_turnover_ratio": 0.45,
            "account_receivable_turnover_ratio": null,
            "reinvestment_rate": 23.22,
            "research_to_sale_ratio": null,
            "price_fair": 26.13,
            "eps_avg_yearly": 0.75,
            "eps_latest_yearly": 0.16,
            "eps_growth_yearly": 753.99
        },
        "20072": {
            "year_quarter": 20072,
            "year": 2007,
            "quarter": 2,
            "eps": 0.53,
            "eps_growth_year": 20.45,
            "eps_4q": 1.37,
            "eps_4q_growth_year": 48.53,
            "roe": 3.98,
            "roe_4q": 10.85,
            "gross_profit": 249802,
            "gross_margin": 33.69,
            "gross_margin_4q_avg": 31.86,
            "net_income": 157694,
            "revenue": 741458,
            "common_shares": 3153754,
            "book_valuer_per_share": 12.83,
            "book_valuer_per_share_4q_avg": 12.71,
            "equity": 4046193,
            "current_ratio": 156.16,
            "debt_ratio": 32.49,
            "inventory_turnover_ratio": 0.9,
            "account_receivable_turnover_ratio": null,
            "reinvestment_rate": 45.8,
            "research_to_sale_ratio": null,
            "price_fair": 29.14,
            "eps_avg_yearly": 0.83,
            "eps_latest_yearly": 2.12,
            "eps_growth_yearly": 1013.11
        },
        "20073": {
            "year_quarter": 20073,
            "year": 2007,
            "quarter": 3,
            "eps": 0.65,
            "eps_growth_year": 62.5,
            "eps_4q": 1.58,
            "eps_4q_growth_year": 47.44,
            "roe": 4.91,
            "roe_4q": 12.49,
            "gross_profit": 229156,
            "gross_margin": 34.36,
            "gross_margin_4q_avg": 32.45,
            "net_income": 204805,
            "revenue": 666988,
            "common_shares": 3153754,
            "book_valuer_per_share": 13.64,
            "book_valuer_per_share_4q_avg": 13.08,
            "equity": 4300600,
            "current_ratio": 196.75,
            "debt_ratio": 33.92,
            "inventory_turnover_ratio": 0.7,
            "account_receivable_turnover_ratio": null,
            "reinvestment_rate": 45.63,
            "research_to_sale_ratio": null,
            "price_fair": 33.25,
            "eps_avg_yearly": 0.95,
            "eps_latest_yearly": 2.6,
            "eps_growth_yearly": 818.77
        },
        "20074": {
            "year_quarter": 20074,
            "year": 2007,
            "quarter": 4,
            "eps": 0.66,
            "eps_growth_year": 53.49,
            "eps_4q": 1.82,
            "eps_4q_growth_year": 33.06,
            "roe": 4.67,
            "roe_4q": 13.84,
            "gross_profit": 246605,
            "gross_margin": 30.54,
            "gross_margin_4q_avg": 32.18,
            "net_income": 212071,
            "revenue": 807499,
            "common_shares": 3383754,
            "book_valuer_per_share": 14.15,
            "book_valuer_per_share_4q_avg": 13.39,
            "equity": 4789534,
            "current_ratio": 139.66,
            "debt_ratio": 49.83,
            "inventory_turnover_ratio": 0.47,
            "account_receivable_turnover_ratio": null,
            "reinvestment_rate": 75.78,
            "research_to_sale_ratio": null,
            "price_fair": 38.68,
            "eps_avg_yearly": 1.11,
            "eps_latest_yearly": 2.64,
            "eps_growth_yearly": 838.6
        },
        "20081": {
            "year_quarter": 20081,
            "year": 2008,
            "quarter": 1,
            "eps": 0.18,
            "eps_growth_year": 350,
            "eps_4q": 1.84,
            "eps_4q_growth_year": 33.46,
            "roe": 1.29,
            "roe_4q": 14.850000000000001,
            "gross_profit": 486735,
            "gross_margin": 41.85,
            "gross_margin_4q_avg": 35.11,
            "net_income": 62151,
            "revenue": 1162956,
            "common_shares": 3383754,
            "book_valuer_per_share": 14.23,
            "book_valuer_per_share_4q_avg": 13.71,
            "equity": 4816895,
            "current_ratio": 131.52,
            "debt_ratio": 50.82,
            "inventory_turnover_ratio": 0.37,
            "account_receivable_turnover_ratio": null,
            "reinvestment_rate": 185.26,
            "research_to_sale_ratio": null,
            "price_fair": 40.16,
            "eps_avg_yearly": 1.15,
            "eps_latest_yearly": 0.72,
            "eps_growth_yearly": 839.17
        },
        "20082": {
            "year_quarter": 20082,
            "year": 2008,
            "quarter": 2,
            "eps": 0.39,
            "eps_growth_year": -26.42,
            "eps_4q": 1.8,
            "eps_4q_growth_year": 30.98,
            "roe": 2.76,
            "roe_4q": 13.629999999999999,
            "gross_profit": 714806,
            "gross_margin": 42.37,
            "gross_margin_4q_avg": 37.28,
            "net_income": 132749,
            "revenue": 1686875,
            "common_shares": 3393241,
            "book_valuer_per_share": 14.19,
            "book_valuer_per_share_4q_avg": 14.05,
            "equity": 4816814,
            "current_ratio": 122.43,
            "debt_ratio": 52.8,
            "inventory_turnover_ratio": 0.51,
            "account_receivable_turnover_ratio": null,
            "reinvestment_rate": 192.2,
            "research_to_sale_ratio": null,
            "price_fair": 41.74,
            "eps_avg_yearly": 1.19,
            "eps_latest_yearly": 1.56,
            "eps_growth_yearly": 368.34
        },
        "20083": {
            "year_quarter": 20083,
            "year": 2008,
            "quarter": 3,
            "eps": 0.16,
            "eps_growth_year": -75.38,
            "eps_4q": 1.38,
            "eps_4q_growth_year": -12.93,
            "roe": 1.09,
            "roe_4q": 9.809999999999999,
            "gross_profit": 625636,
            "gross_margin": 44.45,
            "gross_margin_4q_avg": 39.8,
            "net_income": 53529,
            "revenue": 1407360,
            "common_shares": 3393241,
            "book_valuer_per_share": 14.65,
            "book_valuer_per_share_4q_avg": 14.31,
            "equity": 4972227,
            "current_ratio": 106.03,
            "debt_ratio": 55.23,
            "inventory_turnover_ratio": 0.4,
            "account_receivable_turnover_ratio": null,
            "reinvestment_rate": 244.51,
            "research_to_sale_ratio": null,
            "price_fair": 41.74,
            "eps_avg_yearly": 1.19,
            "eps_latest_yearly": 0.64,
            "eps_growth_yearly": 359.55
        },
        "20084": {
            "year_quarter": 20084,
            "year": 2008,
            "quarter": 4,
            "eps": -0.02,
            "eps_growth_year": -103.03,
            "eps_4q": 0.68,
            "eps_4q_growth_year": -62.63,
            "roe": -0.16,
            "roe_4q": 4.98,
            "gross_profit": 526699,
            "gross_margin": 41.72,
            "gross_margin_4q_avg": 42.6,
            "net_income": -7928,
            "revenue": 1262369,
            "common_shares": 3569023,
            "book_valuer_per_share": 14.12,
            "book_valuer_per_share_4q_avg": 14.3,
            "equity": 5039404,
            "current_ratio": 102.62,
            "debt_ratio": 55.22,
            "inventory_turnover_ratio": 0.38,
            "account_receivable_turnover_ratio": 2.6,
            "reinvestment_rate": 163.62,
            "research_to_sale_ratio": null,
            "price_fair": 43.49,
            "eps_avg_yearly": 1.24,
            "eps_latest_yearly": 0.64,
            "eps_growth_yearly": 391.85
        },
        "20091": {
            "year_quarter": 20091,
            "year": 2009,
            "quarter": 1,
            "eps": -0.11,
            "eps_growth_year": -161.11,
            "eps_4q": 0.39,
            "eps_4q_growth_year": -78.74,
            "roe": -0.77,
            "roe_4q": 2.92,
            "gross_profit": 350082,
            "gross_margin": 36.26,
            "gross_margin_4q_avg": 41.2,
            "net_income": -38868,
            "revenue": 965543,
            "common_shares": 3569023,
            "book_valuer_per_share": 14.17,
            "book_valuer_per_share_4q_avg": 14.28,
            "equity": 5058450,
            "current_ratio": 99.59,
            "debt_ratio": 57.43,
            "inventory_turnover_ratio": 0.32,
            "account_receivable_turnover_ratio": 1.12,
            "reinvestment_rate": 339.59,
            "research_to_sale_ratio": null,
            "price_fair": 45.6,
            "eps_avg_yearly": 1.3,
            "eps_latest_yearly": 0.64,
            "eps_growth_yearly": 422.44
        },
        "20092": {
            "year_quarter": 20092,
            "year": 2009,
            "quarter": 2,
            "eps": 0.44,
            "eps_growth_year": 12.82,
            "eps_4q": 0.46,
            "eps_4q_growth_year": -74.41,
            "roe": 3.04,
            "roe_4q": 3.2,
            "gross_profit": 649402,
            "gross_margin": 47.79,
            "gross_margin_4q_avg": 42.56,
            "net_income": 155364,
            "revenue": 1358901,
            "common_shares": 3569023,
            "book_valuer_per_share": 14.43,
            "book_valuer_per_share_4q_avg": 14.34,
            "equity": 5152095,
            "current_ratio": 109.45,
            "debt_ratio": 57.44,
            "inventory_turnover_ratio": 0.37,
            "account_receivable_turnover_ratio": 1.48,
            "reinvestment_rate": 301.59,
            "research_to_sale_ratio": null,
            "price_fair": 46.95,
            "eps_avg_yearly": 1.34,
            "eps_latest_yearly": 0.64,
            "eps_growth_yearly": 424.16
        },
        "20093": {
            "year_quarter": 20093,
            "year": 2009,
            "quarter": 3,
            "eps": 0.37,
            "eps_growth_year": 131.25,
            "eps_4q": 0.67,
            "eps_4q_growth_year": -51.26,
            "roe": 2.57,
            "roe_4q": 4.68,
            "gross_profit": 681653,
            "gross_margin": 47.72,
            "gross_margin_4q_avg": 43.37,
            "net_income": 133646,
            "revenue": 1428424,
            "common_shares": 3569023,
            "book_valuer_per_share": 14.75,
            "book_valuer_per_share_4q_avg": 14.37,
            "equity": 5265759,
            "current_ratio": 116.09,
            "debt_ratio": 56.59,
            "inventory_turnover_ratio": 0.4,
            "account_receivable_turnover_ratio": 1.33,
            "reinvestment_rate": 280.94,
            "research_to_sale_ratio": null,
            "price_fair": 48.35,
            "eps_avg_yearly": 1.38,
            "eps_latest_yearly": 1.48,
            "eps_growth_yearly": 413.11
        },
        "20094": {
            "year_quarter": 20094,
            "year": 2009,
            "quarter": 4,
            "eps": 1.58,
            "eps_growth_year": null,
            "eps_4q": 2.12,
            "eps_4q_growth_year": 211.06,
            "roe": 10.06,
            "roe_4q": 14.900000000000002,
            "gross_profit": 737788,
            "gross_margin": 36.94,
            "gross_margin_4q_avg": 42.18,
            "net_income": 574898,
            "revenue": 1997063,
            "common_shares": 3900271,
            "book_valuer_per_share": 15.8,
            "book_valuer_per_share_4q_avg": 14.79,
            "equity": 6158847,
            "current_ratio": 135.73,
            "debt_ratio": 50.5,
            "inventory_turnover_ratio": 0.64,
            "account_receivable_turnover_ratio": 4.69,
            "reinvestment_rate": 108.46,
            "research_to_sale_ratio": null,
            "price_fair": 64.08,
            "eps_avg_yearly": 1.83,
            "eps_latest_yearly": 6.32,
            "eps_growth_yearly": 529.12
        },
        "20101": {
            "year_quarter": 20101,
            "year": 2010,
            "quarter": 1,
            "eps": 0.02,
            "eps_growth_year": null,
            "eps_4q": 2.2,
            "eps_4q_growth_year": 461.17,
            "roe": 0.12,
            "roe_4q": 15.79,
            "gross_profit": 404084,
            "gross_margin": 36.97,
            "gross_margin_4q_avg": 42.36,
            "net_income": 7658,
            "revenue": 1093114,
            "common_shares": 3966502,
            "book_valuer_per_share": 15.71,
            "book_valuer_per_share_4q_avg": 15.17,
            "equity": 6228193,
            "current_ratio": 134.02,
            "debt_ratio": 50.15,
            "inventory_turnover_ratio": 0.33,
            "account_receivable_turnover_ratio": 1.26,
            "reinvestment_rate": 206.12,
            "research_to_sale_ratio": 0.23,
            "price_fair": 63,
            "eps_avg_yearly": 1.8,
            "eps_latest_yearly": 0.08,
            "eps_growth_yearly": 498.74
        },
        "20102": {
            "year_quarter": 20102,
            "year": 2010,
            "quarter": 2,
            "eps": 0.1,
            "eps_growth_year": -77.35,
            "eps_4q": 1.82,
            "eps_4q_growth_year": 294.6,
            "roe": 0.67,
            "roe_4q": 13.420000000000002,
            "gross_profit": 618928,
            "gross_margin": 38.31,
            "gross_margin_4q_avg": 39.99,
            "net_income": 41786,
            "revenue": 1615531,
            "common_shares": 3975027,
            "book_valuer_per_share": 15.49,
            "book_valuer_per_share_4q_avg": 15.44,
            "equity": 6154158,
            "current_ratio": 129.52,
            "debt_ratio": 52.14,
            "inventory_turnover_ratio": 0.47,
            "account_receivable_turnover_ratio": 1.68,
            "reinvestment_rate": 226.98,
            "research_to_sale_ratio": 0.25,
            "price_fair": 59.34,
            "eps_avg_yearly": 1.7,
            "eps_latest_yearly": 0.4,
            "eps_growth_yearly": 539.77
        },
        "20103": {
            "year_quarter": 20103,
            "year": 2010,
            "quarter": 3,
            "eps": 0.52,
            "eps_growth_year": 41.14,
            "eps_4q": 2,
            "eps_4q_growth_year": 198.34,
            "roe": 3.52,
            "roe_4q": 14.370000000000001,
            "gross_profit": 678204,
            "gross_margin": 47.03,
            "gross_margin_4q_avg": 39.81,
            "net_income": 220576,
            "revenue": 1441940,
            "common_shares": 4221066,
            "book_valuer_per_share": 15.13,
            "book_valuer_per_share_4q_avg": 15.53,
            "equity": 6385667,
            "current_ratio": 136.12,
            "debt_ratio": 49.46,
            "inventory_turnover_ratio": 0.34,
            "account_receivable_turnover_ratio": 1.4,
            "reinvestment_rate": 212.12,
            "research_to_sale_ratio": 0.26,
            "price_fair": 60.63,
            "eps_avg_yearly": 1.73,
            "eps_latest_yearly": 2.08,
            "eps_growth_yearly": 671.79
        },
        "20104": {
            "year_quarter": 20104,
            "year": 2010,
            "quarter": 4,
            "eps": 2.72,
            "eps_growth_year": 71.94,
            "eps_4q": 3.36,
            "eps_4q_growth_year": 58.45,
            "roe": 16.52,
            "roe_4q": 20.830000000000002,
            "gross_profit": 530125,
            "gross_margin": 26.27,
            "gross_margin_4q_avg": 37.15,
            "net_income": 1145520,
            "revenue": 2017964,
            "common_shares": 4221066,
            "book_valuer_per_share": 17.73,
            "book_valuer_per_share_4q_avg": 16.02,
            "equity": 7479724,
            "current_ratio": 158.79,
            "debt_ratio": 44.26,
            "inventory_turnover_ratio": 0.65,
            "account_receivable_turnover_ratio": 2.11,
            "reinvestment_rate": 73.45,
            "research_to_sale_ratio": 0.54,
            "price_fair": 85.29,
            "eps_avg_yearly": 2.44,
            "eps_latest_yearly": 10.88,
            "eps_growth_yearly": 799.66
        },
        "20111": {
            "year_quarter": 20111,
            "year": 2011,
            "quarter": 1,
            "eps": 0.13,
            "eps_growth_year": 550,
            "eps_4q": 3.46,
            "eps_4q_growth_year": 57.21,
            "roe": 0.71,
            "roe_4q": 21.42,
            "gross_profit": 336066,
            "gross_margin": 30.47,
            "gross_margin_4q_avg": 35.52,
            "net_income": 53011,
            "revenue": 1103096,
            "common_shares": 4221066,
            "book_valuer_per_share": 17.7,
            "book_valuer_per_share_4q_avg": 16.51,
            "equity": 7375593,
            "current_ratio": 173.15,
            "debt_ratio": 40.87,
            "inventory_turnover_ratio": 0.34,
            "account_receivable_turnover_ratio": 1.3,
            "reinvestment_rate": 124.57,
            "research_to_sale_ratio": 0.26,
            "price_fair": 86.26,
            "eps_avg_yearly": 2.46,
            "eps_latest_yearly": 0.52,
            "eps_growth_yearly": 798.27
        },
        "20112": {
            "year_quarter": 20112,
            "year": 2011,
            "quarter": 2,
            "eps": 2.13,
            "eps_growth_year": 2033.94,
            "eps_4q": 5.47,
            "eps_4q_growth_year": 201.52,
            "roe": 11.95,
            "roe_4q": 32.7,
            "gross_profit": 600724,
            "gross_margin": 33.74,
            "gross_margin_4q_avg": 34.38,
            "net_income": 901740,
            "revenue": 1780466,
            "common_shares": 4240123,
            "book_valuer_per_share": 18.18,
            "book_valuer_per_share_4q_avg": 17.19,
            "equity": 7710250,
            "current_ratio": 178.01,
            "debt_ratio": 41.85,
            "inventory_turnover_ratio": 0.49,
            "account_receivable_turnover_ratio": 1.82,
            "reinvestment_rate": 98.77,
            "research_to_sale_ratio": 0.23,
            "price_fair": 103.49,
            "eps_avg_yearly": 2.96,
            "eps_latest_yearly": 8.52,
            "eps_growth_yearly": 894.72
        },
        "20113": {
            "year_quarter": 20113,
            "year": 2011,
            "quarter": 3,
            "eps": -0.08,
            "eps_growth_year": -114.88,
            "eps_4q": 4.81,
            "eps_4q_growth_year": 140.06,
            "roe": -0.42,
            "roe_4q": 28.759999999999998,
            "gross_profit": 616160,
            "gross_margin": 32.88,
            "gross_margin_4q_avg": 30.84,
            "net_income": -33410,
            "revenue": 1873875,
            "common_shares": 4299651,
            "book_valuer_per_share": 18.9,
            "book_valuer_per_share_4q_avg": 18.13,
            "equity": 8127584,
            "current_ratio": 198.77,
            "debt_ratio": 41.17,
            "inventory_turnover_ratio": 0.5,
            "account_receivable_turnover_ratio": 1.6,
            "reinvestment_rate": 110.08,
            "research_to_sale_ratio": 0.2,
            "price_fair": 104.53,
            "eps_avg_yearly": 2.99,
            "eps_latest_yearly": 8.52,
            "eps_growth_yearly": 961.74
        },
        "20114": {
            "year_quarter": 20114,
            "year": 2011,
            "quarter": 4,
            "eps": 0.05,
            "eps_growth_year": -98.12,
            "eps_4q": 2.18,
            "eps_4q_growth_year": -35.19,
            "roe": 0.27,
            "roe_4q": 12.509999999999998,
            "gross_profit": 372192,
            "gross_margin": 18.74,
            "gross_margin_4q_avg": 28.96,
            "net_income": 22113,
            "revenue": 1986130,
            "common_shares": 4337551,
            "book_valuer_per_share": 18.61,
            "book_valuer_per_share_4q_avg": 18.35,
            "equity": 8074252,
            "current_ratio": 218.14,
            "debt_ratio": 37.16,
            "inventory_turnover_ratio": 0.65,
            "account_receivable_turnover_ratio": 1.59,
            "reinvestment_rate": 68.58,
            "research_to_sale_ratio": 0.18,
            "price_fair": 105.64,
            "eps_avg_yearly": 3.02,
            "eps_latest_yearly": 8.52,
            "eps_growth_yearly": 1048.61
        },
        "20121": {
            "year_quarter": 20121,
            "year": 2012,
            "quarter": 1,
            "eps": -0.44,
            "eps_growth_year": -438.46,
            "eps_4q": 1.6,
            "eps_4q_growth_year": -53.84,
            "roe": -2.42,
            "roe_4q": 9.379999999999999,
            "gross_profit": 272132,
            "gross_margin": 21.27,
            "gross_margin_4q_avg": 26.66,
            "net_income": -192158,
            "revenue": 1279280,
            "common_shares": 4373351,
            "book_valuer_per_share": 17.83,
            "book_valuer_per_share_4q_avg": 18.38,
            "equity": 7798812,
            "current_ratio": 219.32,
            "debt_ratio": 37.42,
            "inventory_turnover_ratio": 0.43,
            "account_receivable_turnover_ratio": 1.04,
            "reinvestment_rate": 70.5,
            "research_to_sale_ratio": 0.24,
            "price_fair": 113.68,
            "eps_avg_yearly": 3.25,
            "eps_latest_yearly": 8.52,
            "eps_growth_yearly": 1182.56
        },
        "20122": {
            "year_quarter": 20122,
            "year": 2012,
            "quarter": 2,
            "eps": 0.04,
            "eps_growth_year": -98.12,
            "eps_4q": -0.43,
            "eps_4q_growth_year": -107.77,
            "roe": 0.23,
            "roe_4q": -2.34,
            "gross_profit": 623448,
            "gross_margin": 31.22,
            "gross_margin_4q_avg": 26.03,
            "net_income": 17497,
            "revenue": 1996680,
            "common_shares": 4373351,
            "book_valuer_per_share": 17.36,
            "book_valuer_per_share_4q_avg": 18.18,
            "equity": 7591162,
            "current_ratio": 187.12,
            "debt_ratio": 39.63,
            "inventory_turnover_ratio": 0.6,
            "account_receivable_turnover_ratio": 1.53,
            "reinvestment_rate": 64.34,
            "research_to_sale_ratio": 0.15,
            "price_fair": 120.24,
            "eps_avg_yearly": 3.44,
            "eps_latest_yearly": 8.52,
            "eps_growth_yearly": 1262.1
        },
        "20123": {
            "year_quarter": 20123,
            "year": 2012,
            "quarter": 3,
            "eps": -0.06,
            "eps_growth_year": null,
            "eps_4q": -0.41,
            "eps_4q_growth_year": -108.53,
            "roe": -0.35,
            "roe_4q": -2.27,
            "gross_profit": 574943,
            "gross_margin": 28.79,
            "gross_margin_4q_avg": 25.01,
            "net_income": -26827,
            "revenue": 1997038,
            "common_shares": 4373351,
            "book_valuer_per_share": 17.23,
            "book_valuer_per_share_4q_avg": 17.76,
            "equity": 7534049,
            "current_ratio": 175.15,
            "debt_ratio": 44.26,
            "inventory_turnover_ratio": 0.65,
            "account_receivable_turnover_ratio": 1.45,
            "reinvestment_rate": 54.26,
            "research_to_sale_ratio": 0.21,
            "price_fair": 132.48,
            "eps_avg_yearly": 3.79,
            "eps_latest_yearly": 8.52,
            "eps_growth_yearly": 1449.35
        },
        "20124": {
            "year_quarter": 20124,
            "year": 2012,
            "quarter": 4,
            "eps": -0.23,
            "eps_growth_year": -553.21,
            "eps_4q": -0.69,
            "eps_4q_growth_year": -131.8,
            "roe": -1.38,
            "roe_4q": -3.92,
            "gross_profit": 697193,
            "gross_margin": 34.53,
            "gross_margin_4q_avg": 28.95,
            "net_income": -103387,
            "revenue": 2018951,
            "common_shares": 4373351,
            "book_valuer_per_share": 16.99,
            "book_valuer_per_share_4q_avg": 17.35,
            "equity": 7465774,
            "current_ratio": 174.91,
            "debt_ratio": 43.95,
            "inventory_turnover_ratio": 0.63,
            "account_receivable_turnover_ratio": 1.44,
            "reinvestment_rate": 36.32,
            "research_to_sale_ratio": 0.21,
            "price_fair": 132.48,
            "eps_avg_yearly": 3.79,
            "eps_latest_yearly": 8.52,
            "eps_growth_yearly": 1449.35
        },
        "20131": {
            "year_quarter": 20131,
            "year": 2013,
            "quarter": 1,
            "eps": -0.22,
            "eps_growth_year": null,
            "eps_4q": -0.47,
            "eps_4q_growth_year": -129.57,
            "roe": -1.3,
            "roe_4q": -2.8,
            "gross_profit": 356561,
            "gross_margin": 27.88,
            "gross_margin_4q_avg": 30.61,
            "net_income": -97509,
            "revenue": 1279115,
            "common_shares": 4373351,
            "book_valuer_per_share": 17.08,
            "book_valuer_per_share_4q_avg": 17.17,
            "equity": 7500918,
            "current_ratio": 167.98,
            "debt_ratio": 42.72,
            "inventory_turnover_ratio": 0.43,
            "account_receivable_turnover_ratio": 0.96,
            "reinvestment_rate": 17.54,
            "research_to_sale_ratio": 0.32,
            "price_fair": 132.48,
            "eps_avg_yearly": 3.79,
            "eps_latest_yearly": 8.52,
            "eps_growth_yearly": 1449.35
        },
        "20132": {
            "year_quarter": 20132,
            "year": 2013,
            "quarter": 2,
            "eps": 0.37,
            "eps_growth_year": 824.82,
            "eps_4q": -0.14,
            "eps_4q_growth_year": null,
            "roe": 2.11,
            "roe_4q": -0.92,
            "gross_profit": 625812,
            "gross_margin": 31.89,
            "gross_margin_4q_avg": 30.77,
            "net_income": 160542,
            "revenue": 1962446,
            "common_shares": 4373351,
            "book_valuer_per_share": 17.62,
            "book_valuer_per_share_4q_avg": 17.23,
            "equity": 7738704,
            "current_ratio": 168.36,
            "debt_ratio": 41.12,
            "inventory_turnover_ratio": 0.62,
            "account_receivable_turnover_ratio": 1.55,
            "reinvestment_rate": 24.22,
            "research_to_sale_ratio": 0.24,
            "price_fair": 132.48,
            "eps_avg_yearly": 3.79,
            "eps_latest_yearly": 8.52,
            "eps_growth_yearly": 1449.35
        },
        "20133": {
            "year_quarter": 20133,
            "year": 2013,
            "quarter": 3,
            "eps": 0.37,
            "eps_growth_year": null,
            "eps_4q": 0.29,
            "eps_4q_growth_year": null,
            "roe": 2.1,
            "roe_4q": 1.5300000000000002,
            "gross_profit": 635740,
            "gross_margin": 32.23,
            "gross_margin_4q_avg": 31.63,
            "net_income": 163901,
            "revenue": 1972435,
            "common_shares": 4373351,
            "book_valuer_per_share": 17.92,
            "book_valuer_per_share_4q_avg": 17.4,
            "equity": 7836708,
            "current_ratio": 160.36,
            "debt_ratio": 41.18,
            "inventory_turnover_ratio": 0.64,
            "account_receivable_turnover_ratio": 1.48,
            "reinvestment_rate": 28.6,
            "research_to_sale_ratio": 0.22,
            "price_fair": 132.48,
            "eps_avg_yearly": 3.79,
            "eps_latest_yearly": 1.48,
            "eps_growth_yearly": 1457.31
        },
        "20134": {
            "year_quarter": 20134,
            "year": 2013,
            "quarter": 4,
            "eps": 0.12,
            "eps_growth_year": null,
            "eps_4q": 0.64,
            "eps_4q_growth_year": null,
            "roe": 0.66,
            "roe_4q": 3.5700000000000003,
            "gross_profit": 607417,
            "gross_margin": 30.98,
            "gross_margin_4q_avg": 30.75,
            "net_income": 52507,
            "revenue": 1960880,
            "common_shares": 4373351,
            "book_valuer_per_share": 18.26,
            "book_valuer_per_share_4q_avg": 17.72,
            "equity": 7987180,
            "current_ratio": 168.76,
            "debt_ratio": 42.5,
            "inventory_turnover_ratio": 0.66,
            "account_receivable_turnover_ratio": 1.57,
            "reinvestment_rate": 74.69,
            "research_to_sale_ratio": 0.26,
            "price_fair": 106.93,
            "eps_avg_yearly": 3.06,
            "eps_latest_yearly": 0.48,
            "eps_growth_yearly": 1260.01
        },
        "20141": {
            "year_quarter": 20141,
            "year": 2014,
            "quarter": 1,
            "eps": -0.2,
            "eps_growth_year": null,
            "eps_4q": 0.66,
            "eps_4q_growth_year": null,
            "roe": -1.12,
            "roe_4q": 3.75,
            "gross_profit": 332376,
            "gross_margin": 25.26,
            "gross_margin_4q_avg": 30.09,
            "net_income": -89064,
            "revenue": 1315692,
            "common_shares": 4373351,
            "book_valuer_per_share": 18.01,
            "book_valuer_per_share_4q_avg": 17.95,
            "equity": 7876992,
            "current_ratio": 175.46,
            "debt_ratio": 42.59,
            "inventory_turnover_ratio": 0.47,
            "account_receivable_turnover_ratio": 1.18,
            "reinvestment_rate": 79.48,
            "research_to_sale_ratio": 0.31,
            "price_fair": 121.8,
            "eps_avg_yearly": 3.48,
            "eps_latest_yearly": 0.48,
            "eps_growth_yearly": 1496.43
        },
        "20142": {
            "year_quarter": 20142,
            "year": 2014,
            "quarter": 2,
            "eps": 0.32,
            "eps_growth_year": -13.51,
            "eps_4q": 0.61,
            "eps_4q_growth_year": null,
            "roe": 1.79,
            "roe_4q": 3.43,
            "gross_profit": 648978,
            "gross_margin": 33.89,
            "gross_margin_4q_avg": 30.59,
            "net_income": 140534,
            "revenue": 1914830,
            "common_shares": 4373351,
            "book_valuer_per_share": 17.98,
            "book_valuer_per_share_4q_avg": 18.04,
            "equity": 7864698,
            "current_ratio": 178.05,
            "debt_ratio": 43.43,
            "inventory_turnover_ratio": 0.57,
            "account_receivable_turnover_ratio": 1.68,
            "reinvestment_rate": 62.59,
            "research_to_sale_ratio": 0.27,
            "price_fair": 139.77,
            "eps_avg_yearly": 3.99,
            "eps_latest_yearly": 0.48,
            "eps_growth_yearly": 1479.17
        },
        "20143": {
            "year_quarter": 20143,
            "year": 2014,
            "quarter": 3,
            "eps": -0.9,
            "eps_growth_year": -343.24,
            "eps_4q": -0.67,
            "eps_4q_growth_year": -329.21,
            "roe": -5.12,
            "roe_4q": -3.79,
            "gross_profit": 640024,
            "gross_margin": 34.35,
            "gross_margin_4q_avg": 31.12,
            "net_income": -395539,
            "revenue": 1863249,
            "common_shares": 4373351,
            "book_valuer_per_share": 17.36,
            "book_valuer_per_share_4q_avg": 17.9,
            "equity": 7593195,
            "current_ratio": 174.61,
            "debt_ratio": 45.36,
            "inventory_turnover_ratio": 0.52,
            "account_receivable_turnover_ratio": 1.55,
            "reinvestment_rate": 74.88,
            "research_to_sale_ratio": 0.31,
            "price_fair": 153.16,
            "eps_avg_yearly": 4.38,
            "eps_latest_yearly": 0.48,
            "eps_growth_yearly": 1439
        },
        "20144": {
            "year_quarter": 20144,
            "year": 2014,
            "quarter": 4,
            "eps": -0.36,
            "eps_growth_year": -398.89,
            "eps_4q": -1.15,
            "eps_4q_growth_year": -278.45,
            "roe": -2.08,
            "roe_4q": -6.53,
            "gross_profit": 467468,
            "gross_margin": 25,
            "gross_margin_4q_avg": 29.63,
            "net_income": -156939,
            "revenue": 1869581,
            "common_shares": 4373351,
            "book_valuer_per_share": 17.2,
            "book_valuer_per_share_4q_avg": 17.64,
            "equity": 7521402,
            "current_ratio": 173.26,
            "debt_ratio": 46.41,
            "inventory_turnover_ratio": 0.59,
            "account_receivable_turnover_ratio": 1.4,
            "reinvestment_rate": 254.89,
            "research_to_sale_ratio": 0.42,
            "price_fair": 96.25,
            "eps_avg_yearly": 2.75,
            "eps_latest_yearly": 0.48,
            "eps_growth_yearly": 1375.67
        },
        "20151": {
            "year_quarter": 20151,
            "year": 2015,
            "quarter": 1,
            "eps": -0.22,
            "eps_growth_year": null,
            "eps_4q": -1.16,
            "eps_4q_growth_year": -275.94,
            "roe": -1.26,
            "roe_4q": -6.670000000000001,
            "gross_profit": 353536,
            "gross_margin": 29.2,
            "gross_margin_4q_avg": 30.61,
            "net_income": -94390,
            "revenue": 1210635,
            "common_shares": 4373351,
            "book_valuer_per_share": 17,
            "book_valuer_per_share_4q_avg": 17.39,
            "equity": 7436768,
            "current_ratio": 163.14,
            "debt_ratio": 46.49,
            "inventory_turnover_ratio": 0.36,
            "account_receivable_turnover_ratio": 0.97,
            "reinvestment_rate": 449.97,
            "research_to_sale_ratio": 0.78,
            "price_fair": 122.27,
            "eps_avg_yearly": 3.49,
            "eps_latest_yearly": 0.48,
            "eps_growth_yearly": 1961.19
        },
        "20152": {
            "year_quarter": 20152,
            "year": 2015,
            "quarter": 2,
            "eps": -0.02,
            "eps_growth_year": -106.25,
            "eps_4q": -1.5,
            "eps_4q_growth_year": -345.4,
            "roe": -0.13,
            "roe_4q": -8.59,
            "gross_profit": 504363,
            "gross_margin": 30.47,
            "gross_margin_4q_avg": 29.76,
            "net_income": -9723,
            "revenue": 1655160,
            "common_shares": 4373351,
            "book_valuer_per_share": 16.93,
            "book_valuer_per_share_4q_avg": 17.12,
            "equity": 7404599,
            "current_ratio": 169.94,
            "debt_ratio": 46.5,
            "inventory_turnover_ratio": 0.47,
            "account_receivable_turnover_ratio": 1.57,
            "reinvestment_rate": null,
            "research_to_sale_ratio": 0.35,
            "price_fair": 2.94,
            "eps_avg_yearly": 0.98,
            "eps_latest_yearly": 0.48,
            "eps_growth_yearly": -135.14
        },
        "20153": {
            "year_quarter": 20153,
            "year": 2015,
            "quarter": 3,
            "eps": 0.13,
            "eps_growth_year": null,
            "eps_4q": -0.47,
            "eps_4q_growth_year": null,
            "roe": 0.75,
            "roe_4q": -2.72,
            "gross_profit": 538525,
            "gross_margin": 33.22,
            "gross_margin_4q_avg": 29.47,
            "net_income": 56392,
            "revenue": 1621174,
            "common_shares": 4373351,
            "book_valuer_per_share": 17.49,
            "book_valuer_per_share_4q_avg": 17.16,
            "equity": 7599268,
            "current_ratio": 165.5,
            "debt_ratio": 45.46,
            "inventory_turnover_ratio": 0.44,
            "account_receivable_turnover_ratio": 1.5,
            "reinvestment_rate": null,
            "research_to_sale_ratio": 0.52,
            "price_fair": 2.94,
            "eps_avg_yearly": 0.98,
            "eps_latest_yearly": 0.48,
            "eps_growth_yearly": -135.14
        },
        "20154": {
            "year_quarter": 20154,
            "year": 2015,
            "quarter": 4,
            "eps": -0.06,
            "eps_growth_year": null,
            "eps_4q": -0.17,
            "eps_4q_growth_year": null,
            "roe": -0.34,
            "roe_4q": -0.98,
            "gross_profit": 499324,
            "gross_margin": 31.98,
            "gross_margin_4q_avg": 31.22,
            "net_income": -25087,
            "revenue": 1561185,
            "common_shares": 4373351,
            "book_valuer_per_share": 16.99,
            "book_valuer_per_share_4q_avg": 17.1,
            "equity": 7370467,
            "current_ratio": 159.87,
            "debt_ratio": 44.48,
            "inventory_turnover_ratio": 0.43,
            "account_receivable_turnover_ratio": 1.49,
            "reinvestment_rate": null,
            "research_to_sale_ratio": 0.4,
            "price_fair": 2.94,
            "eps_avg_yearly": 0.98,
            "eps_latest_yearly": 0.48,
            "eps_growth_yearly": -135.14
        },
        "20161": {
            "year_quarter": 20161,
            "year": 2016,
            "quarter": 1,
            "eps": -0.25,
            "eps_growth_year": null,
            "eps_4q": -0.2,
            "eps_4q_growth_year": null,
            "roe": -1.5,
            "roe_4q": -1.2200000000000002,
            "gross_profit": 213737,
            "gross_margin": 21.89,
            "gross_margin_4q_avg": 29.39,
            "net_income": -110180,
            "revenue": 976225,
            "common_shares": 4373351,
            "book_valuer_per_share": 16.76,
            "book_valuer_per_share_4q_avg": 17.04,
            "equity": 7272104,
            "current_ratio": 160.36,
            "debt_ratio": 43.28,
            "inventory_turnover_ratio": 0.32,
            "account_receivable_turnover_ratio": 1.08,
            "reinvestment_rate": null,
            "research_to_sale_ratio": 0.39,
            "price_fair": 2.94,
            "eps_avg_yearly": 0.98,
            "eps_latest_yearly": 0.48,
            "eps_growth_yearly": -135.14
        },
        "20162": {
            "year_quarter": 20162,
            "year": 2016,
            "quarter": 2,
            "eps": 0.3,
            "eps_growth_year": null,
            "eps_4q": 0.12,
            "eps_4q_growth_year": null,
            "roe": 1.79,
            "roe_4q": 0.7,
            "gross_profit": 575673,
            "gross_margin": 41.08,
            "gross_margin_4q_avg": 32.04,
            "net_income": 130637,
            "revenue": 1401253,
            "common_shares": 4373351,
            "book_valuer_per_share": 16.86,
            "book_valuer_per_share_4q_avg": 17.03,
            "equity": 7314208,
            "current_ratio": 162.32,
            "debt_ratio": 42.66,
            "inventory_turnover_ratio": 0.34,
            "account_receivable_turnover_ratio": 1.73,
            "reinvestment_rate": null,
            "research_to_sale_ratio": 0.37,
            "price_fair": 2.94,
            "eps_avg_yearly": 0.98,
            "eps_latest_yearly": 0.48,
            "eps_growth_yearly": -135.14
        },
        "20163": {
            "year_quarter": 20163,
            "year": 2016,
            "quarter": 3,
            "eps": -0.06,
            "eps_growth_year": -146.15,
            "eps_4q": -0.07,
            "eps_4q_growth_year": null,
            "roe": -0.38,
            "roe_4q": -0.4299999999999999,
            "gross_profit": 346447,
            "gross_margin": 26.79,
            "gross_margin_4q_avg": 30.44,
            "net_income": -27852,
            "revenue": 1293111,
            "common_shares": 4373351,
            "book_valuer_per_share": 16.59,
            "book_valuer_per_share_4q_avg": 16.8,
            "equity": 7195704,
            "current_ratio": 168.8,
            "debt_ratio": 40.18,
            "inventory_turnover_ratio": 0.4,
            "account_receivable_turnover_ratio": 1.58,
            "reinvestment_rate": null,
            "research_to_sale_ratio": 0.42,
            "price_fair": 2.94,
            "eps_avg_yearly": 0.98,
            "eps_latest_yearly": 0.48,
            "eps_growth_yearly": -135.14
        },
        "20164": {
            "year_quarter": 20164,
            "year": 2016,
            "quarter": 4,
            "eps": 0.1,
            "eps_growth_year": null,
            "eps_4q": 0.08,
            "eps_4q_growth_year": null,
            "roe": 0.58,
            "roe_4q": 0.49,
            "gross_profit": 401933,
            "gross_margin": 31.37,
            "gross_margin_4q_avg": 30.28,
            "net_income": 41605,
            "revenue": 1281319,
            "common_shares": 4373351,
            "book_valuer_per_share": 16.59,
            "book_valuer_per_share_4q_avg": 16.7,
            "equity": 7197079,
            "current_ratio": 177.62,
            "debt_ratio": 37.23,
            "inventory_turnover_ratio": 0.39,
            "account_receivable_turnover_ratio": 1.56,
            "reinvestment_rate": null,
            "research_to_sale_ratio": 0.46,
            "price_fair": 2.94,
            "eps_avg_yearly": 0.98,
            "eps_latest_yearly": 0.48,
            "eps_growth_yearly": -135.14
        },
        "20171": {
            "year_quarter": 20171,
            "year": 2017,
            "quarter": 1,
            "eps": -0.49,
            "eps_growth_year": null,
            "eps_4q": -0.16,
            "eps_4q_growth_year": null,
            "roe": -3.02,
            "roe_4q": -1.0299999999999998,
            "gross_profit": 148985,
            "gross_margin": 16.6,
            "gross_margin_4q_avg": 28.96,
            "net_income": -213845,
            "revenue": 897688,
            "common_shares": 4373351,
            "book_valuer_per_share": 16.05,
            "book_valuer_per_share_4q_avg": 16.52,
            "equity": 6960098,
            "current_ratio": 184.72,
            "debt_ratio": 35.99,
            "inventory_turnover_ratio": 0.35,
            "account_receivable_turnover_ratio": 1.2,
            "reinvestment_rate": null,
            "research_to_sale_ratio": 0.43,
            "price_fair": 2.94,
            "eps_avg_yearly": 0.98,
            "eps_latest_yearly": 0.48,
            "eps_growth_yearly": -135.14
        },
        "20172": {
            "year_quarter": 20172,
            "year": 2017,
            "quarter": 2,
            "eps": 0.13,
            "eps_growth_year": -56.67,
            "eps_4q": -0.33,
            "eps_4q_growth_year": -373.63,
            "roe": 0.83,
            "roe_4q": -1.9899999999999998,
            "gross_profit": 402058,
            "gross_margin": 30.65,
            "gross_margin_4q_avg": 26.35,
            "net_income": 58457,
            "revenue": 1311724,
            "common_shares": 4373351,
            "book_valuer_per_share": 16.27,
            "book_valuer_per_share_4q_avg": 16.38,
            "equity": 7057277,
            "current_ratio": 205.97,
            "debt_ratio": 39.88,
            "inventory_turnover_ratio": 0.42,
            "account_receivable_turnover_ratio": 1.87,
            "reinvestment_rate": null,
            "research_to_sale_ratio": 0.41,
            "price_fair": 2.94,
            "eps_avg_yearly": 0.98,
            "eps_latest_yearly": 0.48,
            "eps_growth_yearly": -135.14
        },
        "20173": {
            "year_quarter": 20173,
            "year": 2017,
            "quarter": 3,
            "eps": 0.14,
            "eps_growth_year": null,
            "eps_4q": -0.12,
            "eps_4q_growth_year": null,
            "roe": 0.84,
            "roe_4q": -0.7700000000000001,
            "gross_profit": 413525,
            "gross_margin": 29.61,
            "gross_margin_4q_avg": 27.06,
            "net_income": 59872,
            "revenue": 1396683,
            "common_shares": 4373351,
            "book_valuer_per_share": 16.49,
            "book_valuer_per_share_4q_avg": 16.35,
            "equity": 7151875,
            "current_ratio": 204.33,
            "debt_ratio": 39.25,
            "inventory_turnover_ratio": 0.45,
            "account_receivable_turnover_ratio": 1.73,
            "reinvestment_rate": null,
            "research_to_sale_ratio": 0.48,
            "price_fair": 1.56,
            "eps_avg_yearly": 0.52,
            "eps_latest_yearly": 0.56,
            "eps_growth_yearly": -119.75
        },
        "20174": {
            "year_quarter": 20174,
            "year": 2017,
            "quarter": 4,
            "eps": 0.01,
            "eps_growth_year": -90.56,
            "eps_4q": -0.21,
            "eps_4q_growth_year": -367.73,
            "roe": 0.06,
            "roe_4q": -1.29,
            "gross_profit": 427000,
            "gross_margin": 33.1,
            "gross_margin_4q_avg": 27.49,
            "net_income": 3926,
            "revenue": 1290005,
            "common_shares": 4373351,
            "book_valuer_per_share": 16.26,
            "book_valuer_per_share_4q_avg": 16.27,
            "equity": 7054769,
            "current_ratio": 196.5,
            "debt_ratio": 38.98,
            "inventory_turnover_ratio": 0.4,
            "account_receivable_turnover_ratio": 1.48,
            "reinvestment_rate": null,
            "research_to_sale_ratio": 0.63,
            "price_fair": 0.9,
            "eps_avg_yearly": 0.3,
            "eps_latest_yearly": 0.04,
            "eps_growth_yearly": -170.33
        },
        "20181": {
            "year_quarter": 20181,
            "year": 2018,
            "quarter": 1,
            "eps": -0.66,
            "eps_growth_year": null,
            "eps_4q": -0.38,
            "eps_4q_growth_year": null,
            "roe": -4.11,
            "roe_4q": -2.380000000000001,
            "gross_profit": 55972,
            "gross_margin": 6.13,
            "gross_margin_4q_avg": 24.87,
            "net_income": -286550,
            "revenue": 912362,
            "common_shares": 4373351,
            "book_valuer_per_share": 15.89,
            "book_valuer_per_share_4q_avg": 16.23,
            "equity": 6894289,
            "current_ratio": 181.93,
            "debt_ratio": 39.9,
            "inventory_turnover_ratio": 0.4,
            "account_receivable_turnover_ratio": 1.11,
            "reinvestment_rate": null,
            "research_to_sale_ratio": 0.7,
            "price_fair": 0.9,
            "eps_avg_yearly": 0.3,
            "eps_latest_yearly": 0.04,
            "eps_growth_yearly": -170.33
        },
        "20182": {
            "year_quarter": 20182,
            "year": 2018,
            "quarter": 2,
            "eps": 0.02,
            "eps_growth_year": -84.62,
            "eps_4q": -0.49,
            "eps_4q_growth_year": null,
            "roe": 0.13,
            "roe_4q": -3.0800000000000005,
            "gross_profit": 505321,
            "gross_margin": 30.59,
            "gross_margin_4q_avg": 24.86,
            "net_income": 9041,
            "revenue": 1652008,
            "common_shares": 4373351,
            "book_valuer_per_share": 15.87,
            "book_valuer_per_share_4q_avg": 16.13,
            "equity": 6883533,
            "current_ratio": 171.9,
            "debt_ratio": 42.03,
            "inventory_turnover_ratio": 0.56,
            "account_receivable_turnover_ratio": 1.77,
            "reinvestment_rate": null,
            "research_to_sale_ratio": 0.51,
            "price_fair": 0.9,
            "eps_avg_yearly": 0.3,
            "eps_latest_yearly": 0.04,
            "eps_growth_yearly": -170.33
        },
        "20183": {
            "year_quarter": 20183,
            "year": 2018,
            "quarter": 3,
            "eps": -0.29,
            "eps_growth_year": -307.14,
            "eps_4q": -0.92,
            "eps_4q_growth_year": null,
            "roe": -1.83,
            "roe_4q": -5.750000000000001,
            "gross_profit": 319705,
            "gross_margin": 26.64,
            "gross_margin_4q_avg": 24.12,
            "net_income": -124144,
            "revenue": 1200080,
            "common_shares": 4373351,
            "book_valuer_per_share": 15.36,
            "book_valuer_per_share_4q_avg": 15.85,
            "equity": 6663985,
            "current_ratio": 171.67,
            "debt_ratio": 41.85,
            "inventory_turnover_ratio": 0.43,
            "account_receivable_turnover_ratio": 1.16,
            "reinvestment_rate": null,
            "research_to_sale_ratio": 0.75,
            "price_fair": 0.9,
            "eps_avg_yearly": 0.3,
            "eps_latest_yearly": 0.04,
            "eps_growth_yearly": -170.33
        },
        "20184": {
            "year_quarter": 20184,
            "year": 2018,
            "quarter": 4,
            "eps": -0.39,
            "eps_growth_year": -4456.16,
            "eps_4q": -1.32,
            "eps_4q_growth_year": null,
            "roe": -2.62,
            "roe_4q": -8.43,
            "gross_profit": 227897,
            "gross_margin": 18.06,
            "gross_margin_4q_avg": 20.36,
            "net_income": -171030,
            "revenue": 1261926,
            "common_shares": 4337821,
            "book_valuer_per_share": 14.78,
            "book_valuer_per_share_4q_avg": 15.48,
            "equity": 6412048,
            "current_ratio": 132.48,
            "debt_ratio": 41.84,
            "inventory_turnover_ratio": 0.49,
            "account_receivable_turnover_ratio": 1.33,
            "reinvestment_rate": null,
            "research_to_sale_ratio": 0.59,
            "price_fair": 0.9,
            "eps_avg_yearly": 0.3,
            "eps_latest_yearly": 0.04,
            "eps_growth_yearly": -170.33
        },
        "20191": {
            "year_quarter": 20191,
            "year": 2019,
            "quarter": 1,
            "eps": -0.71,
            "eps_growth_year": null,
            "eps_4q": -1.37,
            "eps_4q_growth_year": null,
            "roe": -4.83,
            "roe_4q": -9.15,
            "gross_profit": 46304,
            "gross_margin": 5.53,
            "gross_margin_4q_avg": 20.21,
            "net_income": -306586,
            "revenue": 837949,
            "common_shares": 4337821,
            "book_valuer_per_share": 14.5,
            "book_valuer_per_share_4q_avg": 15.13,
            "equity": 6291166,
            "current_ratio": 128.95,
            "debt_ratio": 43.82,
            "inventory_turnover_ratio": 0.36,
            "account_receivable_turnover_ratio": 0.99,
            "reinvestment_rate": null,
            "research_to_sale_ratio": 0.65,
            "price_fair": 0.9,
            "eps_avg_yearly": 0.3,
            "eps_latest_yearly": 0.04,
            "eps_growth_yearly": -170.33
        },
        "20192": {
            "year_quarter": 20192,
            "year": 2019,
            "quarter": 2,
            "eps": 0.03,
            "eps_growth_year": 50,
            "eps_4q": -1.35,
            "eps_4q_growth_year": null,
            "roe": 0.23,
            "roe_4q": -9.05,
            "gross_profit": 439060,
            "gross_margin": 29.8,
            "gross_margin_4q_avg": 20.01,
            "net_income": 14471,
            "revenue": 1473165,
            "common_shares": 4337821,
            "book_valuer_per_share": 14.47,
            "book_valuer_per_share_4q_avg": 14.78,
            "equity": 6276380,
            "current_ratio": 133.58,
            "debt_ratio": 42.52,
            "inventory_turnover_ratio": 0.46,
            "account_receivable_turnover_ratio": 1.69,
            "reinvestment_rate": null,
            "research_to_sale_ratio": 0.44,
            "price_fair": 0.9,
            "eps_avg_yearly": 0.3,
            "eps_latest_yearly": 0.04,
            "eps_growth_yearly": -170.33
        },
        "20193": {
            "year_quarter": 20193,
            "year": 2019,
            "quarter": 3,
            "eps": -0.14,
            "eps_growth_year": null,
            "eps_4q": -1.2,
            "eps_4q_growth_year": null,
            "roe": -0.95,
            "roe_4q": -8.17,
            "gross_profit": 349612,
            "gross_margin": 28.63,
            "gross_margin_4q_avg": 20.51,
            "net_income": -58601,
            "revenue": 1221018,
            "common_shares": 4337821,
            "book_valuer_per_share": 14.11,
            "book_valuer_per_share_4q_avg": 14.47,
            "equity": 6120770,
            "current_ratio": 199.27,
            "debt_ratio": 40.78,
            "inventory_turnover_ratio": 0.39,
            "account_receivable_turnover_ratio": 1.28,
            "reinvestment_rate": null,
            "research_to_sale_ratio": 0.53,
            "price_fair": 0.9,
            "eps_avg_yearly": 0.3,
            "eps_latest_yearly": 0.04,
            "eps_growth_yearly": -170.33
        },
        "20194": {
            "year_quarter": 20194,
            "year": 2019,
            "quarter": 4,
            "eps": -0.17,
            "eps_growth_year": null,
            "eps_4q": -0.98,
            "eps_4q_growth_year": null,
            "roe": -1.24,
            "roe_4q": -6.79,
            "gross_profit": 250239,
            "gross_margin": 20.89,
            "gross_margin_4q_avg": 21.21,
            "net_income": -74474,
            "revenue": 1198111,
            "common_shares": 4337821,
            "book_valuer_per_share": 13.68,
            "book_valuer_per_share_4q_avg": 14.19,
            "equity": 5932484,
            "current_ratio": 196.59,
            "debt_ratio": 40.15,
            "inventory_turnover_ratio": 0.46,
            "account_receivable_turnover_ratio": 1.28,
            "reinvestment_rate": null,
            "research_to_sale_ratio": 0.68,
            "price_fair": 0.9,
            "eps_avg_yearly": 0.3,
            "eps_latest_yearly": 0.04,
            "eps_growth_yearly": -170.33
        },
        "20201": {
            "year_quarter": 20201,
            "year": 2020,
            "quarter": 1,
            "eps": -0.62,
            "eps_growth_year": null,
            "eps_4q": -0.9,
            "eps_4q_growth_year": null,
            "roe": -4.67,
            "roe_4q": -6.63,
            "gross_profit": 33381,
            "gross_margin": 4.87,
            "gross_margin_4q_avg": 21.05,
            "net_income": -270820,
            "revenue": 685603,
            "common_shares": 4337821,
            "book_valuer_per_share": 13.07,
            "book_valuer_per_share_4q_avg": 13.83,
            "equity": 5671590,
            "current_ratio": 186.26,
            "debt_ratio": 41.38,
            "inventory_turnover_ratio": 0.34,
            "account_receivable_turnover_ratio": 0.82,
            "reinvestment_rate": null,
            "research_to_sale_ratio": 0.71,
            "price_fair": 0.9,
            "eps_avg_yearly": 0.3,
            "eps_latest_yearly": 0.04,
            "eps_growth_yearly": -170.33
        },
        "20202": {
            "year_quarter": 20202,
            "year": 2020,
            "quarter": 2,
            "eps": -0.61,
            "eps_growth_year": -2133.33,
            "eps_4q": -1.54,
            "eps_4q_growth_year": null,
            "roe": -4.79,
            "roe_4q": -11.65,
            "gross_profit": 46288,
            "gross_margin": 4.07,
            "gross_margin_4q_avg": 14.62,
            "net_income": -265235,
            "revenue": 1137651,
            "common_shares": 4337821,
            "book_valuer_per_share": 12.46,
            "book_valuer_per_share_4q_avg": 13.33,
            "equity": 5406158,
            "current_ratio": 169.21,
            "debt_ratio": 41.86,
            "inventory_turnover_ratio": 0.72,
            "account_receivable_turnover_ratio": 1.26,
            "reinvestment_rate": null,
            "research_to_sale_ratio": 0.46,
            "price_fair": 0.9,
            "eps_avg_yearly": 0.3,
            "eps_latest_yearly": 0.04,
            "eps_growth_yearly": -170.33
        },
        "20203": {
            "year_quarter": 20203,
            "year": 2020,
            "quarter": 3,
            "eps": 0.04,
            "eps_growth_year": null,
            "eps_4q": -1.37,
            "eps_4q_growth_year": null,
            "roe": 0.33,
            "roe_4q": -10.37,
            "gross_profit": 232011,
            "gross_margin": 25.32,
            "gross_margin_4q_avg": 13.79,
            "net_income": 17895,
            "revenue": 916225,
            "common_shares": 4337821,
            "book_valuer_per_share": 12.56,
            "book_valuer_per_share_4q_avg": 12.94,
            "equity": 5450412,
            "current_ratio": 155.56,
            "debt_ratio": 44.55,
            "inventory_turnover_ratio": 0.57,
            "account_receivable_turnover_ratio": 0.87,
            "reinvestment_rate": null,
            "research_to_sale_ratio": 0.66,
            "price_fair": 0.9,
            "eps_avg_yearly": 0.3,
            "eps_latest_yearly": 0.04,
            "eps_growth_yearly": -170.33
        },
        "20204": {
            "year_quarter": 20204,
            "year": 2020,
            "quarter": 4,
            "eps": 0.27,
            "eps_growth_year": null,
            "eps_4q": -0.93,
            "eps_4q_growth_year": null,
            "roe": 2.1,
            "roe_4q": -7.029999999999999,
            "gross_profit": 379313,
            "gross_margin": 43.62,
            "gross_margin_4q_avg": 19.47,
            "net_income": 115293,
            "revenue": 869522,
            "common_shares": 4337821,
            "book_valuer_per_share": 12.72,
            "book_valuer_per_share_4q_avg": 12.7,
            "equity": 5516902,
            "current_ratio": 157.14,
            "debt_ratio": 44.24,
            "inventory_turnover_ratio": 0.4,
            "account_receivable_turnover_ratio": 0.82,
            "reinvestment_rate": null,
            "research_to_sale_ratio": 0.86,
            "price_fair": 19.6,
            "eps_avg_yearly": 0.56,
            "eps_latest_yearly": 1.08,
            "eps_growth_yearly": 653.11
        },
        "20211": {
            "year_quarter": 20211,
            "year": 2021,
            "quarter": 1,
            "eps": -0.39,
            "eps_growth_year": null,
            "eps_4q": -0.69,
            "eps_4q_growth_year": null,
            "roe": -3.1,
            "roe_4q": -5.46,
            "gross_profit": 70360,
            "gross_margin": 11.85,
            "gross_margin_4q_avg": 21.22,
            "net_income": -169129,
            "revenue": 593987,
            "common_shares": 4337821,
            "book_valuer_per_share": 12.47,
            "book_valuer_per_share_4q_avg": 12.55,
            "equity": 5410343,
            "current_ratio": 154.64,
            "debt_ratio": 44.28,
            "inventory_turnover_ratio": 0.45,
            "account_receivable_turnover_ratio": 0.62,
            "reinvestment_rate": null,
            "research_to_sale_ratio": 0.94,
            "price_fair": 19.6,
            "eps_avg_yearly": 0.56,
            "eps_latest_yearly": 1.08,
            "eps_growth_yearly": 653.11
        },
        "20212": {
            "year_quarter": 20212,
            "year": 2021,
            "quarter": 2,
            "eps": -0.04,
            "eps_growth_year": null,
            "eps_4q": -0.12,
            "eps_4q_growth_year": null,
            "roe": -0.3,
            "roe_4q": -0.9699999999999998,
            "gross_profit": 227427,
            "gross_margin": 27.6,
            "gross_margin_4q_avg": 27.1,
            "net_income": -16085,
            "revenue": 824089,
            "common_shares": 4337821,
            "book_valuer_per_share": 12.49,
            "book_valuer_per_share_4q_avg": 12.56,
            "equity": 5419572,
            "current_ratio": 173.98,
            "debt_ratio": 44.35,
            "inventory_turnover_ratio": 0.53,
            "account_receivable_turnover_ratio": 0.92,
            "reinvestment_rate": null,
            "research_to_sale_ratio": 0.82,
            "price_fair": 19.6,
            "eps_avg_yearly": 0.56,
            "eps_latest_yearly": 1.08,
            "eps_growth_yearly": 653.11
        },
        "20213": {
            "year_quarter": 20213,
            "year": 2021,
            "quarter": 3,
            "eps": 2.62,
            "eps_growth_year": 6450,
            "eps_4q": 2.45,
            "eps_4q_growth_year": null,
            "roe": 18.97,
            "roe_4q": 17.669999999999998,
            "gross_profit": 261513,
            "gross_margin": 29.07,
            "gross_margin_4q_avg": 28.04,
            "net_income": 1133883,
            "revenue": 899665,
            "common_shares": 4337821,
            "book_valuer_per_share": 15.07,
            "book_valuer_per_share_4q_avg": 13.19,
            "equity": 6536006,
            "current_ratio": 183.7,
            "debt_ratio": 34.5,
            "inventory_turnover_ratio": 0.58,
            "account_receivable_turnover_ratio": 0.89,
            "reinvestment_rate": null,
            "research_to_sale_ratio": 0.76,
            "price_fair": 19.6,
            "eps_avg_yearly": 0.56,
            "eps_latest_yearly": 1.08,
            "eps_growth_yearly": 964.29
        },
        "20214": {
            "year_quarter": 20214,
            "year": 2021,
            "quarter": 4,
            "eps": 0.1,
            "eps_growth_year": -62.85,
            "eps_4q": 2.29,
            "eps_4q_growth_year": null,
            "roe": 0.66,
            "roe_4q": 16.229999999999997,
            "gross_profit": 194569,
            "gross_margin": 21.91,
            "gross_margin_4q_avg": 22.61,
            "net_income": 42826,
            "revenue": 888186,
            "common_shares": 4337821,
            "book_valuer_per_share": 14.98,
            "book_valuer_per_share_4q_avg": 13.75,
            "equity": 6498216,
            "current_ratio": 196.73,
            "debt_ratio": 31.75,
            "inventory_turnover_ratio": 0.69,
            "account_receivable_turnover_ratio": 0.83,
            "reinvestment_rate": null,
            "research_to_sale_ratio": 0.93,
            "price_fair": 25.9,
            "eps_avg_yearly": 0.74,
            "eps_latest_yearly": 0.4,
            "eps_growth_yearly": 957.63
        },
        "20221": {
            "year_quarter": 20221,
            "year": 2022,
            "quarter": 1,
            "eps": -0.03,
            "eps_growth_year": null,
            "eps_4q": 2.65,
            "eps_4q_growth_year": null,
            "roe": -0.17,
            "roe_4q": 19.159999999999997,
            "gross_profit": 189062,
            "gross_margin": 25.3,
            "gross_margin_4q_avg": 25.97,
            "net_income": -10883,
            "revenue": 747249,
            "common_shares": 4337821,
            "book_valuer_per_share": 15.14,
            "book_valuer_per_share_4q_avg": 14.42,
            "equity": 6565456,
            "current_ratio": 306.01,
            "debt_ratio": 30.62,
            "inventory_turnover_ratio": 0.6,
            "account_receivable_turnover_ratio": 0.76,
            "reinvestment_rate": null,
            "research_to_sale_ratio": 0.74,
            "price_fair": 25.9,
            "eps_avg_yearly": 0.74,
            "eps_latest_yearly": 0.4,
            "eps_growth_yearly": 957.63
        },
        "20222": {
            "year_quarter": 20222,
            "year": 2022,
            "quarter": 2,
            "eps": -0.15,
            "eps_growth_year": null,
            "eps_4q": 2.53,
            "eps_4q_growth_year": null,
            "roe": -1.09,
            "roe_4q": 18.369999999999997,
            "gross_profit": 271332,
            "gross_margin": 32.55,
            "gross_margin_4q_avg": 27.21,
            "net_income": -68926,
            "revenue": 833565,
            "common_shares": 4337821,
            "book_valuer_per_share": 13.9,
            "book_valuer_per_share_4q_avg": 14.77,
            "equity": 6027677,
            "current_ratio": 253.05,
            "debt_ratio": 34.39,
            "inventory_turnover_ratio": 0.6,
            "account_receivable_turnover_ratio": 0.98,
            "reinvestment_rate": null,
            "research_to_sale_ratio": 0.75,
            "price_fair": 25.9,
            "eps_avg_yearly": 0.74,
            "eps_latest_yearly": 0.4,
            "eps_growth_yearly": 957.63
        },
        "20223": {
            "year_quarter": 20223,
            "year": 2022,
            "quarter": 3,
            "eps": 0.13,
            "eps_growth_year": -95.04,
            "eps_4q": 0.06,
            "eps_4q_growth_year": -97.75,
            "roe": 1,
            "roe_4q": 0.3999999999999999,
            "gross_profit": 180798,
            "gross_margin": 25.71,
            "gross_margin_4q_avg": 26.37,
            "net_income": 58561,
            "revenue": 703169,
            "common_shares": 3904039,
            "book_valuer_per_share": 14.51,
            "book_valuer_per_share_4q_avg": 14.63,
            "equity": 5664885,
            "current_ratio": 237.44,
            "debt_ratio": 35.3,
            "inventory_turnover_ratio": 0.54,
            "account_receivable_turnover_ratio": 0.88,
            "reinvestment_rate": null,
            "research_to_sale_ratio": 0.94,
            "price_fair": 25.9,
            "eps_avg_yearly": 0.74,
            "eps_latest_yearly": 0.4,
            "eps_growth_yearly": 957.63
        },
        "20224": {
            "year_quarter": 20224,
            "year": 2022,
            "quarter": 4,
            "eps": -0.43,
            "eps_growth_year": -533.26,
            "eps_4q": -0.48,
            "eps_4q_growth_year": -121.1,
            "roe": -3.01,
            "roe_4q": -3.2699999999999996,
            "gross_profit": 221925,
            "gross_margin": 30.72,
            "gross_margin_4q_avg": 28.57,
            "net_income": -166995,
            "revenue": 722425,
            "common_shares": 3904039,
            "book_valuer_per_share": 13.95,
            "book_valuer_per_share_4q_avg": 14.38,
            "equity": 5447014,
            "current_ratio": 252.32,
            "debt_ratio": 34.63,
            "inventory_turnover_ratio": 0.49,
            "account_receivable_turnover_ratio": 1.01,
            "reinvestment_rate": null,
            "research_to_sale_ratio": 1.01,
            "price_fair": 25.9,
            "eps_avg_yearly": 0.74,
            "eps_latest_yearly": 0.4,
            "eps_growth_yearly": 957.63
        },
        "20231": {
            "year_quarter": 20231,
            "year": 2023,
            "quarter": 1,
            "eps": -0.08,
            "eps_growth_year": null,
            "eps_4q": -0.54,
            "eps_4q_growth_year": -120.25,
            "roe": -0.59,
            "roe_4q": -3.6899999999999995,
            "gross_profit": 158558,
            "gross_margin": 24.89,
            "gross_margin_4q_avg": 28.47,
            "net_income": -32215,
            "revenue": 637005,
            "common_shares": 3904039,
            "book_valuer_per_share": 13.89,
            "book_valuer_per_share_4q_avg": 14.06,
            "equity": 5421613,
            "current_ratio": 273.42,
            "debt_ratio": 33.23,
            "inventory_turnover_ratio": 0.45,
            "account_receivable_turnover_ratio": 0.99,
            "reinvestment_rate": -477.8,
            "research_to_sale_ratio": 0.85,
            "price_fair": 25.9,
            "eps_avg_yearly": 0.74,
            "eps_latest_yearly": 0.4,
            "eps_growth_yearly": 957.63
        }
    },
    "months": {
        "2001-06": {
            "month": "2001-06",
            "price": "4.99",
            "revenue": 116563
        },
        "2001-07": {
            "month": "2001-07",
            "price": "3.73",
            "revenue": 111910
        },
        "2001-08": {
            "month": "2001-08",
            "price": "3.29",
            "revenue": 120430
        },
        "2001-09": {
            "month": "2001-09",
            "price": "2.73",
            "revenue": 105479
        },
        "2001-10": {
            "month": "2001-10",
            "price": "1.92",
            "revenue": 98974
        },
        "2001-11": {
            "month": "2001-11",
            "price": "1.93",
            "revenue": 127518
        },
        "2001-12": {
            "month": "2001-12",
            "price": "2.37",
            "revenue": 96007
        },
        "2002-01": {
            "month": "2002-01",
            "price": "2.96",
            "revenue": 114163
        },
        "2002-02": {
            "month": "2002-02",
            "price": "2.91",
            "revenue": 42640
        },
        "2002-03": {
            "month": "2002-03",
            "price": "3.36",
            "revenue": 91180
        },
        "2002-04": {
            "month": "2002-04",
            "price": "4.76",
            "revenue": 96789
        },
        "2002-05": {
            "month": "2002-05",
            "price": "3.88",
            "revenue": 113505
        },
        "2002-06": {
            "month": "2002-06",
            "price": "3.70",
            "revenue": 100679
        },
        "2002-07": {
            "month": "2002-07",
            "price": "3.37",
            "revenue": 101757
        },
        "2002-08": {
            "month": "2002-08",
            "price": "3.02",
            "revenue": 99442
        },
        "2002-09": {
            "month": "2002-09",
            "price": "2.51",
            "revenue": 92020
        },
        "2002-10": {
            "month": "2002-10",
            "price": "2.62",
            "revenue": 97622
        },
        "2002-11": {
            "month": "2002-11",
            "price": "2.57",
            "revenue": 117127
        },
        "2002-12": {
            "month": "2002-12",
            "price": "4.15",
            "revenue": 97681
        },
        "2003-01": {
            "month": "2003-01",
            "price": "5.23",
            "revenue": 119986
        },
        "2003-02": {
            "month": "2003-02",
            "price": "4.80",
            "revenue": 64551
        },
        "2003-03": {
            "month": "2003-03",
            "price": "4.28",
            "revenue": 108050
        },
        "2003-04": {
            "month": "2003-04",
            "price": "3.93",
            "revenue": 109293
        },
        "2003-05": {
            "month": "2003-05",
            "price": "3.58",
            "revenue": 109399
        },
        "2003-06": {
            "month": "2003-06",
            "price": "4.28",
            "revenue": 115689
        },
        "2003-07": {
            "month": "2003-07",
            "price": "4.73",
            "revenue": 122718
        },
        "2003-08": {
            "month": "2003-08",
            "price": "4.90",
            "revenue": 138533
        },
        "2003-09": {
            "month": "2003-09",
            "price": "4.87",
            "revenue": 117860
        },
        "2003-10": {
            "month": "2003-10",
            "price": "7.35",
            "revenue": 128103
        },
        "2003-11": {
            "month": "2003-11",
            "price": "9.02",
            "revenue": 146958
        },
        "2003-12": {
            "month": "2003-12",
            "price": "9.48",
            "revenue": 169920
        },
        "2004-01": {
            "month": "2004-01",
            "price": "10.68",
            "revenue": 101384
        },
        "2004-02": {
            "month": "2004-02",
            "price": "10.56",
            "revenue": 123609
        },
        "2004-03": {
            "month": "2004-03",
            "price": "11.55",
            "revenue": 159366
        },
        "2004-04": {
            "month": "2004-04",
            "price": "11.38",
            "revenue": 165955
        },
        "2004-05": {
            "month": "2004-05",
            "price": "8.62",
            "revenue": 175594
        },
        "2004-06": {
            "month": "2004-06",
            "price": "9.04",
            "revenue": 160996
        },
        "2004-07": {
            "month": "2004-07",
            "price": "8.40",
            "revenue": 165106
        },
        "2004-08": {
            "month": "2004-08",
            "price": "6.32",
            "revenue": 157079
        },
        "2004-09": {
            "month": "2004-09",
            "price": "7.33",
            "revenue": 174858
        },
        "2004-10": {
            "month": "2004-10",
            "price": "7.44",
            "revenue": 180839
        },
        "2004-11": {
            "month": "2004-11",
            "price": "7.08",
            "revenue": 201822
        },
        "2004-12": {
            "month": "2004-12",
            "price": "7.40",
            "revenue": 171297
        },
        "2005-01": {
            "month": "2005-01",
            "price": "8.76",
            "revenue": 210231
        },
        "2005-02": {
            "month": "2005-02",
            "price": "8.79",
            "revenue": 96611
        },
        "2005-03": {
            "month": "2005-03",
            "price": "7.99",
            "revenue": 181060
        },
        "2005-04": {
            "month": "2005-04",
            "price": "6.88",
            "revenue": 186552
        },
        "2005-05": {
            "month": "2005-05",
            "price": "6.65",
            "revenue": 181746
        },
        "2005-06": {
            "month": "2005-06",
            "price": "7.00",
            "revenue": 169357
        },
        "2005-07": {
            "month": "2005-07",
            "price": "6.53",
            "revenue": 182301
        },
        "2005-08": {
            "month": "2005-08",
            "price": "6.09",
            "revenue": 174805
        },
        "2005-09": {
            "month": "2005-09",
            "price": "6.04",
            "revenue": 176537
        },
        "2005-10": {
            "month": "2005-10",
            "price": "5.74",
            "revenue": 189295
        },
        "2005-11": {
            "month": "2005-11",
            "price": "5.90",
            "revenue": 209006
        },
        "2005-12": {
            "month": "2005-12",
            "price": "6.33",
            "revenue": 218423
        },
        "2006-01": {
            "month": "2006-01",
            "price": "6.28",
            "revenue": 183532
        },
        "2006-02": {
            "month": "2006-02",
            "price": "6.14",
            "revenue": 140013
        },
        "2006-03": {
            "month": "2006-03",
            "price": "5.83",
            "revenue": 256466
        },
        "2006-04": {
            "month": "2006-04",
            "price": "6.32",
            "revenue": 242653
        },
        "2006-05": {
            "month": "2006-05",
            "price": "7.37",
            "revenue": 226581
        },
        "2006-06": {
            "month": "2006-06",
            "price": "6.44",
            "revenue": 227696
        },
        "2006-07": {
            "month": "2006-07",
            "price": "6.55",
            "revenue": 198499
        },
        "2006-08": {
            "month": "2006-08",
            "price": "6.78",
            "revenue": 227645
        },
        "2006-09": {
            "month": "2006-09",
            "price": "7.46",
            "revenue": 216618
        },
        "2006-10": {
            "month": "2006-10",
            "price": "10.80",
            "revenue": 216970
        },
        "2006-11": {
            "month": "2006-11",
            "price": "14.13",
            "revenue": 220393
        },
        "2006-12": {
            "month": "2006-12",
            "price": "16.22",
            "revenue": 202057
        },
        "2007-01": {
            "month": "2007-01",
            "price": "16.67",
            "revenue": 246342
        },
        "2007-02": {
            "month": "2007-02",
            "price": "15.82",
            "revenue": 117984
        },
        "2007-03": {
            "month": "2007-03",
            "price": "15.64",
            "revenue": 278436
        },
        "2007-04": {
            "month": "2007-04",
            "price": "18.13",
            "revenue": 264729
        },
        "2007-05": {
            "month": "2007-05",
            "price": "17.65",
            "revenue": 244607
        },
        "2007-06": {
            "month": "2007-06",
            "price": "18.46",
            "revenue": 227413
        },
        "2007-07": {
            "month": "2007-07",
            "price": "19.45",
            "revenue": 219636
        },
        "2007-08": {
            "month": "2007-08",
            "price": "17.31",
            "revenue": 228040
        },
        "2007-09": {
            "month": "2007-09",
            "price": "16.98",
            "revenue": 219764
        },
        "2007-10": {
            "month": "2007-10",
            "price": "17.35",
            "revenue": 233476
        },
        "2007-11": {
            "month": "2007-11",
            "price": "15.15",
            "revenue": 276410
        },
        "2007-12": {
            "month": "2007-12",
            "price": "13.30",
            "revenue": 302874
        },
        "2008-01": {
            "month": "2008-01",
            "price": "14.68",
            "revenue": 226151
        },
        "2008-02": {
            "month": "2008-02",
            "price": "15.40",
            "revenue": 113588
        },
        "2008-03": {
            "month": "2008-03",
            "price": "17.22",
            "revenue": 225777
        },
        "2008-04": {
            "month": "2008-04",
            "price": "17.10",
            "revenue": 268842
        },
        "2008-05": {
            "month": "2008-05",
            "price": "17.68",
            "revenue": 259465
        },
        "2008-06": {
            "month": "2008-06",
            "price": "15.69",
            "revenue": 304966
        },
        "2008-07": {
            "month": "2008-07",
            "price": "13.81",
            "revenue": 248249
        },
        "2008-08": {
            "month": "2008-08",
            "price": "12.19",
            "revenue": 262189
        },
        "2008-09": {
            "month": "2008-09",
            "price": "9.34",
            "revenue": 241982
        },
        "2008-10": {
            "month": "2008-10",
            "price": "7.43",
            "revenue": 196404
        },
        "2008-11": {
            "month": "2008-11",
            "price": "7.36",
            "revenue": 218500
        },
        "2008-12": {
            "month": "2008-12",
            "price": "7.88",
            "revenue": 216205
        },
        "2009-01": {
            "month": "2009-01",
            "price": "7.74",
            "revenue": 136029
        },
        "2009-02": {
            "month": "2009-02",
            "price": "6.84",
            "revenue": 112066
        },
        "2009-03": {
            "month": "2009-03",
            "price": "7.52",
            "revenue": 225106
        },
        "2009-04": {
            "month": "2009-04",
            "price": "10.76",
            "revenue": 178218
        },
        "2009-05": {
            "month": "2009-05",
            "price": "10.92",
            "revenue": 200148
        },
        "2009-06": {
            "month": "2009-06",
            "price": "9.77",
            "revenue": 220118
        },
        "2009-07": {
            "month": "2009-07",
            "price": "9.76",
            "revenue": 178179
        },
        "2009-08": {
            "month": "2009-08",
            "price": "10.12",
            "revenue": 188492
        },
        "2009-09": {
            "month": "2009-09",
            "price": "11.27",
            "revenue": 212684
        },
        "2009-10": {
            "month": "2009-10",
            "price": "13.52",
            "revenue": 207369
        },
        "2009-11": {
            "month": "2009-11",
            "price": "17.36",
            "revenue": 185011
        },
        "2009-12": {
            "month": "2009-12",
            "price": "20.37",
            "revenue": 204515
        },
        "2010-01": {
            "month": "2010-01",
            "price": "19.91",
            "revenue": 221819
        },
        "2010-02": {
            "month": "2010-02",
            "price": "18.71",
            "revenue": 101254
        },
        "2010-03": {
            "month": "2010-03",
            "price": "20.72",
            "revenue": 203817
        },
        "2010-04": {
            "month": "2010-04",
            "price": "22.44",
            "revenue": 206084
        },
        "2010-05": {
            "month": "2010-05",
            "price": "22.37",
            "revenue": 218474
        },
        "2010-06": {
            "month": "2010-06",
            "price": "23.28",
            "revenue": 254065
        },
        "2010-07": {
            "month": "2010-07",
            "price": "24.19",
            "revenue": 212437
        },
        "2010-08": {
            "month": "2010-08",
            "price": "28.09",
            "revenue": 224975
        },
        "2010-09": {
            "month": "2010-09",
            "price": "24.30",
            "revenue": 228493
        },
        "2010-10": {
            "month": "2010-10",
            "price": "24.56",
            "revenue": 221096
        },
        "2010-11": {
            "month": "2010-11",
            "price": "22.98",
            "revenue": 222990
        },
        "2010-12": {
            "month": "2010-12",
            "price": "23.90",
            "revenue": 242310
        },
        "2011-01": {
            "month": "2011-01",
            "price": "23.90",
            "revenue": 225152
        },
        "2011-02": {
            "month": "2011-02",
            "price": "22.76",
            "revenue": 137285
        },
        "2011-03": {
            "month": "2011-03",
            "price": "23.59",
            "revenue": 250676
        },
        "2011-04": {
            "month": "2011-04",
            "price": "24.64",
            "revenue": 259776
        },
        "2011-05": {
            "month": "2011-05",
            "price": "23.66",
            "revenue": 223040
        },
        "2011-06": {
            "month": "2011-06",
            "price": "22.21",
            "revenue": 254143
        },
        "2011-07": {
            "month": "2011-07",
            "price": "21.85",
            "revenue": 243460
        },
        "2011-08": {
            "month": "2011-08",
            "price": "18.62",
            "revenue": 263153
        },
        "2011-09": {
            "month": "2011-09",
            "price": "17.28",
            "revenue": 278719
        },
        "2011-10": {
            "month": "2011-10",
            "price": "17.14",
            "revenue": 262699
        },
        "2011-11": {
            "month": "2011-11",
            "price": "15.44",
            "revenue": 272796
        },
        "2011-12": {
            "month": "2011-12",
            "price": "12.56",
            "revenue": 277660
        },
        "2012-01": {
            "month": "2012-01",
            "price": "12.92",
            "revenue": 201341
        },
        "2012-02": {
            "month": "2012-02",
            "price": "15.34",
            "revenue": 189922
        },
        "2012-03": {
            "month": "2012-03",
            "price": "16.03",
            "revenue": 294366
        },
        "2012-04": {
            "month": "2012-04",
            "price": "13.51",
            "revenue": 304757
        },
        "2012-05": {
            "month": "2012-05",
            "price": "11.60",
            "revenue": 274157
        },
        "2012-06": {
            "month": "2012-06",
            "price": "10.70",
            "revenue": 294073
        },
        "2012-07": {
            "month": "2012-07",
            "price": "11.03",
            "revenue": 285611
        },
        "2012-08": {
            "month": "2012-08",
            "price": "11.17",
            "revenue": 274288
        },
        "2012-09": {
            "month": "2012-09",
            "price": "11.78",
            "revenue": 252925
        },
        "2012-10": {
            "month": "2012-10",
            "price": "11.14",
            "revenue": 300098
        },
        "2012-11": {
            "month": "2012-11",
            "price": "10.14",
            "revenue": 299139
        },
        "2012-12": {
            "month": "2012-12",
            "price": "10.97",
            "revenue": 317733
        },
        "2013-01": {
            "month": "2013-01",
            "price": "11.22",
            "revenue": 448661
        },
        "2013-02": {
            "month": "2013-02",
            "price": "11.00",
            "revenue": 241220
        },
        "2013-03": {
            "month": "2013-03",
            "price": "10.55",
            "revenue": 572729
        },
        "2013-04": {
            "month": "2013-04",
            "price": "10.22",
            "revenue": 651308
        },
        "2013-05": {
            "month": "2013-05",
            "price": "10.22",
            "revenue": 647556
        },
        "2013-06": {
            "month": "2013-06",
            "price": "10.07",
            "revenue": 702137
        },
        "2013-07": {
            "month": "2013-07",
            "price": "10.04",
            "revenue": 685432
        },
        "2013-08": {
            "month": "2013-08",
            "price": "11.07",
            "revenue": 645196
        },
        "2013-09": {
            "month": "2013-09",
            "price": "12.50",
            "revenue": 645781
        },
        "2013-10": {
            "month": "2013-10",
            "price": "12.90",
            "revenue": 673947
        },
        "2013-11": {
            "month": "2013-11",
            "price": "12.74",
            "revenue": 664978
        },
        "2013-12": {
            "month": "2013-12",
            "price": "13.10",
            "revenue": 633080
        },
        "2014-01": {
            "month": "2014-01",
            "price": "12.74",
            "revenue": 315669
        },
        "2014-02": {
            "month": "2014-02",
            "price": "12.07",
            "revenue": 386185
        },
        "2014-03": {
            "month": "2014-03",
            "price": "12.25",
            "revenue": 612460
        },
        "2014-04": {
            "month": "2014-04",
            "price": "11.63",
            "revenue": 629581
        },
        "2014-05": {
            "month": "2014-05",
            "price": "10.65",
            "revenue": 681966
        },
        "2014-06": {
            "month": "2014-06",
            "price": "10.44",
            "revenue": 596859
        },
        "2014-07": {
            "month": "2014-07",
            "price": "10.35",
            "revenue": 618459
        },
        "2014-08": {
            "month": "2014-08",
            "price": "10.62",
            "revenue": 625137
        },
        "2014-09": {
            "month": "2014-09",
            "price": "10.51",
            "revenue": 627124
        },
        "2014-10": {
            "month": "2014-10",
            "price": "9.75",
            "revenue": 596758
        },
        "2014-11": {
            "month": "2014-11",
            "price": "9.26",
            "revenue": 661246
        },
        "2014-12": {
            "month": "2014-12",
            "price": "9.07",
            "revenue": 602121
        },
        "2015-01": {
            "month": "2015-01",
            "price": "9.59",
            "revenue": 478964
        },
        "2015-02": {
            "month": "2015-02",
            "price": "9.36",
            "revenue": 207478
        },
        "2015-03": {
            "month": "2015-03",
            "price": "9.38",
            "revenue": 493460
        },
        "2015-04": {
            "month": "2015-04",
            "price": "9.07",
            "revenue": 563447
        },
        "2015-05": {
            "month": "2015-05",
            "price": "8.88",
            "revenue": 569997
        },
        "2015-06": {
            "month": "2015-06",
            "price": "7.89",
            "revenue": 600595
        },
        "2015-07": {
            "month": "2015-07",
            "price": "7.74",
            "revenue": 533069
        },
        "2015-08": {
            "month": "2015-08",
            "price": "6.79",
            "revenue": 487713
        },
        "2015-09": {
            "month": "2015-09",
            "price": "7.02",
            "revenue": 548126
        },
        "2015-10": {
            "month": "2015-10",
            "price": "7.11",
            "revenue": 474519
        },
        "2015-11": {
            "month": "2015-11",
            "price": "7.03",
            "revenue": 500978
        },
        "2015-12": {
            "month": "2015-12",
            "price": "7.03",
            "revenue": 582311
        },
        "2016-01": {
            "month": "2016-01",
            "price": "6.75",
            "revenue": 296288
        },
        "2016-02": {
            "month": "2016-02",
            "price": "6.75",
            "revenue": 226625
        },
        "2016-03": {
            "month": "2016-03",
            "price": "7.10",
            "revenue": 448739
        },
        "2016-04": {
            "month": "2016-04",
            "price": "6.99",
            "revenue": 457301
        },
        "2016-05": {
            "month": "2016-05",
            "price": "6.57",
            "revenue": 498379
        },
        "2016-06": {
            "month": "2016-06",
            "price": "6.43",
            "revenue": 437100
        },
        "2016-07": {
            "month": "2016-07",
            "price": "6.58",
            "revenue": 403401
        },
        "2016-08": {
            "month": "2016-08",
            "price": "6.84",
            "revenue": 418014
        },
        "2016-09": {
            "month": "2016-09",
            "price": "7.02",
            "revenue": 465511
        },
        "2016-10": {
            "month": "2016-10",
            "price": "7.01",
            "revenue": 366751
        },
        "2016-11": {
            "month": "2016-11",
            "price": "6.96",
            "revenue": 452686
        },
        "2016-12": {
            "month": "2016-12",
            "price": "7.03",
            "revenue": 466430
        },
        "2017-01": {
            "month": "2017-01",
            "price": "7.08",
            "revenue": 253148
        },
        "2017-02": {
            "month": "2017-02",
            "price": "7.55",
            "revenue": 192788
        },
        "2017-03": {
            "month": "2017-03",
            "price": "8.01",
            "revenue": 446323
        },
        "2017-04": {
            "month": "2017-04",
            "price": "7.93",
            "revenue": 416497
        },
        "2017-05": {
            "month": "2017-05",
            "price": "7.47",
            "revenue": 456124
        },
        "2017-06": {
            "month": "2017-06",
            "price": "7.30",
            "revenue": 438104
        },
        "2017-07": {
            "month": "2017-07",
            "price": "7.39",
            "revenue": 449430
        },
        "2017-08": {
            "month": "2017-08",
            "price": "7.45",
            "revenue": 452409
        },
        "2017-09": {
            "month": "2017-09",
            "price": "7.67",
            "revenue": 493349
        },
        "2017-10": {
            "month": "2017-10",
            "price": "7.63",
            "revenue": 426338
        },
        "2017-11": {
            "month": "2017-11",
            "price": "7.90",
            "revenue": 449312
        },
        "2017-12": {
            "month": "2017-12",
            "price": "8.26",
            "revenue": 407173
        },
        "2018-01": {
            "month": "2018-01",
            "price": "8.85",
            "revenue": 346918
        },
        "2018-02": {
            "month": "2018-02",
            "price": "8.47",
            "revenue": 144659
        },
        "2018-03": {
            "month": "2018-03",
            "price": "8.52",
            "revenue": 432966
        },
        "2018-04": {
            "month": "2018-04",
            "price": "8.18",
            "revenue": 568653
        },
        "2018-05": {
            "month": "2018-05",
            "price": "8.12",
            "revenue": 515339
        },
        "2018-06": {
            "month": "2018-06",
            "price": "7.83",
            "revenue": 569547
        },
        "2018-07": {
            "month": "2018-07",
            "price": "7.59",
            "revenue": 445407
        },
        "2018-08": {
            "month": "2018-08",
            "price": "7.70",
            "revenue": 440127
        },
        "2018-09": {
            "month": "2018-09",
            "price": "7.81",
            "revenue": 306912
        },
        "2018-10": {
            "month": "2018-10",
            "price": "7.25",
            "revenue": 409177
        },
        "2018-11": {
            "month": "2018-11",
            "price": "7.07",
            "revenue": 448030
        },
        "2018-12": {
            "month": "2018-12",
            "price": "7.11",
            "revenue": 391257
        },
        "2019-01": {
            "month": "2019-01",
            "price": "7.05",
            "revenue": 276142
        },
        "2019-02": {
            "month": "2019-02",
            "price": "7.02",
            "revenue": 141802
        },
        "2019-03": {
            "month": "2019-03",
            "price": "6.97",
            "revenue": 421429
        },
        "2019-04": {
            "month": "2019-04",
            "price": "6.75",
            "revenue": 503642
        },
        "2019-05": {
            "month": "2019-05",
            "price": "6.56",
            "revenue": 504456
        },
        "2019-06": {
            "month": "2019-06",
            "price": "7.00",
            "revenue": 468366
        },
        "2019-07": {
            "month": "2019-07",
            "price": "6.97",
            "revenue": 382004
        },
        "2019-08": {
            "month": "2019-08",
            "price": "6.67",
            "revenue": 407103
        },
        "2019-09": {
            "month": "2019-09",
            "price": "6.52",
            "revenue": 417361
        },
        "2019-10": {
            "month": "2019-10",
            "price": "6.49",
            "revenue": 404064
        },
        "2019-11": {
            "month": "2019-11",
            "price": "6.59",
            "revenue": 398167
        },
        "2019-12": {
            "month": "2019-12",
            "price": "6.67",
            "revenue": 406930
        },
        "2020-01": {
            "month": "2020-01",
            "price": "6.65",
            "revenue": 206872
        },
        "2020-02": {
            "month": "2020-02",
            "price": "6.08",
            "revenue": 154436
        },
        "2020-03": {
            "month": "2020-03",
            "price": "4.85",
            "revenue": 323807
        },
        "2020-04": {
            "month": "2020-04",
            "price": "4.55",
            "revenue": 400598
        },
        "2020-05": {
            "month": "2020-05",
            "price": "4.90",
            "revenue": 352198
        },
        "2020-06": {
            "month": "2020-06",
            "price": "5.24",
            "revenue": 403477
        },
        "2020-07": {
            "month": "2020-07",
            "price": "5.48",
            "revenue": 299541
        },
        "2020-08": {
            "month": "2020-08",
            "price": "5.55",
            "revenue": 328988
        },
        "2020-09": {
            "month": "2020-09",
            "price": "6.31",
            "revenue": 264681
        },
        "2020-10": {
            "month": "2020-10",
            "price": "6.38",
            "revenue": 304651
        },
        "2020-11": {
            "month": "2020-11",
            "price": "6.38",
            "revenue": 293646
        },
        "2020-12": {
            "month": "2020-12",
            "price": "7.23",
            "revenue": 263730
        },
        "2021-01": {
            "month": "2021-01",
            "price": "7.45",
            "revenue": 247388
        },
        "2021-02": {
            "month": "2021-02",
            "price": "8.19",
            "revenue": 110963
        },
        "2021-03": {
            "month": "2021-03",
            "price": "8.24",
            "revenue": 232084
        },
        "2021-04": {
            "month": "2021-04",
            "price": "12.30",
            "revenue": 272636
        },
        "2021-05": {
            "month": "2021-05",
            "price": "12.22",
            "revenue": 273149
        },
        "2021-06": {
            "month": "2021-06",
            "price": "12.56",
            "revenue": 283015
        },
        "2021-07": {
            "month": "2021-07",
            "price": "12.50",
            "revenue": 304242
        },
        "2021-08": {
            "month": "2021-08",
            "price": "11.75",
            "revenue": 304326
        },
        "2021-09": {
            "month": "2021-09",
            "price": "11.26",
            "revenue": 291124
        },
        "2021-10": {
            "month": "2021-10",
            "price": "10.86",
            "revenue": 275358
        },
        "2021-11": {
            "month": "2021-11",
            "price": "11.56",
            "revenue": 299176
        },
        "2021-12": {
            "month": "2021-12",
            "price": "12.17",
            "revenue": 328742
        },
        "2022-01": {
            "month": "2022-01",
            "price": "11.57",
            "revenue": 280380
        },
        "2022-02": {
            "month": "2022-02",
            "price": "11.29",
            "revenue": 157801
        },
        "2022-03": {
            "month": "2022-03",
            "price": "11.56",
            "revenue": 309283
        },
        "2022-04": {
            "month": "2022-04",
            "price": "12.14",
            "revenue": 299284
        },
        "2022-05": {
            "month": "2022-05",
            "price": "11.36",
            "revenue": 261617
        },
        "2022-06": {
            "month": "2022-06",
            "price": "11.24",
            "revenue": 272646
        },
        "2022-07": {
            "month": "2022-07",
            "price": "10.13",
            "revenue": 235289
        },
        "2022-08": {
            "month": "2022-08",
            "price": "9.47",
            "revenue": 244575
        },
        "2022-09": {
            "month": "2022-09",
            "price": "8.83",
            "revenue": 223344
        },
        "2022-10": {
            "month": "2022-10",
            "price": "8.56",
            "revenue": 240791
        },
        "2022-11": {
            "month": "2022-11",
            "price": "9.47",
            "revenue": 249839
        },
        "2022-12": {
            "month": "2022-12",
            "price": "9.26",
            "revenue": 231899
        },
        "2023-01": {
            "month": "2023-01",
            "price": "8.96",
            "revenue": 156773
        },
        "2023-02": {
            "month": "2023-02",
            "price": "9.05",
            "revenue": 196733
        },
        "2023-03": {
            "month": "2023-03",
            "price": "9.06",
            "revenue": 283491
        },
        "2023-04": {
            "month": "2023-04",
            "price": "9.16",
            "revenue": 250785
        },
        "2023-05": {
            "month": "2023-05",
            "price": "9.04",
            "revenue": 316601
        }
    }
}
