{
    "summary": {
        "stock_name": "潤隆",
        "stock_id": "1808",
        "category": "建材營造",
        "main_business": "委託營造廠商興建商業大樓及國民住宅出租、出售業務",
        "website_url": "http://www.runlong.com.tw",
        "ceo": "林暐鈞",
        "pe_ratio": 35,
        "report_year_from": 2002,
        "report_year_to": 2023,
        "age": 21,
        "eps_negative_percentage": 13,
        "eps_growth_avg": {
            "last_all": 8.5,
            "last_2y": -26.44,
            "last_4y": -10.88,
            "last_8y": 2.07,
            "last_12y": 0.34,
            "last_16y": 3.11,
            "last_20y": 8.5,
            "at_2006_last_3y": 94.97,
            "at_2007_last_3y": 40.04,
            "at_2008_last_3y": 36.28,
            "at_2009_last_3y": 12.13,
            "at_2010_last_3y": -10.56,
            "at_2011_last_3y": 31.9,
            "at_2012_last_3y": 20.57,
            "at_2013_last_3y": -3.55,
            "at_2014_last_3y": 21.65,
            "at_2015_last_3y": 0.47,
            "at_2016_last_3y": 6.49,
            "at_2017_last_3y": 18.26,
            "at_2018_last_3y": 18.26,
            "at_2019_last_3y": -4.33,
            "at_2020_last_3y": -27.22,
            "at_2021_last_3y": 9.28,
            "at_2022_last_3y": -38.6,
            "at_2023_last_3y": -38.6,
            "at_2006_last_all": 94.97,
            "at_2007_last_all": 40.04,
            "at_2008_last_all": 36.28,
            "at_2009_last_all": 29.7,
            "at_2010_last_all": 24.62,
            "at_2011_last_all": 35.39,
            "at_2012_last_all": 28.42,
            "at_2013_last_all": 14.92,
            "at_2014_last_all": 23.43,
            "at_2015_last_all": 22.69,
            "at_2016_last_all": 21.11,
            "at_2017_last_all": 15.95,
            "at_2018_last_all": 21.95,
            "at_2019_last_all": 15.48,
            "at_2020_last_all": 9.03,
            "at_2021_last_all": 14.38,
            "at_2022_last_all": 8.5,
            "at_2023_last_all": 8.5
        },
        "latest_eps": 2.15,
        "latest_price": 75.3,
        "latest_roe": 15.46,
        "latest_gross_margin": 46.54,
        "latest_equity": 6620940,
        "latest_revenue": 3065872,
        "latest_gross_profit": 1426778,
        "latest_net_income": 854685,
        "latest_debt_ratio": 86.78,
        "latest_current_ratio": 134.79,
        "latest_account_receivable_turnover_ratio": 1.86,
        "latest_inventory_turnover_ratio": 0.05,
        "latest_reinvestment_rate": -50.6,
        "latest_research_to_sale_ratio": null
    },
    "eps_dividends": {
        "1993": {
            "cash": 0,
            "stock": 1.65,
            "eps": 0
        },
        "1994": {
            "cash": 0,
            "stock": 1.8,
            "eps": 0
        },
        "1995": {
            "cash": 0,
            "stock": 2.14,
            "eps": 0
        },
        "2001": {
            "cash": 0,
            "stock": 0,
            "eps": -1.99
        },
        "2002": {
            "cash": 0,
            "stock": 0,
            "eps": -4.26
        },
        "2003": {
            "cash": 0,
            "stock": 0,
            "eps": -3.31
        },
        "2004": {
            "cash": 0,
            "stock": 0,
            "eps": 1.35
        },
        "2005": {
            "cash": 0,
            "stock": 0,
            "eps": 3.28
        },
        "2006": {
            "cash": 0,
            "stock": 0.83,
            "eps": 6.23
        },
        "2007": {
            "cash": 0.5,
            "stock": 2.5,
            "eps": 1.88
        },
        "2008": {
            "cash": 1,
            "stock": 2,
            "eps": 2.35
        },
        "2009": {
            "cash": 0.2,
            "stock": 1.6,
            "eps": 2.43
        },
        "2010": {
            "cash": 0.22,
            "stock": 2,
            "eps": 2.41
        },
        "2011": {
            "cash": 6.23,
            "stock": 0,
            "eps": 5.61
        },
        "2012": {
            "cash": 0,
            "stock": 0,
            "eps": 4.47
        },
        "2013": {
            "cash": 3,
            "stock": 0,
            "eps": 0.31
        },
        "2014": {
            "cash": 0.3,
            "stock": 0,
            "eps": 3.67
        },
        "2015": {
            "cash": 4,
            "stock": 0,
            "eps": 4.23
        },
        "2016": {
            "cash": 5,
            "stock": 0,
            "eps": 4.39
        },
        "2017": {
            "cash": 5,
            "stock": 0,
            "eps": 2.37
        },
        "2018": {
            "cash": 3.5,
            "stock": 0,
            "eps": 8.55
        },
        "2019": {
            "cash": 8,
            "stock": 0,
            "eps": 2.13
        },
        "2020": {
            "cash": 2,
            "stock": 2,
            "eps": 0.26
        },
        "2021": {
            "cash": 0.2,
            "stock": 0.6,
            "eps": 4.37
        },
        "2022": {
            "cash": 2,
            "stock": 1.5,
            "eps": 0.37
        },
        "2023": {
            "cash": 0.6,
            "stock": 0,
            "eps": 1.89
        }
    },
    "dividends": {
        "1993-03-30": {
            "cash": 0,
            "stock": 1.65
        },
        "1994-04-28": {
            "cash": 0,
            "stock": 1.8
        },
        "1995-04-10": {
            "cash": 0,
            "stock": 2.14
        },
        "2006-04-28": {
            "cash": 0,
            "stock": 0.83
        },
        "2007-04-26": {
            "cash": 0.5,
            "stock": 2.5
        },
        "2008-04-07": {
            "cash": 1,
            "stock": 2
        },
        "2009-04-17": {
            "cash": 0.2,
            "stock": 1.6
        },
        "2010-04-28": {
            "cash": 0.22,
            "stock": 2
        },
        "2011-01-01": {
            "cash": 4.73,
            "stock": 0
        },
        "2011-03-15": {
            "cash": 1.5,
            "stock": 0
        },
        "2013-03-20": {
            "cash": 3,
            "stock": 0
        },
        "2014-10-03": {
            "cash": 0.3,
            "stock": 0
        },
        "2015-10-02": {
            "cash": 4,
            "stock": 0
        },
        "2016-09-14": {
            "cash": 5,
            "stock": 0
        },
        "2017-10-06": {
            "cash": 5,
            "stock": 0
        },
        "2018-08-15": {
            "cash": 3.5,
            "stock": 0
        },
        "2019-11-29": {
            "cash": 8,
            "stock": 0
        },
        "2020-10-30": {
            "cash": 2,
            "stock": 2
        },
        "2021-10-29": {
            "cash": 0.2,
            "stock": 0.6
        },
        "2022-10-31": {
            "cash": 2,
            "stock": 1.5
        },
        "2023-03-10": {
            "cash": 0.6,
            "stock": 0
        }
    },
    "prices": {
        "200101": "2.67",
        "200102": "2.23",
        "200103": "1.71",
        "200104": "1.97",
        "200105": "1.69",
        "200106": "2.10",
        "200107": "1.96",
        "200108": "2.21",
        "200109": "1.99",
        "200110": "無",
        "200111": "無",
        "200112": "4.07",
        "200201": "3.35",
        "200202": "3.08",
        "200203": "3.18",
        "200204": "5.40",
        "200205": "9.39",
        "200206": "7.70",
        "200207": "無",
        "200208": "4.42",
        "200209": "4.97",
        "200210": "7.21",
        "200211": "5.41",
        "200212": "4.03",
        "200301": "4.16",
        "200302": "3.60",
        "200303": "無",
        "200304": "無",
        "200305": "5.55",
        "200306": "6.18",
        "200307": "5.82",
        "200308": "5.13",
        "200309": "5.31",
        "200310": "6.67",
        "200311": "5.92",
        "200312": "5.95",
        "200401": "6.60",
        "200402": "9.34",
        "200403": "9.82",
        "200404": "10.72",
        "200405": "6.71",
        "200406": "6.75",
        "200407": "5.52",
        "200408": "5.80",
        "200409": "7.12",
        "200410": "15.40",
        "200411": "11.70",
        "200412": "12.62",
        "200501": "12.27",
        "200502": "11.15",
        "200503": "11.30",
        "200504": "11.23",
        "200505": "10.88",
        "200506": "10.68",
        "200507": "10.95",
        "200508": "11.82",
        "200509": "12.22",
        "200510": "13.23",
        "200511": "13.61",
        "200512": "17.28",
        "200601": "23.62",
        "200602": "27.02",
        "200603": "28.61",
        "200604": "44.42",
        "200605": "70.74",
        "200606": "44.95",
        "200607": "50.25",
        "200608": "49.37",
        "200609": "43.66",
        "200610": "44.36",
        "200611": "49.66",
        "200612": "49.55",
        "200701": "46.40",
        "200702": "43.86",
        "200703": "41.96",
        "200704": "46.12",
        "200705": "42.32",
        "200706": "41.30",
        "200707": "43.88",
        "200708": "38.48",
        "200709": "28.82",
        "200710": "37.46",
        "200711": "32.59",
        "200712": "26.10",
        "200801": "24.69",
        "200802": "26.08",
        "200803": "31.72",
        "200804": "35.88",
        "200805": "31.06",
        "200806": "26.90",
        "200807": "27.64",
        "200808": "25.35",
        "200809": "20.17",
        "200810": "16.72",
        "200811": "13.02",
        "200812": "13.97",
        "200901": "13.85",
        "200902": "13.26",
        "200903": "14.42",
        "200904": "18.35",
        "200905": "19.64",
        "200906": "21.30",
        "200907": "21.77",
        "200908": "18.48",
        "200909": "19.58",
        "200910": "20.28",
        "200911": "18.82",
        "200912": "19.58",
        "201001": "21.43",
        "201002": "18.99",
        "201003": "20.77",
        "201004": "23.72",
        "201005": "25.24",
        "201006": "25.26",
        "201007": "25.72",
        "201008": "28.78",
        "201009": "30.37",
        "201010": "31.55",
        "201011": "32.66",
        "201012": "29.42",
        "201101": "30.77",
        "201102": "29.69",
        "201103": "26.18",
        "201104": "28.58",
        "201105": "28.69",
        "201106": "28.70",
        "201107": "29.99",
        "201108": "30.46",
        "201109": "30.36",
        "201110": "31.50",
        "201111": "32.54",
        "201112": "30.54",
        "201201": "28.82",
        "201202": "31.20",
        "201203": "39.79",
        "201204": "42.76",
        "201205": "43.89",
        "201206": "43.04",
        "201207": "41.82",
        "201208": "36.52",
        "201209": "39.65",
        "201210": "36.19",
        "201211": "33.98",
        "201212": "33.43",
        "201301": "34.32",
        "201302": "34.26",
        "201303": "35.00",
        "201304": "34.89",
        "201305": "34.70",
        "201306": "34.91",
        "201307": "31.73",
        "201308": "30.77",
        "201309": "32.65",
        "201310": "32.11",
        "201311": "30.76",
        "201312": "30.97",
        "201401": "30.84",
        "201402": "31.16",
        "201403": "30.98",
        "201404": "30.50",
        "201405": "29.53",
        "201406": "29.10",
        "201407": "28.92",
        "201408": "28.85",
        "201409": "28.52",
        "201410": "27.69",
        "201411": "27.80",
        "201412": "28.58",
        "201501": "29.22",
        "201502": "28.12",
        "201503": "28.73",
        "201504": "35.74",
        "201505": "34.09",
        "201506": "32.78",
        "201507": "30.45",
        "201508": "27.50",
        "201509": "25.92",
        "201510": "28.90",
        "201511": "27.69",
        "201512": "26.55",
        "201601": "24.66",
        "201602": "26.25",
        "201603": "29.27",
        "201604": "33.39",
        "201605": "32.79",
        "201606": "35.05",
        "201607": "35.66",
        "201608": "36.39",
        "201609": "33.03",
        "201610": "32.44",
        "201611": "32.29",
        "201612": "32.11",
        "201701": "33.68",
        "201702": "37.82",
        "201703": "42.75",
        "201704": "47.72",
        "201705": "48.10",
        "201706": "48.54",
        "201707": "48.62",
        "201708": "46.52",
        "201709": "41.47",
        "201710": "36.83",
        "201711": "37.82",
        "201712": "41.09",
        "201801": "44.69",
        "201802": "44.87",
        "201803": "48.50",
        "201804": "54.58",
        "201805": "62.10",
        "201806": "58.56",
        "201807": "56.34",
        "201808": "57.98",
        "201809": "58.69",
        "201810": "56.60",
        "201811": "56.05",
        "201812": "55.75",
        "201901": "55.18",
        "201902": "60.04",
        "201903": "66.67",
        "201904": "67.62",
        "201905": "64.59",
        "201906": "63.53",
        "201907": "64.13",
        "201908": "62.10",
        "201909": "62.47",
        "201910": "67.95",
        "201911": "60.42",
        "201912": "58.57",
        "202001": "61.08",
        "202002": "59.67",
        "202003": "53.69",
        "202004": "56.32",
        "202005": "59.25",
        "202006": "61.98",
        "202007": "63.71",
        "202008": "68.59",
        "202009": "70.10",
        "202010": "63.71",
        "202011": "62.14",
        "202012": "59.67",
        "202101": "58.68",
        "202102": "61.02",
        "202103": "60.35",
        "202104": "56.73",
        "202105": "53.39",
        "202106": "56.70",
        "202107": "57.55",
        "202108": "60.00",
        "202109": "59.41",
        "202110": "59.16",
        "202111": "59.48",
        "202112": "58.18",
        "202201": "54.43",
        "202202": "54.47",
        "202203": "56.66",
        "202204": "58.37",
        "202205": "67.91",
        "202206": "67.73",
        "202207": "64.85",
        "202208": "68.77",
        "202209": "68.26",
        "202210": "60.34",
        "202211": "61.20",
        "202212": "66.11",
        "202301": "69.71",
        "202302": "72.58",
        "202303": "70.04",
        "202304": "73.93",
        "202305": "74.96"
    },
    "quarters": {
        "20011": {
            "year_quarter": 20011,
            "year": 2001,
            "quarter": 1,
            "eps": -0.35,
            "eps_growth_year": null,
            "eps_4q": -2.52,
            "eps_4q_growth_year": null,
            "roe": -11.95,
            "roe_4q": -11.95,
            "gross_profit": -2142,
            "gross_margin": -6.58,
            "gross_margin_4q_avg": -6.58,
            "net_income": -33175,
            "revenue": 32542,
            "common_shares": 950914,
            "book_valuer_per_share": 2.75,
            "book_valuer_per_share_4q_avg": 2.75,
            "equity": 261105,
            "current_ratio": 15.6,
            "debt_ratio": 75.69,
            "inventory_turnover_ratio": 0.82,
            "account_receivable_turnover_ratio": null,
            "reinvestment_rate": null,
            "research_to_sale_ratio": null,
            "price_fair": 0,
            "eps_avg_yearly": 0,
            "eps_latest_yearly": 0,
            "eps_growth_yearly": 0
        },
        "20012": {
            "year_quarter": 20012,
            "year": 2001,
            "quarter": 2,
            "eps": -0.25,
            "eps_growth_year": null,
            "eps_4q": -1.85,
            "eps_4q_growth_year": null,
            "roe": -9.64,
            "roe_4q": -21.59,
            "gross_profit": -81,
            "gross_margin": -0.24,
            "gross_margin_4q_avg": -3.41,
            "net_income": -24023,
            "revenue": 33539,
            "common_shares": 950914,
            "book_valuer_per_share": 2.49,
            "book_valuer_per_share_4q_avg": 2.62,
            "equity": 237082,
            "current_ratio": 13.44,
            "debt_ratio": 79.27,
            "inventory_turnover_ratio": 0.87,
            "account_receivable_turnover_ratio": null,
            "reinvestment_rate": null,
            "research_to_sale_ratio": null,
            "price_fair": 0,
            "eps_avg_yearly": 0,
            "eps_latest_yearly": 0,
            "eps_growth_yearly": 0
        },
        "20013": {
            "year_quarter": 20013,
            "year": 2001,
            "quarter": 3,
            "eps": -0.4,
            "eps_growth_year": null,
            "eps_4q": -5.07,
            "eps_4q_growth_year": null,
            "roe": -14.18,
            "roe_4q": -35.769999999999996,
            "gross_profit": -2981,
            "gross_margin": -17.23,
            "gross_margin_4q_avg": -8.02,
            "net_income": -31402,
            "revenue": 17301,
            "common_shares": 300000,
            "book_valuer_per_share": 6.86,
            "book_valuer_per_share_4q_avg": 4.03,
            "equity": 205681,
            "current_ratio": 7.61,
            "debt_ratio": 82.7,
            "inventory_turnover_ratio": 0.69,
            "account_receivable_turnover_ratio": null,
            "reinvestment_rate": null,
            "research_to_sale_ratio": null,
            "price_fair": 0,
            "eps_avg_yearly": 0,
            "eps_latest_yearly": 0,
            "eps_growth_yearly": 0
        },
        "20014": {
            "year_quarter": 20014,
            "year": 2001,
            "quarter": 4,
            "eps": -0.99,
            "eps_growth_year": null,
            "eps_4q": -3.94,
            "eps_4q_growth_year": null,
            "roe": -15.59,
            "roe_4q": -51.36,
            "gross_profit": 8734,
            "gross_margin": 19.46,
            "gross_margin_4q_avg": -1.15,
            "net_income": -29746,
            "revenue": 44873,
            "common_shares": 300000,
            "book_valuer_per_share": 5.86,
            "book_valuer_per_share_4q_avg": 4.49,
            "equity": 175934,
            "current_ratio": 10.77,
            "debt_ratio": 85.71,
            "inventory_turnover_ratio": 2.19,
            "account_receivable_turnover_ratio": null,
            "reinvestment_rate": null,
            "research_to_sale_ratio": null,
            "price_fair": 0,
            "eps_avg_yearly": 0,
            "eps_latest_yearly": 0,
            "eps_growth_yearly": 0
        },
        "20021": {
            "year_quarter": 20021,
            "year": 2002,
            "quarter": 1,
            "eps": -0.87,
            "eps_growth_year": null,
            "eps_4q": -3.69,
            "eps_4q_growth_year": null,
            "roe": -16.16,
            "roe_4q": -55.57,
            "gross_profit": -3523,
            "gross_margin": -25.09,
            "gross_margin_4q_avg": -5.78,
            "net_income": -26309,
            "revenue": 14042,
            "common_shares": 300000,
            "book_valuer_per_share": 4.99,
            "book_valuer_per_share_4q_avg": 5.05,
            "equity": 149625,
            "current_ratio": 10.02,
            "debt_ratio": 87.88,
            "inventory_turnover_ratio": 2.13,
            "account_receivable_turnover_ratio": null,
            "reinvestment_rate": null,
            "research_to_sale_ratio": null,
            "price_fair": 0,
            "eps_avg_yearly": 0,
            "eps_latest_yearly": 0,
            "eps_growth_yearly": 0
        },
        "20022": {
            "year_quarter": 20022,
            "year": 2002,
            "quarter": 2,
            "eps": -1,
            "eps_growth_year": null,
            "eps_4q": -3.92,
            "eps_4q_growth_year": null,
            "roe": -22.29,
            "roe_4q": -68.22,
            "gross_profit": -4737,
            "gross_margin": -110.37,
            "gross_margin_4q_avg": -33.31,
            "net_income": -30005,
            "revenue": 4292,
            "common_shares": 300000,
            "book_valuer_per_share": 3.99,
            "book_valuer_per_share_4q_avg": 5.43,
            "equity": 119620,
            "current_ratio": 7.29,
            "debt_ratio": 90.15,
            "inventory_turnover_ratio": 1.02,
            "account_receivable_turnover_ratio": null,
            "reinvestment_rate": null,
            "research_to_sale_ratio": null,
            "price_fair": 0,
            "eps_avg_yearly": 0,
            "eps_latest_yearly": 0,
            "eps_growth_yearly": 0
        },
        "20023": {
            "year_quarter": 20023,
            "year": 2002,
            "quarter": 3,
            "eps": -1.13,
            "eps_growth_year": null,
            "eps_4q": -2.03,
            "eps_4q_growth_year": null,
            "roe": -14.28,
            "roe_4q": -68.32000000000001,
            "gross_profit": -4228,
            "gross_margin": -125.05,
            "gross_margin_4q_avg": -60.26,
            "net_income": -35936,
            "revenue": 3381,
            "common_shares": 600000,
            "book_valuer_per_share": 6.39,
            "book_valuer_per_share_4q_avg": 5.31,
            "equity": 383684,
            "current_ratio": 18.39,
            "debt_ratio": 70.03,
            "inventory_turnover_ratio": 0.76,
            "account_receivable_turnover_ratio": null,
            "reinvestment_rate": null,
            "research_to_sale_ratio": null,
            "price_fair": 0,
            "eps_avg_yearly": 0,
            "eps_latest_yearly": 0,
            "eps_growth_yearly": 0
        },
        "20024": {
            "year_quarter": 20024,
            "year": 2002,
            "quarter": 4,
            "eps": -1.26,
            "eps_growth_year": null,
            "eps_4q": -3.64,
            "eps_4q_growth_year": null,
            "roe": -13.62,
            "roe_4q": -66.35,
            "gross_profit": -2458,
            "gross_margin": -28.89,
            "gross_margin_4q_avg": -72.35,
            "net_income": -48932,
            "revenue": 8507,
            "common_shares": 600000,
            "book_valuer_per_share": 5.58,
            "book_valuer_per_share_4q_avg": 5.24,
            "equity": 334752,
            "current_ratio": 7.44,
            "debt_ratio": 72.36,
            "inventory_turnover_ratio": 1.46,
            "account_receivable_turnover_ratio": null,
            "reinvestment_rate": null,
            "research_to_sale_ratio": null,
            "price_fair": 0,
            "eps_avg_yearly": 0,
            "eps_latest_yearly": 0,
            "eps_growth_yearly": 0
        },
        "20031": {
            "year_quarter": 20031,
            "year": 2003,
            "quarter": 1,
            "eps": -0.33,
            "eps_growth_year": null,
            "eps_4q": -2.23,
            "eps_4q_growth_year": null,
            "roe": -6.13,
            "roe_4q": -56.32,
            "gross_profit": 5343,
            "gross_margin": 13.9,
            "gross_margin_4q_avg": -62.6,
            "net_income": -19908,
            "revenue": 38428,
            "common_shares": 600000,
            "book_valuer_per_share": 5.25,
            "book_valuer_per_share_4q_avg": 5.3,
            "equity": 314844,
            "current_ratio": 11.22,
            "debt_ratio": 74.77,
            "inventory_turnover_ratio": 4.89,
            "account_receivable_turnover_ratio": null,
            "reinvestment_rate": null,
            "research_to_sale_ratio": null,
            "price_fair": 0,
            "eps_avg_yearly": 0,
            "eps_latest_yearly": 0,
            "eps_growth_yearly": 0
        },
        "20032": {
            "year_quarter": 20032,
            "year": 2003,
            "quarter": 2,
            "eps": 0.06,
            "eps_growth_year": null,
            "eps_4q": -1.66,
            "eps_4q_growth_year": null,
            "roe": 1.15,
            "roe_4q": -32.88,
            "gross_profit": 17585,
            "gross_margin": 25.72,
            "gross_margin_4q_avg": -28.58,
            "net_income": 3656,
            "revenue": 68364,
            "common_shares": 600000,
            "book_valuer_per_share": 5.31,
            "book_valuer_per_share_4q_avg": 5.63,
            "equity": 318500,
            "current_ratio": 14.15,
            "debt_ratio": 75,
            "inventory_turnover_ratio": 5.06,
            "account_receivable_turnover_ratio": null,
            "reinvestment_rate": null,
            "research_to_sale_ratio": null,
            "price_fair": 0,
            "eps_avg_yearly": 0,
            "eps_latest_yearly": 0,
            "eps_growth_yearly": 0
        },
        "20033": {
            "year_quarter": 20033,
            "year": 2003,
            "quarter": 3,
            "eps": -0.03,
            "eps_growth_year": null,
            "eps_4q": -1.11,
            "eps_4q_growth_year": null,
            "roe": -0.53,
            "roe_4q": -19.13,
            "gross_profit": 16562,
            "gross_margin": 31.65,
            "gross_margin_4q_avg": 10.6,
            "net_income": -1686,
            "revenue": 52334,
            "common_shares": 600000,
            "book_valuer_per_share": 5.28,
            "book_valuer_per_share_4q_avg": 5.36,
            "equity": 316814,
            "current_ratio": 11.69,
            "debt_ratio": 74.38,
            "inventory_turnover_ratio": 2.62,
            "account_receivable_turnover_ratio": null,
            "reinvestment_rate": null,
            "research_to_sale_ratio": null,
            "price_fair": 0,
            "eps_avg_yearly": 0,
            "eps_latest_yearly": 0,
            "eps_growth_yearly": 0
        },
        "20034": {
            "year_quarter": 20034,
            "year": 2003,
            "quarter": 4,
            "eps": -3.01,
            "eps_growth_year": null,
            "eps_4q": -3.31,
            "eps_4q_growth_year": null,
            "roe": -79.73,
            "roe_4q": -85.24,
            "gross_profit": -8459,
            "gross_margin": -13.37,
            "gross_margin_4q_avg": 14.48,
            "net_income": -180596,
            "revenue": 63263,
            "common_shares": 600000,
            "book_valuer_per_share": 2.27,
            "book_valuer_per_share_4q_avg": 4.53,
            "equity": 136218,
            "current_ratio": 12.52,
            "debt_ratio": 87.15,
            "inventory_turnover_ratio": 6.78,
            "account_receivable_turnover_ratio": null,
            "reinvestment_rate": null,
            "research_to_sale_ratio": null,
            "price_fair": 0,
            "eps_avg_yearly": 0,
            "eps_latest_yearly": 0,
            "eps_growth_yearly": 0
        },
        "20041": {
            "year_quarter": 20041,
            "year": 2004,
            "quarter": 1,
            "eps": 0.5,
            "eps_growth_year": null,
            "eps_4q": -2.49,
            "eps_4q_growth_year": null,
            "roe": 19.77,
            "roe_4q": -59.34000000000001,
            "gross_profit": 46330,
            "gross_margin": 46.79,
            "gross_margin_4q_avg": 22.7,
            "net_income": 29886,
            "revenue": 99019,
            "common_shares": 600000,
            "book_valuer_per_share": 2.77,
            "book_valuer_per_share_4q_avg": 3.91,
            "equity": 166104,
            "current_ratio": 23.37,
            "debt_ratio": 85.4,
            "inventory_turnover_ratio": 2.38,
            "account_receivable_turnover_ratio": null,
            "reinvestment_rate": null,
            "research_to_sale_ratio": null,
            "price_fair": 0,
            "eps_avg_yearly": 0,
            "eps_latest_yearly": 0,
            "eps_growth_yearly": 0
        },
        "20042": {
            "year_quarter": 20042,
            "year": 2004,
            "quarter": 2,
            "eps": 0.2,
            "eps_growth_year": 233.33,
            "eps_4q": -2.28,
            "eps_4q_growth_year": null,
            "roe": 3.81,
            "roe_4q": -56.68000000000001,
            "gross_profit": 32631,
            "gross_margin": 41.34,
            "gross_margin_4q_avg": 26.6,
            "net_income": 12276,
            "revenue": 78925,
            "common_shares": 600000,
            "book_valuer_per_share": 7.97,
            "book_valuer_per_share_4q_avg": 4.57,
            "equity": 478381,
            "current_ratio": 41.76,
            "debt_ratio": 59.19,
            "inventory_turnover_ratio": 1.22,
            "account_receivable_turnover_ratio": null,
            "reinvestment_rate": null,
            "research_to_sale_ratio": null,
            "price_fair": 2.4,
            "eps_avg_yearly": 0.8,
            "eps_latest_yearly": 0.8,
            "eps_growth_yearly": -240
        },
        "20043": {
            "year_quarter": 20043,
            "year": 2004,
            "quarter": 3,
            "eps": 0.35,
            "eps_growth_year": null,
            "eps_4q": -1.97,
            "eps_4q_growth_year": null,
            "roe": 4.27,
            "roe_4q": -51.88,
            "gross_profit": 38657,
            "gross_margin": 43.91,
            "gross_margin_4q_avg": 29.67,
            "net_income": 20855,
            "revenue": 88034,
            "common_shares": 600000,
            "book_valuer_per_share": 8.32,
            "book_valuer_per_share_4q_avg": 5.33,
            "equity": 499236,
            "current_ratio": 71.43,
            "debt_ratio": 70.09,
            "inventory_turnover_ratio": 0.17,
            "account_receivable_turnover_ratio": null,
            "reinvestment_rate": null,
            "research_to_sale_ratio": null,
            "price_fair": 38.5,
            "eps_avg_yearly": 1.1,
            "eps_latest_yearly": 1.4,
            "eps_growth_yearly": 30
        },
        "20044": {
            "year_quarter": 20044,
            "year": 2004,
            "quarter": 4,
            "eps": 0.3,
            "eps_growth_year": null,
            "eps_4q": 1.68,
            "eps_4q_growth_year": null,
            "roe": 2.7,
            "roe_4q": 30.549999999999997,
            "gross_profit": 33056,
            "gross_margin": 39.48,
            "gross_margin_4q_avg": 42.88,
            "net_income": 13660,
            "revenue": 83729,
            "common_shares": 600000,
            "book_valuer_per_share": 8.55,
            "book_valuer_per_share_4q_avg": 6.9,
            "equity": 512895,
            "current_ratio": 105.99,
            "debt_ratio": 73.95,
            "inventory_turnover_ratio": 0.09,
            "account_receivable_turnover_ratio": null,
            "reinvestment_rate": null,
            "research_to_sale_ratio": null,
            "price_fair": 11.33,
            "eps_avg_yearly": 1.13,
            "eps_latest_yearly": 1.2,
            "eps_growth_yearly": 0.95
        },
        "20051": {
            "year_quarter": 20051,
            "year": 2005,
            "quarter": 1,
            "eps": 0.25,
            "eps_growth_year": -50,
            "eps_4q": 1.04,
            "eps_4q_growth_year": null,
            "roe": 2.68,
            "roe_4q": 13.46,
            "gross_profit": 51408,
            "gross_margin": 47.64,
            "gross_margin_4q_avg": 43.09,
            "net_income": 14857,
            "revenue": 107899,
            "common_shares": 600000,
            "book_valuer_per_share": 9.93,
            "book_valuer_per_share_4q_avg": 8.69,
            "equity": 595799,
            "current_ratio": 103.38,
            "debt_ratio": 83.69,
            "inventory_turnover_ratio": 0.04,
            "account_receivable_turnover_ratio": null,
            "reinvestment_rate": null,
            "research_to_sale_ratio": null,
            "price_fair": 3.3,
            "eps_avg_yearly": 1.1,
            "eps_latest_yearly": 1,
            "eps_growth_yearly": -15.95
        },
        "20052": {
            "year_quarter": 20052,
            "year": 2005,
            "quarter": 2,
            "eps": 0.32,
            "eps_growth_year": 60,
            "eps_4q": 1.15,
            "eps_4q_growth_year": null,
            "roe": 3.15,
            "roe_4q": 12.8,
            "gross_profit": 36768,
            "gross_margin": 36.62,
            "gross_margin_4q_avg": 41.91,
            "net_income": 19041,
            "revenue": 100408,
            "common_shares": 600000,
            "book_valuer_per_share": 10.25,
            "book_valuer_per_share_4q_avg": 9.26,
            "equity": 614840,
            "current_ratio": 104.33,
            "debt_ratio": 85.32,
            "inventory_turnover_ratio": 0.03,
            "account_receivable_turnover_ratio": null,
            "reinvestment_rate": null,
            "research_to_sale_ratio": null,
            "price_fair": 22.31,
            "eps_avg_yearly": 1.14,
            "eps_latest_yearly": 1.28,
            "eps_growth_yearly": 9.64
        },
        "20053": {
            "year_quarter": 20053,
            "year": 2005,
            "quarter": 3,
            "eps": 0.81,
            "eps_growth_year": 131.43,
            "eps_4q": 1.61,
            "eps_4q_growth_year": null,
            "roe": 7.58,
            "roe_4q": 16.11,
            "gross_profit": 66756,
            "gross_margin": 51.02,
            "gross_margin_4q_avg": 43.69,
            "net_income": 48431,
            "revenue": 130842,
            "common_shares": 600000,
            "book_valuer_per_share": 11.05,
            "book_valuer_per_share_4q_avg": 9.95,
            "equity": 663271,
            "current_ratio": 96.38,
            "debt_ratio": 85.62,
            "inventory_turnover_ratio": 0.02,
            "account_receivable_turnover_ratio": null,
            "reinvestment_rate": null,
            "research_to_sale_ratio": null,
            "price_fair": 52.03,
            "eps_avg_yearly": 1.49,
            "eps_latest_yearly": 3.24,
            "eps_growth_yearly": 110.12
        },
        "20054": {
            "year_quarter": 20054,
            "year": 2005,
            "quarter": 4,
            "eps": 1.9,
            "eps_growth_year": 533.33,
            "eps_4q": 3.27,
            "eps_4q_growth_year": 94.42,
            "roe": 15.81,
            "roe_4q": 29.22,
            "gross_profit": 189771,
            "gross_margin": 21.22,
            "gross_margin_4q_avg": 39.13,
            "net_income": 113853,
            "revenue": 894171,
            "common_shares": 600000,
            "book_valuer_per_share": 12.95,
            "book_valuer_per_share_4q_avg": 11.05,
            "equity": 777124,
            "current_ratio": 99.15,
            "debt_ratio": 85.2,
            "inventory_turnover_ratio": 0.21,
            "account_receivable_turnover_ratio": null,
            "reinvestment_rate": null,
            "research_to_sale_ratio": null,
            "price_fair": 82.6,
            "eps_avg_yearly": 2.36,
            "eps_latest_yearly": 7.6,
            "eps_growth_yearly": 171.28
        },
        "20061": {
            "year_quarter": 20061,
            "year": 2006,
            "quarter": 1,
            "eps": 3.79,
            "eps_growth_year": 1416,
            "eps_4q": 6.82,
            "eps_4q_growth_year": 556.98,
            "roe": 25.5,
            "roe_4q": 52.04,
            "gross_profit": 364846,
            "gross_margin": 20.9,
            "gross_margin_4q_avg": 32.44,
            "net_income": 227166,
            "revenue": 1745694,
            "common_shares": 600000,
            "book_valuer_per_share": 16.74,
            "book_valuer_per_share_4q_avg": 12.75,
            "equity": 1004290,
            "current_ratio": 104.22,
            "debt_ratio": 82.79,
            "inventory_turnover_ratio": 0.35,
            "account_receivable_turnover_ratio": null,
            "reinvestment_rate": -14.88,
            "research_to_sale_ratio": null,
            "price_fair": 138.6,
            "eps_avg_yearly": 3.96,
            "eps_latest_yearly": 15.16,
            "eps_growth_yearly": 199.61
        },
        "20062": {
            "year_quarter": 20062,
            "year": 2006,
            "quarter": 2,
            "eps": 1.06,
            "eps_growth_year": 231.25,
            "eps_4q": 7.55,
            "eps_4q_growth_year": 556.34,
            "roe": 6.15,
            "roe_4q": 55.04,
            "gross_profit": 166752,
            "gross_margin": 16.34,
            "gross_margin_4q_avg": 27.37,
            "net_income": 63645,
            "revenue": 1020490,
            "common_shares": 600000,
            "book_valuer_per_share": 17.75,
            "book_valuer_per_share_4q_avg": 14.62,
            "equity": 1065245,
            "current_ratio": 105.71,
            "debt_ratio": 82.88,
            "inventory_turnover_ratio": 0.19,
            "account_receivable_turnover_ratio": null,
            "reinvestment_rate": -15.18,
            "research_to_sale_ratio": null,
            "price_fair": 139.69,
            "eps_avg_yearly": 3.99,
            "eps_latest_yearly": 4.24,
            "eps_growth_yearly": 145.41
        },
        "20063": {
            "year_quarter": 20063,
            "year": 2006,
            "quarter": 3,
            "eps": 1.4,
            "eps_growth_year": 72.84,
            "eps_4q": 7.64,
            "eps_4q_growth_year": 375.83,
            "roe": 8.18,
            "roe_4q": 55.64,
            "gross_profit": 125130,
            "gross_margin": 32.06,
            "gross_margin_4q_avg": 22.63,
            "net_income": 90804,
            "revenue": 390358,
            "common_shares": 649800,
            "book_valuer_per_share": 17.79,
            "book_valuer_per_share_4q_avg": 16.31,
            "equity": 1156050,
            "current_ratio": 106.11,
            "debt_ratio": 82.21,
            "inventory_turnover_ratio": 0.06,
            "account_receivable_turnover_ratio": null,
            "reinvestment_rate": -17.06,
            "research_to_sale_ratio": null,
            "price_fair": 145.32,
            "eps_avg_yearly": 4.15,
            "eps_latest_yearly": 5.6,
            "eps_growth_yearly": 143.7
        },
        "20064": {
            "year_quarter": 20064,
            "year": 2006,
            "quarter": 4,
            "eps": -0.02,
            "eps_growth_year": -101.05,
            "eps_4q": 5.85,
            "eps_4q_growth_year": 78.68,
            "roe": -0.11,
            "roe_4q": 39.72,
            "gross_profit": 49075,
            "gross_margin": 19.99,
            "gross_margin_4q_avg": 22.32,
            "net_income": -1241,
            "revenue": 245479,
            "common_shares": 649800,
            "book_valuer_per_share": 17.77,
            "book_valuer_per_share_4q_avg": 17.51,
            "equity": 1154808,
            "current_ratio": 106.44,
            "debt_ratio": 82.08,
            "inventory_turnover_ratio": 0.05,
            "account_receivable_turnover_ratio": null,
            "reinvestment_rate": -17.76,
            "research_to_sale_ratio": null,
            "price_fair": 145.32,
            "eps_avg_yearly": 4.15,
            "eps_latest_yearly": 5.6,
            "eps_growth_yearly": 143.7
        },
        "20071": {
            "year_quarter": 20071,
            "year": 2007,
            "quarter": 1,
            "eps": 0.44,
            "eps_growth_year": -88.39,
            "eps_4q": 2.79,
            "eps_4q_growth_year": -59.07,
            "roe": 2.45,
            "roe_4q": 16.67,
            "gross_profit": 97063,
            "gross_margin": 17.72,
            "gross_margin_4q_avg": 21.53,
            "net_income": 28695,
            "revenue": 547906,
            "common_shares": 649800,
            "book_valuer_per_share": 18.21,
            "book_valuer_per_share_4q_avg": 17.88,
            "equity": 1183503,
            "current_ratio": 113.49,
            "debt_ratio": 72.13,
            "inventory_turnover_ratio": 0.15,
            "account_receivable_turnover_ratio": null,
            "reinvestment_rate": -17.91,
            "research_to_sale_ratio": null,
            "price_fair": 145.32,
            "eps_avg_yearly": 4.15,
            "eps_latest_yearly": 5.6,
            "eps_growth_yearly": 143.7
        },
        "20072": {
            "year_quarter": 20072,
            "year": 2007,
            "quarter": 2,
            "eps": 0.31,
            "eps_growth_year": -70.75,
            "eps_4q": 2.13,
            "eps_4q_growth_year": -71.75,
            "roe": 1.72,
            "roe_4q": 12.239999999999998,
            "gross_profit": 107052,
            "gross_margin": 17.34,
            "gross_margin_4q_avg": 21.78,
            "net_income": 20123,
            "revenue": 617292,
            "common_shares": 812250,
            "book_valuer_per_share": 14.21,
            "book_valuer_per_share_4q_avg": 17,
            "equity": 1154019,
            "current_ratio": 146.37,
            "debt_ratio": 60.29,
            "inventory_turnover_ratio": 0.29,
            "account_receivable_turnover_ratio": null,
            "reinvestment_rate": -17.28,
            "research_to_sale_ratio": null,
            "price_fair": 136.05,
            "eps_avg_yearly": 3.89,
            "eps_latest_yearly": 1.24,
            "eps_growth_yearly": 119.9
        },
        "20073": {
            "year_quarter": 20073,
            "year": 2007,
            "quarter": 3,
            "eps": 0.7,
            "eps_growth_year": -50,
            "eps_4q": 1.29,
            "eps_4q_growth_year": -83.18,
            "roe": 4.81,
            "roe_4q": 8.870000000000001,
            "gross_profit": 67246,
            "gross_margin": 39.4,
            "gross_margin_4q_avg": 23.61,
            "net_income": 56927,
            "revenue": 170681,
            "common_shares": 812250,
            "book_valuer_per_share": 14.91,
            "book_valuer_per_share_4q_avg": 16.28,
            "equity": 1210945,
            "current_ratio": 174.38,
            "debt_ratio": 51.75,
            "inventory_turnover_ratio": 0.08,
            "account_receivable_turnover_ratio": null,
            "reinvestment_rate": -15.41,
            "research_to_sale_ratio": null,
            "price_fair": 132.88,
            "eps_avg_yearly": 3.8,
            "eps_latest_yearly": 2.8,
            "eps_growth_yearly": 151.84
        },
        "20074": {
            "year_quarter": 20074,
            "year": 2007,
            "quarter": 4,
            "eps": 0.43,
            "eps_growth_year": null,
            "eps_4q": 1.74,
            "eps_4q_growth_year": -70.3,
            "roe": 2.83,
            "roe_4q": 11.809999999999999,
            "gross_profit": 81435,
            "gross_margin": 42.11,
            "gross_margin_4q_avg": 29.14,
            "net_income": 34780,
            "revenue": 193392,
            "common_shares": 812250,
            "book_valuer_per_share": 15.34,
            "book_valuer_per_share_4q_avg": 15.67,
            "equity": 1245726,
            "current_ratio": 188.38,
            "debt_ratio": 48.34,
            "inventory_turnover_ratio": 0.09,
            "account_receivable_turnover_ratio": null,
            "reinvestment_rate": -13.31,
            "research_to_sale_ratio": null,
            "price_fair": 127.29,
            "eps_avg_yearly": 3.64,
            "eps_latest_yearly": 1.72,
            "eps_growth_yearly": 128.29
        },
        "20081": {
            "year_quarter": 20081,
            "year": 2008,
            "quarter": 1,
            "eps": 0.48,
            "eps_growth_year": 9.09,
            "eps_4q": 1.86,
            "eps_4q_growth_year": -33.27,
            "roe": 3.07,
            "roe_4q": 12.430000000000001,
            "gross_profit": 63866,
            "gross_margin": 45.66,
            "gross_margin_4q_avg": 36.13,
            "net_income": 38861,
            "revenue": 139867,
            "common_shares": 812250,
            "book_valuer_per_share": 15.82,
            "book_valuer_per_share_4q_avg": 15.07,
            "equity": 1284587,
            "current_ratio": 188.78,
            "debt_ratio": 47.91,
            "inventory_turnover_ratio": 0.07,
            "account_receivable_turnover_ratio": null,
            "reinvestment_rate": -16.61,
            "research_to_sale_ratio": null,
            "price_fair": 123,
            "eps_avg_yearly": 3.51,
            "eps_latest_yearly": 1.92,
            "eps_growth_yearly": 122.45
        },
        "20082": {
            "year_quarter": 20082,
            "year": 2008,
            "quarter": 2,
            "eps": 0.47,
            "eps_growth_year": 51.61,
            "eps_4q": 2.08,
            "eps_4q_growth_year": -2.27,
            "roe": 3.02,
            "roe_4q": 13.73,
            "gross_profit": 76309,
            "gross_margin": 38.28,
            "gross_margin_4q_avg": 41.36,
            "net_income": 38035,
            "revenue": 199343,
            "common_shares": 812250,
            "book_valuer_per_share": 15.22,
            "book_valuer_per_share_4q_avg": 15.32,
            "equity": 1236374,
            "current_ratio": 157.2,
            "debt_ratio": 55.91,
            "inventory_turnover_ratio": 0.09,
            "account_receivable_turnover_ratio": null,
            "reinvestment_rate": -13.63,
            "research_to_sale_ratio": null,
            "price_fair": 125.7,
            "eps_avg_yearly": 3.59,
            "eps_latest_yearly": 1.88,
            "eps_growth_yearly": 139
        },
        "20083": {
            "year_quarter": 20083,
            "year": 2008,
            "quarter": 3,
            "eps": 0.62,
            "eps_growth_year": -11.43,
            "eps_4q": 1.77,
            "eps_4q_growth_year": 37.92,
            "roe": 4.74,
            "roe_4q": 13.66,
            "gross_profit": 92484,
            "gross_margin": 35.31,
            "gross_margin_4q_avg": 40.34,
            "net_income": 60084,
            "revenue": 261908,
            "common_shares": 976000,
            "book_valuer_per_share": 13.28,
            "book_valuer_per_share_4q_avg": 14.92,
            "equity": 1296458,
            "current_ratio": 171.2,
            "debt_ratio": 51.39,
            "inventory_turnover_ratio": 0.11,
            "account_receivable_turnover_ratio": null,
            "reinvestment_rate": -11.78,
            "research_to_sale_ratio": null,
            "price_fair": 128.4,
            "eps_avg_yearly": 3.67,
            "eps_latest_yearly": 2.48,
            "eps_growth_yearly": 126.69
        },
        "20084": {
            "year_quarter": 20084,
            "year": 2008,
            "quarter": 4,
            "eps": 0.78,
            "eps_growth_year": 81.4,
            "eps_4q": 2.19,
            "eps_4q_growth_year": 26.19,
            "roe": 5.67,
            "roe_4q": 16.5,
            "gross_profit": 107647,
            "gross_margin": 39.69,
            "gross_margin_4q_avg": 39.74,
            "net_income": 75647,
            "revenue": 271192,
            "common_shares": 976000,
            "book_valuer_per_share": 14.06,
            "book_valuer_per_share_4q_avg": 14.6,
            "equity": 1372105,
            "current_ratio": 156.08,
            "debt_ratio": 56.92,
            "inventory_turnover_ratio": 0.09,
            "account_receivable_turnover_ratio": 2.85,
            "reinvestment_rate": -9.5,
            "research_to_sale_ratio": null,
            "price_fair": 133.2,
            "eps_avg_yearly": 3.81,
            "eps_latest_yearly": 3.12,
            "eps_growth_yearly": 138.14
        },
        "20091": {
            "year_quarter": 20091,
            "year": 2009,
            "quarter": 1,
            "eps": 0.43,
            "eps_growth_year": -10.42,
            "eps_4q": 2.21,
            "eps_4q_growth_year": 18.6,
            "roe": 3.02,
            "roe_4q": 16.45,
            "gross_profit": 65423,
            "gross_margin": 31.88,
            "gross_margin_4q_avg": 36.29,
            "net_income": 42038,
            "revenue": 205184,
            "common_shares": 976000,
            "book_valuer_per_share": 14.49,
            "book_valuer_per_share_4q_avg": 14.26,
            "equity": 1414143,
            "current_ratio": 161.09,
            "debt_ratio": 55.28,
            "inventory_turnover_ratio": 0.07,
            "account_receivable_turnover_ratio": 0.99,
            "reinvestment_rate": -12.45,
            "research_to_sale_ratio": null,
            "price_fair": 135,
            "eps_avg_yearly": 3.86,
            "eps_latest_yearly": 1.72,
            "eps_growth_yearly": 130.08
        },
        "20092": {
            "year_quarter": 20092,
            "year": 2009,
            "quarter": 2,
            "eps": 0.87,
            "eps_growth_year": 85.11,
            "eps_4q": 2.7,
            "eps_4q_growth_year": 29.4,
            "roe": 5.85,
            "roe_4q": 19.28,
            "gross_profit": 59455,
            "gross_margin": 25.9,
            "gross_margin_4q_avg": 33.2,
            "net_income": 84703,
            "revenue": 229591,
            "common_shares": 976000,
            "book_valuer_per_share": 15.16,
            "book_valuer_per_share_4q_avg": 14.25,
            "equity": 1479326,
            "current_ratio": 247.26,
            "debt_ratio": 38.3,
            "inventory_turnover_ratio": 0.1,
            "account_receivable_turnover_ratio": 1.03,
            "reinvestment_rate": -11.51,
            "research_to_sale_ratio": null,
            "price_fair": 140.5,
            "eps_avg_yearly": 4.01,
            "eps_latest_yearly": 3.48,
            "eps_growth_yearly": 151.32
        },
        "20093": {
            "year_quarter": 20093,
            "year": 2009,
            "quarter": 3,
            "eps": 0.46,
            "eps_growth_year": -25.81,
            "eps_4q": 2.23,
            "eps_4q_growth_year": 25.93,
            "roe": 3.49,
            "roe_4q": 18.03,
            "gross_profit": 92420,
            "gross_margin": 43.15,
            "gross_margin_4q_avg": 35.16,
            "net_income": 52538,
            "revenue": 214173,
            "common_shares": 1132160,
            "book_valuer_per_share": 13.53,
            "book_valuer_per_share_4q_avg": 14.31,
            "equity": 1531864,
            "current_ratio": 276.08,
            "debt_ratio": 35.19,
            "inventory_turnover_ratio": 0.1,
            "account_receivable_turnover_ratio": 0.98,
            "reinvestment_rate": -10.77,
            "research_to_sale_ratio": null,
            "price_fair": 137,
            "eps_avg_yearly": 3.91,
            "eps_latest_yearly": 1.84,
            "eps_growth_yearly": 94.11
        },
        "20094": {
            "year_quarter": 20094,
            "year": 2009,
            "quarter": 4,
            "eps": 0.67,
            "eps_growth_year": -14.1,
            "eps_4q": 2.25,
            "eps_4q_growth_year": 2.84,
            "roe": 4.84,
            "roe_4q": 17.2,
            "gross_profit": 122711,
            "gross_margin": 36.76,
            "gross_margin_4q_avg": 34.42,
            "net_income": 75977,
            "revenue": 333807,
            "common_shares": 1132160,
            "book_valuer_per_share": 14.2,
            "book_valuer_per_share_4q_avg": 14.35,
            "equity": 1607841,
            "current_ratio": 313.24,
            "debt_ratio": 31.45,
            "inventory_turnover_ratio": 0.18,
            "account_receivable_turnover_ratio": 2.31,
            "reinvestment_rate": -11.26,
            "research_to_sale_ratio": null,
            "price_fair": 124.7,
            "eps_avg_yearly": 3.56,
            "eps_latest_yearly": 2.68,
            "eps_growth_yearly": 68.7
        },
        "20101": {
            "year_quarter": 20101,
            "year": 2010,
            "quarter": 1,
            "eps": 0.63,
            "eps_growth_year": 46.51,
            "eps_4q": 2.52,
            "eps_4q_growth_year": 13.98,
            "roe": 4.36,
            "roe_4q": 18.54,
            "gross_profit": 122204,
            "gross_margin": 30.17,
            "gross_margin_4q_avg": 34,
            "net_income": 71645,
            "revenue": 405070,
            "common_shares": 1132160,
            "book_valuer_per_share": 14.83,
            "book_valuer_per_share_4q_avg": 14.43,
            "equity": 1679486,
            "current_ratio": 419.19,
            "debt_ratio": 25.48,
            "inventory_turnover_ratio": 0.28,
            "account_receivable_turnover_ratio": 1.35,
            "reinvestment_rate": -13.07,
            "research_to_sale_ratio": null,
            "price_fair": 93.1,
            "eps_avg_yearly": 2.66,
            "eps_latest_yearly": 2.52,
            "eps_growth_yearly": 38.57
        },
        "20102": {
            "year_quarter": 20102,
            "year": 2010,
            "quarter": 2,
            "eps": 0.68,
            "eps_growth_year": -22.26,
            "eps_4q": 2.15,
            "eps_4q_growth_year": -20.26,
            "roe": 5.36,
            "roe_4q": 18.05,
            "gross_profit": 136828,
            "gross_margin": 34.44,
            "gross_margin_4q_avg": 36.13,
            "net_income": 91892,
            "revenue": 397254,
            "common_shares": 1132160,
            "book_valuer_per_share": 15.43,
            "book_valuer_per_share_4q_avg": 14.5,
            "equity": 1746470,
            "current_ratio": 422.15,
            "debt_ratio": 18.4,
            "inventory_turnover_ratio": 0.33,
            "account_receivable_turnover_ratio": 1.26,
            "reinvestment_rate": -10.88,
            "research_to_sale_ratio": null,
            "price_fair": 89.3,
            "eps_avg_yearly": 2.55,
            "eps_latest_yearly": 2.72,
            "eps_growth_yearly": 61.42
        },
        "20103": {
            "year_quarter": 20103,
            "year": 2010,
            "quarter": 3,
            "eps": 0.53,
            "eps_growth_year": 16.3,
            "eps_4q": 2.3,
            "eps_4q_growth_year": 2.95,
            "roe": 4.08,
            "roe_4q": 18.64,
            "gross_profit": 121698,
            "gross_margin": 43.23,
            "gross_margin_4q_avg": 36.15,
            "net_income": 72679,
            "revenue": 281485,
            "common_shares": 1132160,
            "book_valuer_per_share": 16.07,
            "book_valuer_per_share_4q_avg": 15.13,
            "equity": 1819149,
            "current_ratio": 470.69,
            "debt_ratio": 17.1,
            "inventory_turnover_ratio": 0.26,
            "account_receivable_turnover_ratio": 0.99,
            "reinvestment_rate": -10.68,
            "research_to_sale_ratio": null,
            "price_fair": 80.6,
            "eps_avg_yearly": 2.3,
            "eps_latest_yearly": 2.12,
            "eps_growth_yearly": 45.96
        },
        "20104": {
            "year_quarter": 20104,
            "year": 2010,
            "quarter": 4,
            "eps": 0.57,
            "eps_growth_year": -15.42,
            "eps_4q": 2.31,
            "eps_4q_growth_year": 2.25,
            "roe": 4.14,
            "roe_4q": 17.939999999999998,
            "gross_profit": 111250,
            "gross_margin": 44.67,
            "gross_margin_4q_avg": 38.13,
            "net_income": 76991,
            "revenue": 249034,
            "common_shares": 1358592,
            "book_valuer_per_share": 13.96,
            "book_valuer_per_share_4q_avg": 15.07,
            "equity": 1896140,
            "current_ratio": 324.18,
            "debt_ratio": 24.75,
            "inventory_turnover_ratio": 0.23,
            "account_receivable_turnover_ratio": 1.13,
            "reinvestment_rate": -11.79,
            "research_to_sale_ratio": null,
            "price_fair": 80.55,
            "eps_avg_yearly": 2.3,
            "eps_latest_yearly": 2.28,
            "eps_growth_yearly": 44.9
        },
        "20111": {
            "year_quarter": 20111,
            "year": 2011,
            "quarter": 1,
            "eps": 0.25,
            "eps_growth_year": -60.32,
            "eps_4q": 2.03,
            "eps_4q_growth_year": -19.43,
            "roe": 1.76,
            "roe_4q": 15.34,
            "gross_profit": 110044,
            "gross_margin": 53.45,
            "gross_margin_4q_avg": 43.95,
            "net_income": 33852,
            "revenue": 205896,
            "common_shares": 1358592,
            "book_valuer_per_share": 14.37,
            "book_valuer_per_share_4q_avg": 14.96,
            "equity": 1952132,
            "current_ratio": 251.74,
            "debt_ratio": 49.45,
            "inventory_turnover_ratio": 0.16,
            "account_receivable_turnover_ratio": 0.81,
            "reinvestment_rate": -10.79,
            "research_to_sale_ratio": null,
            "price_fair": 77.7,
            "eps_avg_yearly": 2.22,
            "eps_latest_yearly": 1,
            "eps_growth_yearly": 28.06
        },
        "20112": {
            "year_quarter": 20112,
            "year": 2011,
            "quarter": 2,
            "eps": 0.84,
            "eps_growth_year": 24.14,
            "eps_4q": 2.19,
            "eps_4q_growth_year": 1.9,
            "roe": 5.98,
            "roe_4q": 15.959999999999999,
            "gross_profit": 190620,
            "gross_margin": 60.52,
            "gross_margin_4q_avg": 50.47,
            "net_income": 114074,
            "revenue": 314992,
            "common_shares": 1358592,
            "book_valuer_per_share": 13.71,
            "book_valuer_per_share_4q_avg": 14.53,
            "equity": 1862417,
            "current_ratio": 212.99,
            "debt_ratio": 54.93,
            "inventory_turnover_ratio": 0.19,
            "account_receivable_turnover_ratio": 0.89,
            "reinvestment_rate": -8.75,
            "research_to_sale_ratio": null,
            "price_fair": 82.34,
            "eps_avg_yearly": 2.35,
            "eps_latest_yearly": 3.36,
            "eps_growth_yearly": 94.45
        },
        "20113": {
            "year_quarter": 20113,
            "year": 2011,
            "quarter": 3,
            "eps": 2.43,
            "eps_growth_year": 354.48,
            "eps_4q": 4.09,
            "eps_4q_growth_year": 77.85,
            "roe": 16.29,
            "roe_4q": 28.17,
            "gross_profit": 467110,
            "gross_margin": 51.88,
            "gross_margin_4q_avg": 52.63,
            "net_income": 330308,
            "revenue": 900283,
            "common_shares": 1358592,
            "book_valuer_per_share": 16.14,
            "book_valuer_per_share_4q_avg": 14.55,
            "equity": 2192726,
            "current_ratio": 174.91,
            "debt_ratio": 61.82,
            "inventory_turnover_ratio": 0.28,
            "account_receivable_turnover_ratio": 2.19,
            "reinvestment_rate": -6.83,
            "research_to_sale_ratio": null,
            "price_fair": 97.48,
            "eps_avg_yearly": 2.79,
            "eps_latest_yearly": 9.72,
            "eps_growth_yearly": 110.32
        },
        "20114": {
            "year_quarter": 20114,
            "year": 2011,
            "quarter": 4,
            "eps": 2.09,
            "eps_growth_year": 268.07,
            "eps_4q": 5.59,
            "eps_4q_growth_year": 142.47,
            "roe": 11.82,
            "roe_4q": 35.85,
            "gross_profit": 433794,
            "gross_margin": 50.11,
            "gross_margin_4q_avg": 53.99,
            "net_income": 284684,
            "revenue": 865653,
            "common_shares": 1364844,
            "book_valuer_per_share": 19.24,
            "book_valuer_per_share_4q_avg": 15.87,
            "equity": 2625777,
            "current_ratio": 176.13,
            "debt_ratio": 68.03,
            "inventory_turnover_ratio": 0.12,
            "account_receivable_turnover_ratio": 2.41,
            "reinvestment_rate": -5.45,
            "research_to_sale_ratio": null,
            "price_fair": 112,
            "eps_avg_yearly": 3.2,
            "eps_latest_yearly": 8.36,
            "eps_growth_yearly": 116.46
        },
        "20121": {
            "year_quarter": 20121,
            "year": 2012,
            "quarter": 1,
            "eps": 1.57,
            "eps_growth_year": 528,
            "eps_4q": 6.64,
            "eps_4q_growth_year": 227.34,
            "roe": 7.64,
            "roe_4q": 41.730000000000004,
            "gross_profit": 307691,
            "gross_margin": 52.39,
            "gross_margin_4q_avg": 53.73,
            "net_income": 214759,
            "revenue": 587334,
            "common_shares": 1422325,
            "book_valuer_per_share": 21.04,
            "book_valuer_per_share_4q_avg": 17.53,
            "equity": 2992837,
            "current_ratio": 178.38,
            "debt_ratio": 64.61,
            "inventory_turnover_ratio": 0.05,
            "account_receivable_turnover_ratio": 2.02,
            "reinvestment_rate": -4.83,
            "research_to_sale_ratio": null,
            "price_fair": 121.54,
            "eps_avg_yearly": 3.47,
            "eps_latest_yearly": 6.28,
            "eps_growth_yearly": 107.34
        },
        "20122": {
            "year_quarter": 20122,
            "year": 2012,
            "quarter": 2,
            "eps": 1.88,
            "eps_growth_year": 124,
            "eps_4q": 7.65,
            "eps_4q_growth_year": 249.42,
            "roe": 9.63,
            "roe_4q": 45.379999999999995,
            "gross_profit": 373943,
            "gross_margin": 51.16,
            "gross_margin_4q_avg": 51.39,
            "net_income": 270313,
            "revenue": 730879,
            "common_shares": 1437237,
            "book_valuer_per_share": 18.23,
            "book_valuer_per_share_4q_avg": 18.66,
            "equity": 2620330,
            "current_ratio": 144.56,
            "debt_ratio": 73.91,
            "inventory_turnover_ratio": 0.05,
            "account_receivable_turnover_ratio": 2.18,
            "reinvestment_rate": -4.31,
            "research_to_sale_ratio": null,
            "price_fair": 133.88,
            "eps_avg_yearly": 3.83,
            "eps_latest_yearly": 7.52,
            "eps_growth_yearly": 112.79
        },
        "20123": {
            "year_quarter": 20123,
            "year": 2012,
            "quarter": 3,
            "eps": 0.99,
            "eps_growth_year": -59.33,
            "eps_4q": 6.31,
            "eps_4q_growth_year": 54.45,
            "roe": 5.29,
            "roe_4q": 34.38,
            "gross_profit": 247234,
            "gross_margin": 46.74,
            "gross_margin_4q_avg": 50.1,
            "net_income": 142983,
            "revenue": 528917,
            "common_shares": 1446006,
            "book_valuer_per_share": 19.27,
            "book_valuer_per_share_4q_avg": 19.45,
            "equity": 2786765,
            "current_ratio": 138.07,
            "debt_ratio": 75.49,
            "inventory_turnover_ratio": 0.04,
            "account_receivable_turnover_ratio": 1.39,
            "reinvestment_rate": -4.72,
            "research_to_sale_ratio": null,
            "price_fair": 137.11,
            "eps_avg_yearly": 3.92,
            "eps_latest_yearly": 3.96,
            "eps_growth_yearly": 92.98
        },
        "20124": {
            "year_quarter": 20124,
            "year": 2012,
            "quarter": 4,
            "eps": 0.03,
            "eps_growth_year": -98.6,
            "eps_4q": 4.37,
            "eps_4q_growth_year": -21.79,
            "roe": 0.15,
            "roe_4q": 22.71,
            "gross_profit": 53287,
            "gross_margin": 53.35,
            "gross_margin_4q_avg": 50.91,
            "net_income": 4235,
            "revenue": 99884,
            "common_shares": 1446343,
            "book_valuer_per_share": 19.3,
            "book_valuer_per_share_4q_avg": 19.46,
            "equity": 2791842,
            "current_ratio": 138.39,
            "debt_ratio": 70.77,
            "inventory_turnover_ratio": 0.01,
            "account_receivable_turnover_ratio": 0.28,
            "reinvestment_rate": -5.14,
            "research_to_sale_ratio": null,
            "price_fair": 130.55,
            "eps_avg_yearly": 3.73,
            "eps_latest_yearly": 0.12,
            "eps_growth_yearly": 62.29
        },
        "20131": {
            "year_quarter": 20131,
            "year": 2013,
            "quarter": 1,
            "eps": 0.08,
            "eps_growth_year": -94.9,
            "eps_4q": 2.97,
            "eps_4q_growth_year": -55.28,
            "roe": 0.43,
            "roe_4q": 15.5,
            "gross_profit": 58153,
            "gross_margin": 62.86,
            "gross_margin_4q_avg": 53.53,
            "net_income": 11910,
            "revenue": 92518,
            "common_shares": 1446991,
            "book_valuer_per_share": 18.64,
            "book_valuer_per_share_4q_avg": 18.86,
            "equity": 2696945,
            "current_ratio": 128.82,
            "debt_ratio": 73.9,
            "inventory_turnover_ratio": 0.01,
            "account_receivable_turnover_ratio": 0.26,
            "reinvestment_rate": -5.45,
            "research_to_sale_ratio": null,
            "price_fair": 127.49,
            "eps_avg_yearly": 3.64,
            "eps_latest_yearly": 0.32,
            "eps_growth_yearly": 115.17
        },
        "20132": {
            "year_quarter": 20132,
            "year": 2013,
            "quarter": 2,
            "eps": -0.13,
            "eps_growth_year": -106.91,
            "eps_4q": 0.97,
            "eps_4q_growth_year": -87.3,
            "roe": -0.75,
            "roe_4q": 5.12,
            "gross_profit": 47008,
            "gross_margin": 63.92,
            "gross_margin_4q_avg": 56.72,
            "net_income": -18496,
            "revenue": 73544,
            "common_shares": 1446991,
            "book_valuer_per_share": 15.51,
            "book_valuer_per_share_4q_avg": 18.18,
            "equity": 2244349,
            "current_ratio": 117.78,
            "debt_ratio": 80.86,
            "inventory_turnover_ratio": 0,
            "account_receivable_turnover_ratio": 0.22,
            "reinvestment_rate": -5.13,
            "research_to_sale_ratio": null,
            "price_fair": 127.87,
            "eps_avg_yearly": 3.65,
            "eps_latest_yearly": 0.32,
            "eps_growth_yearly": 95.56
        },
        "20133": {
            "year_quarter": 20133,
            "year": 2013,
            "quarter": 3,
            "eps": -0.02,
            "eps_growth_year": -102.02,
            "eps_4q": -0.04,
            "eps_4q_growth_year": -100.57,
            "roe": -0.15,
            "roe_4q": -0.32000000000000006,
            "gross_profit": 56743,
            "gross_margin": 66.36,
            "gross_margin_4q_avg": 61.62,
            "net_income": -4019,
            "revenue": 85502,
            "common_shares": 1765970,
            "book_valuer_per_share": 17.51,
            "book_valuer_per_share_4q_avg": 17.74,
            "equity": 3092812,
            "current_ratio": 147.01,
            "debt_ratio": 75.94,
            "inventory_turnover_ratio": 0,
            "account_receivable_turnover_ratio": 0.33,
            "reinvestment_rate": -5.11,
            "research_to_sale_ratio": null,
            "price_fair": 132.4,
            "eps_avg_yearly": 3.78,
            "eps_latest_yearly": 0.32,
            "eps_growth_yearly": 115.85
        },
        "20134": {
            "year_quarter": 20134,
            "year": 2013,
            "quarter": 4,
            "eps": 0.38,
            "eps_growth_year": 1195.01,
            "eps_4q": 0.32,
            "eps_4q_growth_year": -92.7,
            "roe": 2.14,
            "roe_4q": 1.6700000000000002,
            "gross_profit": 189118,
            "gross_margin": 32.43,
            "gross_margin_4q_avg": 56.39,
            "net_income": 66964,
            "revenue": 583147,
            "common_shares": 1765970,
            "book_valuer_per_share": 17.89,
            "book_valuer_per_share_4q_avg": 17.39,
            "equity": 3159776,
            "current_ratio": 143.4,
            "debt_ratio": 77.12,
            "inventory_turnover_ratio": 0.04,
            "account_receivable_turnover_ratio": 2.23,
            "reinvestment_rate": -4.93,
            "research_to_sale_ratio": null,
            "price_fair": 135.37,
            "eps_avg_yearly": 3.87,
            "eps_latest_yearly": 0.32,
            "eps_growth_yearly": 110.72
        },
        "20141": {
            "year_quarter": 20141,
            "year": 2014,
            "quarter": 1,
            "eps": 0.07,
            "eps_growth_year": -12.5,
            "eps_4q": 0.32,
            "eps_4q_growth_year": -89.2,
            "roe": 0.39,
            "roe_4q": 1.6300000000000003,
            "gross_profit": 86104,
            "gross_margin": 33.06,
            "gross_margin_4q_avg": 48.94,
            "net_income": 12266,
            "revenue": 260484,
            "common_shares": 1770089,
            "book_valuer_per_share": 17.98,
            "book_valuer_per_share_4q_avg": 17.22,
            "equity": 3181940,
            "current_ratio": 140.68,
            "debt_ratio": 78.12,
            "inventory_turnover_ratio": 0.02,
            "account_receivable_turnover_ratio": 0.99,
            "reinvestment_rate": -4.68,
            "research_to_sale_ratio": null,
            "price_fair": 129.34,
            "eps_avg_yearly": 3.7,
            "eps_latest_yearly": 0.28,
            "eps_growth_yearly": 87.45
        },
        "20142": {
            "year_quarter": 20142,
            "year": 2014,
            "quarter": 2,
            "eps": 0.09,
            "eps_growth_year": null,
            "eps_4q": 0.51,
            "eps_4q_growth_year": -47.55,
            "roe": 0.48,
            "roe_4q": 2.8600000000000003,
            "gross_profit": 99972,
            "gross_margin": 24.48,
            "gross_margin_4q_avg": 39.08,
            "net_income": 15210,
            "revenue": 408433,
            "common_shares": 1773809,
            "book_valuer_per_share": 17.76,
            "book_valuer_per_share_4q_avg": 17.79,
            "equity": 3150197,
            "current_ratio": 151.94,
            "debt_ratio": 80.28,
            "inventory_turnover_ratio": 0.03,
            "account_receivable_turnover_ratio": 1.8,
            "reinvestment_rate": -4.96,
            "research_to_sale_ratio": null,
            "price_fair": 122.98,
            "eps_avg_yearly": 3.51,
            "eps_latest_yearly": 0.36,
            "eps_growth_yearly": 93.8
        },
        "20143": {
            "year_quarter": 20143,
            "year": 2014,
            "quarter": 3,
            "eps": 1.44,
            "eps_growth_year": null,
            "eps_4q": 1.9,
            "eps_4q_growth_year": null,
            "roe": 7.63,
            "roe_4q": 10.64,
            "gross_profit": 411281,
            "gross_margin": 19.96,
            "gross_margin_4q_avg": 27.48,
            "net_income": 257445,
            "revenue": 2060020,
            "common_shares": 1850089,
            "book_valuer_per_share": 19.43,
            "book_valuer_per_share_4q_avg": 18.27,
            "equity": 3594671,
            "current_ratio": 172.71,
            "debt_ratio": 76.41,
            "inventory_turnover_ratio": 0.16,
            "account_receivable_turnover_ratio": 12.36,
            "reinvestment_rate": -3.86,
            "research_to_sale_ratio": null,
            "price_fair": 132.78,
            "eps_avg_yearly": 3.79,
            "eps_latest_yearly": 5.76,
            "eps_growth_yearly": 562.13
        },
        "20144": {
            "year_quarter": 20144,
            "year": 2014,
            "quarter": 4,
            "eps": 2.07,
            "eps_growth_year": 446.84,
            "eps_4q": 3.61,
            "eps_4q_growth_year": 1032.3,
            "roe": 10.13,
            "roe_4q": 18.630000000000003,
            "gross_profit": 473485,
            "gross_margin": 25.35,
            "gross_margin_4q_avg": 25.71,
            "net_income": 383627,
            "revenue": 1867739,
            "common_shares": 1850089,
            "book_valuer_per_share": 21.5,
            "book_valuer_per_share_4q_avg": 19.17,
            "equity": 3978298,
            "current_ratio": 183.34,
            "debt_ratio": 73.53,
            "inventory_turnover_ratio": 0.14,
            "account_receivable_turnover_ratio": 5.26,
            "reinvestment_rate": -1.78,
            "research_to_sale_ratio": null,
            "price_fair": 148.94,
            "eps_avg_yearly": 4.26,
            "eps_latest_yearly": 8.28,
            "eps_growth_yearly": 573.27
        },
        "20151": {
            "year_quarter": 20151,
            "year": 2015,
            "quarter": 1,
            "eps": 0.64,
            "eps_growth_year": 814.29,
            "eps_4q": 3.62,
            "eps_4q_growth_year": 1030.98,
            "roe": 2.77,
            "roe_4q": 21.01,
            "gross_profit": 187394,
            "gross_margin": 25.66,
            "gross_margin_4q_avg": 23.86,
            "net_income": 122855,
            "revenue": 730299,
            "common_shares": 2150089,
            "book_valuer_per_share": 22.71,
            "book_valuer_per_share_4q_avg": 20.35,
            "equity": 4883012,
            "current_ratio": 215.61,
            "debt_ratio": 66.59,
            "inventory_turnover_ratio": 0.05,
            "account_receivable_turnover_ratio": 1.79,
            "reinvestment_rate": -1.48,
            "research_to_sale_ratio": null,
            "price_fair": 153.14,
            "eps_avg_yearly": 4.38,
            "eps_latest_yearly": 2.56,
            "eps_growth_yearly": 569.28
        },
        "20152": {
            "year_quarter": 20152,
            "year": 2015,
            "quarter": 2,
            "eps": -0.16,
            "eps_growth_year": -277.78,
            "eps_4q": 3.39,
            "eps_4q_growth_year": 564.92,
            "roe": -0.79,
            "roe_4q": 19.740000000000002,
            "gross_profit": 66493,
            "gross_margin": 44.22,
            "gross_margin_4q_avg": 28.8,
            "net_income": -35103,
            "revenue": 150384,
            "common_shares": 2150089,
            "book_valuer_per_share": 18.54,
            "book_valuer_per_share_4q_avg": 20.55,
            "equity": 3985801,
            "current_ratio": 179.55,
            "debt_ratio": 74.16,
            "inventory_turnover_ratio": 0.01,
            "account_receivable_turnover_ratio": 0.67,
            "reinvestment_rate": -1.22,
            "research_to_sale_ratio": null,
            "price_fair": 156.1,
            "eps_avg_yearly": 4.46,
            "eps_latest_yearly": 2.56,
            "eps_growth_yearly": 538.06
        },
        "20153": {
            "year_quarter": 20153,
            "year": 2015,
            "quarter": 3,
            "eps": 2.85,
            "eps_growth_year": 97.92,
            "eps_4q": 5.02,
            "eps_4q_growth_year": 163.85,
            "roe": 14.23,
            "roe_4q": 26.340000000000003,
            "gross_profit": 884782,
            "gross_margin": 29.4,
            "gross_margin_4q_avg": 31.16,
            "net_income": 611838,
            "revenue": 3009909,
            "common_shares": 2158502,
            "book_valuer_per_share": 21.37,
            "book_valuer_per_share_4q_avg": 21.03,
            "equity": 4613657,
            "current_ratio": 162.39,
            "debt_ratio": 70.23,
            "inventory_turnover_ratio": 0.18,
            "account_receivable_turnover_ratio": 10.46,
            "reinvestment_rate": -0.04,
            "research_to_sale_ratio": null,
            "price_fair": 139.36,
            "eps_avg_yearly": 3.98,
            "eps_latest_yearly": 2.56,
            "eps_growth_yearly": 518.14
        },
        "20154": {
            "year_quarter": 20154,
            "year": 2015,
            "quarter": 4,
            "eps": 0.9,
            "eps_growth_year": -56.41,
            "eps_4q": 3.91,
            "eps_4q_growth_year": 8.09,
            "roe": 4.31,
            "roe_4q": 20.52,
            "gross_profit": 309557,
            "gross_margin": 29.18,
            "gross_margin_4q_avg": 32.12,
            "net_income": 210629,
            "revenue": 1060724,
            "common_shares": 2330323,
            "book_valuer_per_share": 22.15,
            "book_valuer_per_share_4q_avg": 21.19,
            "equity": 5160794,
            "current_ratio": 158.18,
            "debt_ratio": 69,
            "inventory_turnover_ratio": 0.07,
            "account_receivable_turnover_ratio": 3.93,
            "reinvestment_rate": 60.78,
            "research_to_sale_ratio": null,
            "price_fair": 124.22,
            "eps_avg_yearly": 3.55,
            "eps_latest_yearly": 3.6,
            "eps_growth_yearly": 498.35
        },
        "20161": {
            "year_quarter": 20161,
            "year": 2016,
            "quarter": 1,
            "eps": -0.18,
            "eps_growth_year": -128.12,
            "eps_4q": 3.2,
            "eps_4q_growth_year": -11.83,
            "roe": -0.81,
            "roe_4q": 16.94,
            "gross_profit": 129,
            "gross_margin": 0.33,
            "gross_margin_4q_avg": 25.78,
            "net_income": -42197,
            "revenue": 39010,
            "common_shares": 2332185,
            "book_valuer_per_share": 22.43,
            "book_valuer_per_share_4q_avg": 21.12,
            "equity": 5231192,
            "current_ratio": 161.63,
            "debt_ratio": 70.82,
            "inventory_turnover_ratio": 0,
            "account_receivable_turnover_ratio": 0.27,
            "reinvestment_rate": 68.66,
            "research_to_sale_ratio": null,
            "price_fair": 114.66,
            "eps_avg_yearly": 3.28,
            "eps_latest_yearly": 3.6,
            "eps_growth_yearly": 558.14
        },
        "20162": {
            "year_quarter": 20162,
            "year": 2016,
            "quarter": 2,
            "eps": 0.96,
            "eps_growth_year": null,
            "eps_4q": 4.28,
            "eps_4q_growth_year": 26.35,
            "roe": 4.67,
            "roe_4q": 22.4,
            "gross_profit": 314157,
            "gross_margin": 38.69,
            "gross_margin_4q_avg": 24.4,
            "net_income": 224230,
            "revenue": 811918,
            "common_shares": 2345580,
            "book_valuer_per_share": 18.68,
            "book_valuer_per_share_4q_avg": 21.16,
            "equity": 4381737,
            "current_ratio": 144.59,
            "debt_ratio": 76.72,
            "inventory_turnover_ratio": 0.04,
            "account_receivable_turnover_ratio": 10.45,
            "reinvestment_rate": 70.27,
            "research_to_sale_ratio": null,
            "price_fair": 98.16,
            "eps_avg_yearly": 2.8,
            "eps_latest_yearly": 3.6,
            "eps_growth_yearly": 611.38
        },
        "20163": {
            "year_quarter": 20163,
            "year": 2016,
            "quarter": 3,
            "eps": 2.04,
            "eps_growth_year": -28.42,
            "eps_4q": 3.69,
            "eps_4q_growth_year": -26.56,
            "roe": 10.39,
            "roe_4q": 18.56,
            "gross_profit": 669007,
            "gross_margin": 26.75,
            "gross_margin_4q_avg": 23.74,
            "net_income": 480193,
            "revenue": 2501040,
            "common_shares": 2368473,
            "book_valuer_per_share": 20.53,
            "book_valuer_per_share_4q_avg": 20.95,
            "equity": 4863038,
            "current_ratio": 154.52,
            "debt_ratio": 73.19,
            "inventory_turnover_ratio": 0.15,
            "account_receivable_turnover_ratio": 18.37,
            "reinvestment_rate": 59.94,
            "research_to_sale_ratio": null,
            "price_fair": 114.49,
            "eps_avg_yearly": 3.27,
            "eps_latest_yearly": 8.16,
            "eps_growth_yearly": 682.42
        },
        "20164": {
            "year_quarter": 20164,
            "year": 2016,
            "quarter": 4,
            "eps": 1.57,
            "eps_growth_year": 73.89,
            "eps_4q": 4.36,
            "eps_4q_growth_year": 11.58,
            "roe": 7.41,
            "roe_4q": 21.66,
            "gross_profit": 599240,
            "gross_margin": 25.2,
            "gross_margin_4q_avg": 22.74,
            "net_income": 373552,
            "revenue": 2377686,
            "common_shares": 2376663,
            "book_valuer_per_share": 21.96,
            "book_valuer_per_share_4q_avg": 20.9,
            "equity": 5218013,
            "current_ratio": 181.84,
            "debt_ratio": 72.07,
            "inventory_turnover_ratio": 0.15,
            "account_receivable_turnover_ratio": 10.13,
            "reinvestment_rate": 52.41,
            "research_to_sale_ratio": null,
            "price_fair": 138.44,
            "eps_avg_yearly": 3.96,
            "eps_latest_yearly": 6.28,
            "eps_growth_yearly": 715.27
        },
        "20171": {
            "year_quarter": 20171,
            "year": 2017,
            "quarter": 1,
            "eps": 0.02,
            "eps_growth_year": null,
            "eps_4q": 4.45,
            "eps_4q_growth_year": 39.2,
            "roe": 0.08,
            "roe_4q": 22.550000000000004,
            "gross_profit": 91917,
            "gross_margin": 19.32,
            "gross_margin_4q_avg": 27.49,
            "net_income": 4421,
            "revenue": 475772,
            "common_shares": 2433559,
            "book_valuer_per_share": 22.38,
            "book_valuer_per_share_4q_avg": 20.89,
            "equity": 5445788,
            "current_ratio": 185.95,
            "debt_ratio": 70.96,
            "inventory_turnover_ratio": 0.03,
            "account_receivable_turnover_ratio": 1.96,
            "reinvestment_rate": 52.66,
            "research_to_sale_ratio": null,
            "price_fair": 137.51,
            "eps_avg_yearly": 3.93,
            "eps_latest_yearly": 0.08,
            "eps_growth_yearly": 597.32
        },
        "20172": {
            "year_quarter": 20172,
            "year": 2017,
            "quarter": 2,
            "eps": 0.15,
            "eps_growth_year": -84.38,
            "eps_4q": 3.68,
            "eps_4q_growth_year": -14.1,
            "roe": 0.77,
            "roe_4q": 18.65,
            "gross_profit": 133894,
            "gross_margin": 17.81,
            "gross_margin_4q_avg": 22.27,
            "net_income": 37025,
            "revenue": 751939,
            "common_shares": 2433559,
            "book_valuer_per_share": 17.31,
            "book_valuer_per_share_4q_avg": 20.55,
            "equity": 4213158,
            "current_ratio": 154.64,
            "debt_ratio": 79.14,
            "inventory_turnover_ratio": 0.04,
            "account_receivable_turnover_ratio": 3.16,
            "reinvestment_rate": 51.39,
            "research_to_sale_ratio": null,
            "price_fair": 125.86,
            "eps_avg_yearly": 3.6,
            "eps_latest_yearly": 0.6,
            "eps_growth_yearly": 797.59
        },
        "20173": {
            "year_quarter": 20173,
            "year": 2017,
            "quarter": 3,
            "eps": 0.59,
            "eps_growth_year": -71.08,
            "eps_4q": 2.29,
            "eps_4q_growth_year": -37.87,
            "roe": 3.37,
            "roe_4q": 11.63,
            "gross_profit": 180693,
            "gross_margin": 20.38,
            "gross_margin_4q_avg": 20.68,
            "net_income": 142364,
            "revenue": 886552,
            "common_shares": 2434044,
            "book_valuer_per_share": 17.44,
            "book_valuer_per_share_4q_avg": 19.77,
            "equity": 4245372,
            "current_ratio": 163.99,
            "debt_ratio": 81.98,
            "inventory_turnover_ratio": 0.05,
            "account_receivable_turnover_ratio": 3.3,
            "reinvestment_rate": 48.58,
            "research_to_sale_ratio": null,
            "price_fair": 121.93,
            "eps_avg_yearly": 3.48,
            "eps_latest_yearly": 2.36,
            "eps_growth_yearly": 831.75
        },
        "20174": {
            "year_quarter": 20174,
            "year": 2017,
            "quarter": 4,
            "eps": 1.61,
            "eps_growth_year": 2.48,
            "eps_4q": 2.37,
            "eps_4q_growth_year": -45.71,
            "roe": 8.81,
            "roe_4q": 13.03,
            "gross_profit": 587353,
            "gross_margin": 25.94,
            "gross_margin_4q_avg": 20.86,
            "net_income": 392041,
            "revenue": 2263845,
            "common_shares": 2434044,
            "book_valuer_per_share": 19.11,
            "book_valuer_per_share_4q_avg": 19.06,
            "equity": 4651753,
            "current_ratio": 159.29,
            "debt_ratio": 81.84,
            "inventory_turnover_ratio": 0.1,
            "account_receivable_turnover_ratio": 2.58,
            "reinvestment_rate": 43.52,
            "research_to_sale_ratio": null,
            "price_fair": 130.55,
            "eps_avg_yearly": 3.73,
            "eps_latest_yearly": 6.44,
            "eps_growth_yearly": 820.06
        },
        "20181": {
            "year_quarter": 20181,
            "year": 2018,
            "quarter": 1,
            "eps": 3.82,
            "eps_growth_year": 19000,
            "eps_4q": 6.15,
            "eps_4q_growth_year": 38.27,
            "roe": 18.03,
            "roe_4q": 30.980000000000004,
            "gross_profit": 1450181,
            "gross_margin": 28.58,
            "gross_margin_4q_avg": 23.18,
            "net_income": 932082,
            "revenue": 5074458,
            "common_shares": 2444724,
            "book_valuer_per_share": 23.27,
            "book_valuer_per_share_4q_avg": 19.28,
            "equity": 5689499,
            "current_ratio": 182.23,
            "debt_ratio": 75.72,
            "inventory_turnover_ratio": 0.22,
            "account_receivable_turnover_ratio": 4.09,
            "reinvestment_rate": 33.64,
            "research_to_sale_ratio": null,
            "price_fair": 174.3,
            "eps_avg_yearly": 4.98,
            "eps_latest_yearly": 15.28,
            "eps_growth_yearly": 893.01
        },
        "20182": {
            "year_quarter": 20182,
            "year": 2018,
            "quarter": 2,
            "eps": 2.5,
            "eps_growth_year": 1566.67,
            "eps_4q": 8.5,
            "eps_4q_growth_year": 130.96,
            "roe": 10.98,
            "roe_4q": 41.19,
            "gross_profit": 964230,
            "gross_margin": 27.93,
            "gross_margin_4q_avg": 25.71,
            "net_income": 610813,
            "revenue": 3452470,
            "common_shares": 2445015,
            "book_valuer_per_share": 22.24,
            "book_valuer_per_share_4q_avg": 20.52,
            "equity": 5437104,
            "current_ratio": 169.6,
            "debt_ratio": 74.97,
            "inventory_turnover_ratio": 0.17,
            "account_receivable_turnover_ratio": 5.86,
            "reinvestment_rate": 29.23,
            "research_to_sale_ratio": null,
            "price_fair": 202.42,
            "eps_avg_yearly": 5.78,
            "eps_latest_yearly": 10,
            "eps_growth_yearly": 871.97
        },
        "20183": {
            "year_quarter": 20183,
            "year": 2018,
            "quarter": 3,
            "eps": 1.62,
            "eps_growth_year": 174.58,
            "eps_4q": 7.75,
            "eps_4q_growth_year": 238.53,
            "roe": 7.56,
            "roe_4q": 45.38,
            "gross_profit": 730869,
            "gross_margin": 22.91,
            "gross_margin_4q_avg": 26.34,
            "net_income": 476443,
            "revenue": 3190059,
            "common_shares": 3083305,
            "book_valuer_per_share": 23.22,
            "book_valuer_per_share_4q_avg": 21.96,
            "equity": 7160016,
            "current_ratio": 191.42,
            "debt_ratio": 66.46,
            "inventory_turnover_ratio": 0.19,
            "account_receivable_turnover_ratio": 6.52,
            "reinvestment_rate": 27.82,
            "research_to_sale_ratio": null,
            "price_fair": 204.52,
            "eps_avg_yearly": 5.84,
            "eps_latest_yearly": 6.48,
            "eps_growth_yearly": 360.24
        },
        "20184": {
            "year_quarter": 20184,
            "year": 2018,
            "quarter": 4,
            "eps": 0.61,
            "eps_growth_year": -62.07,
            "eps_4q": 7.09,
            "eps_4q_growth_year": 199.74,
            "roe": 2.6,
            "roe_4q": 39.17,
            "gross_profit": 379203,
            "gross_margin": 20.1,
            "gross_margin_4q_avg": 24.88,
            "net_income": 188365,
            "revenue": 1886920,
            "common_shares": 3083305,
            "book_valuer_per_share": 23.71,
            "book_valuer_per_share_4q_avg": 23.11,
            "equity": 7310276,
            "current_ratio": 192.04,
            "debt_ratio": 67.37,
            "inventory_turnover_ratio": 0.12,
            "account_receivable_turnover_ratio": 3.02,
            "reinvestment_rate": 28.69,
            "research_to_sale_ratio": null,
            "price_fair": 187.48,
            "eps_avg_yearly": 5.36,
            "eps_latest_yearly": 2.44,
            "eps_growth_yearly": 324.87
        },
        "20191": {
            "year_quarter": 20191,
            "year": 2019,
            "quarter": 1,
            "eps": 0.09,
            "eps_growth_year": -97.64,
            "eps_4q": 4.16,
            "eps_4q_growth_year": -32.44,
            "roe": 0.36,
            "roe_4q": 21.5,
            "gross_profit": 164930,
            "gross_margin": 19.51,
            "gross_margin_4q_avg": 22.61,
            "net_income": 26807,
            "revenue": 845218,
            "common_shares": 3083305,
            "book_valuer_per_share": 24.02,
            "book_valuer_per_share_4q_avg": 23.3,
            "equity": 7406235,
            "current_ratio": 183.07,
            "debt_ratio": 68.77,
            "inventory_turnover_ratio": 0.05,
            "account_receivable_turnover_ratio": 1.84,
            "reinvestment_rate": 29.17,
            "research_to_sale_ratio": null,
            "price_fair": 181.07,
            "eps_avg_yearly": 5.17,
            "eps_latest_yearly": 0.36,
            "eps_growth_yearly": 319.48
        },
        "20192": {
            "year_quarter": 20192,
            "year": 2019,
            "quarter": 2,
            "eps": -0.34,
            "eps_growth_year": -113.6,
            "eps_4q": 1.84,
            "eps_4q_growth_year": -78.39,
            "roe": -1.71,
            "roe_4q": 8.809999999999999,
            "gross_profit": 133164,
            "gross_margin": 14.32,
            "gross_margin_4q_avg": 19.21,
            "net_income": -104365,
            "revenue": 930235,
            "common_shares": 3083305,
            "book_valuer_per_share": 15.63,
            "book_valuer_per_share_4q_avg": 21.65,
            "equity": 4819093,
            "current_ratio": 177.17,
            "debt_ratio": 82.23,
            "inventory_turnover_ratio": 0.05,
            "account_receivable_turnover_ratio": 1.12,
            "reinvestment_rate": 29.44,
            "research_to_sale_ratio": null,
            "price_fair": 181.07,
            "eps_avg_yearly": 5.17,
            "eps_latest_yearly": 0.36,
            "eps_growth_yearly": 319.48
        },
        "20193": {
            "year_quarter": 20193,
            "year": 2019,
            "quarter": 3,
            "eps": -0.3,
            "eps_growth_year": -118.52,
            "eps_4q": 0.06,
            "eps_4q_growth_year": -99.24,
            "roe": -1.94,
            "roe_4q": -0.69,
            "gross_profit": 71259,
            "gross_margin": 8.71,
            "gross_margin_4q_avg": 15.66,
            "net_income": -92683,
            "revenue": 818548,
            "common_shares": 3083305,
            "book_valuer_per_share": 15.35,
            "book_valuer_per_share_4q_avg": 19.68,
            "equity": 4731788,
            "current_ratio": 170.46,
            "debt_ratio": 82.77,
            "inventory_turnover_ratio": 0.04,
            "account_receivable_turnover_ratio": 0.94,
            "reinvestment_rate": 25.09,
            "research_to_sale_ratio": null,
            "price_fair": 181.07,
            "eps_avg_yearly": 5.17,
            "eps_latest_yearly": 0.36,
            "eps_growth_yearly": 319.48
        },
        "20194": {
            "year_quarter": 20194,
            "year": 2019,
            "quarter": 4,
            "eps": 2.68,
            "eps_growth_year": 338.6,
            "eps_4q": 2.13,
            "eps_4q_growth_year": -70,
            "roe": 16.13,
            "roe_4q": 12.84,
            "gross_profit": 147775,
            "gross_margin": 9.21,
            "gross_margin_4q_avg": 12.94,
            "net_income": 826161,
            "revenue": 1604655,
            "common_shares": 3083305,
            "book_valuer_per_share": 17.89,
            "book_valuer_per_share_4q_avg": 18.22,
            "equity": 5514928,
            "current_ratio": 189.7,
            "debt_ratio": 81.06,
            "inventory_turnover_ratio": 0.08,
            "account_receivable_turnover_ratio": 2.31,
            "reinvestment_rate": -9.15,
            "research_to_sale_ratio": null,
            "price_fair": 186.07,
            "eps_avg_yearly": 5.32,
            "eps_latest_yearly": 0.36,
            "eps_growth_yearly": 373.41
        },
        "20201": {
            "year_quarter": 20201,
            "year": 2020,
            "quarter": 1,
            "eps": -0.39,
            "eps_growth_year": -533.33,
            "eps_4q": 1.65,
            "eps_4q_growth_year": -60.32,
            "roe": -2.23,
            "roe_4q": 10.25,
            "gross_profit": 57428,
            "gross_margin": 10.08,
            "gross_margin_4q_avg": 10.58,
            "net_income": -120676,
            "revenue": 569741,
            "common_shares": 3083305,
            "book_valuer_per_share": 17.27,
            "book_valuer_per_share_4q_avg": 16.54,
            "equity": 5325015,
            "current_ratio": 169.23,
            "debt_ratio": 83.61,
            "inventory_turnover_ratio": 0.02,
            "account_receivable_turnover_ratio": 0.71,
            "reinvestment_rate": -9.44,
            "research_to_sale_ratio": null,
            "price_fair": 186.07,
            "eps_avg_yearly": 5.32,
            "eps_latest_yearly": 0.36,
            "eps_growth_yearly": 373.41
        },
        "20202": {
            "year_quarter": 20202,
            "year": 2020,
            "quarter": 2,
            "eps": 0.07,
            "eps_growth_year": null,
            "eps_4q": 1.71,
            "eps_4q_growth_year": -6.63,
            "roe": 0.42,
            "roe_4q": 12.379999999999999,
            "gross_profit": 125097,
            "gross_margin": 8.33,
            "gross_margin_4q_avg": 9.08,
            "net_income": 21381,
            "revenue": 1501362,
            "common_shares": 3083305,
            "book_valuer_per_share": 15.48,
            "book_valuer_per_share_4q_avg": 16.5,
            "equity": 4771863,
            "current_ratio": 159.78,
            "debt_ratio": 85.69,
            "inventory_turnover_ratio": 0.06,
            "account_receivable_turnover_ratio": 2.13,
            "reinvestment_rate": -9.8,
            "research_to_sale_ratio": null,
            "price_fair": 186.07,
            "eps_avg_yearly": 5.32,
            "eps_latest_yearly": 0.36,
            "eps_growth_yearly": 373.41
        },
        "20203": {
            "year_quarter": 20203,
            "year": 2020,
            "quarter": 3,
            "eps": 0.31,
            "eps_growth_year": null,
            "eps_4q": 2.28,
            "eps_4q_growth_year": 3776.36,
            "roe": 2.41,
            "roe_4q": 16.73,
            "gross_profit": 329137,
            "gross_margin": 10.63,
            "gross_margin_4q_avg": 9.56,
            "net_income": 116194,
            "revenue": 3095590,
            "common_shares": 3083305,
            "book_valuer_per_share": 15.83,
            "book_valuer_per_share_4q_avg": 16.62,
            "equity": 4881485,
            "current_ratio": 150.82,
            "debt_ratio": 86.17,
            "inventory_turnover_ratio": 0.11,
            "account_receivable_turnover_ratio": 4.5,
            "reinvestment_rate": -10.58,
            "research_to_sale_ratio": null,
            "price_fair": 164.05,
            "eps_avg_yearly": 4.69,
            "eps_latest_yearly": 1.24,
            "eps_growth_yearly": 457.17
        },
        "20204": {
            "year_quarter": 20204,
            "year": 2020,
            "quarter": 4,
            "eps": 0.27,
            "eps_growth_year": -89.88,
            "eps_4q": 0.32,
            "eps_4q_growth_year": -85.1,
            "roe": 2.02,
            "roe_4q": 2.6199999999999997,
            "gross_profit": 505266,
            "gross_margin": 20.3,
            "gross_margin_4q_avg": 12.34,
            "net_income": 100349,
            "revenue": 2489543,
            "common_shares": 3699966,
            "book_valuer_per_share": 13.71,
            "book_valuer_per_share_4q_avg": 15.57,
            "equity": 5070936,
            "current_ratio": 139.74,
            "debt_ratio": 86.22,
            "inventory_turnover_ratio": 0.08,
            "account_receivable_turnover_ratio": 4.03,
            "reinvestment_rate": -50,
            "research_to_sale_ratio": null,
            "price_fair": 147.51,
            "eps_avg_yearly": 4.21,
            "eps_latest_yearly": 1.08,
            "eps_growth_yearly": 460.86
        },
        "20211": {
            "year_quarter": 20211,
            "year": 2021,
            "quarter": 1,
            "eps": 1.24,
            "eps_growth_year": null,
            "eps_4q": 1.89,
            "eps_4q_growth_year": 14.42,
            "roe": 8.77,
            "roe_4q": 13.62,
            "gross_profit": 828171,
            "gross_margin": 24.9,
            "gross_margin_4q_avg": 16.04,
            "net_income": 460190,
            "revenue": 3325954,
            "common_shares": 3699966,
            "book_valuer_per_share": 14.67,
            "book_valuer_per_share_4q_avg": 14.92,
            "equity": 5427223,
            "current_ratio": 145.82,
            "debt_ratio": 84.25,
            "inventory_turnover_ratio": 0.1,
            "account_receivable_turnover_ratio": 5.66,
            "reinvestment_rate": -44.34,
            "research_to_sale_ratio": null,
            "price_fair": 163.04,
            "eps_avg_yearly": 4.66,
            "eps_latest_yearly": 4.96,
            "eps_growth_yearly": 627.4
        },
        "20212": {
            "year_quarter": 20212,
            "year": 2021,
            "quarter": 2,
            "eps": 0.81,
            "eps_growth_year": 1057.14,
            "eps_4q": 2.64,
            "eps_4q_growth_year": 53.99,
            "roe": 5.38,
            "roe_4q": 18.58,
            "gross_profit": 565226,
            "gross_margin": 26.42,
            "gross_margin_4q_avg": 20.56,
            "net_income": 299841,
            "revenue": 2139083,
            "common_shares": 3699966,
            "book_valuer_per_share": 15.48,
            "book_valuer_per_share_4q_avg": 14.92,
            "equity": 5729035,
            "current_ratio": 146.91,
            "debt_ratio": 83.34,
            "inventory_turnover_ratio": 0.07,
            "account_receivable_turnover_ratio": 2.89,
            "reinvestment_rate": -41.58,
            "research_to_sale_ratio": null,
            "price_fair": 171.44,
            "eps_avg_yearly": 4.9,
            "eps_latest_yearly": 3.24,
            "eps_growth_yearly": 378.43
        },
        "20213": {
            "year_quarter": 20213,
            "year": 2021,
            "quarter": 3,
            "eps": 0.79,
            "eps_growth_year": 154.84,
            "eps_4q": 2.99,
            "eps_4q_growth_year": 31.12,
            "roe": 5.28,
            "roe_4q": 21.45,
            "gross_profit": 516175,
            "gross_margin": 27.17,
            "gross_margin_4q_avg": 24.7,
            "net_income": 311358,
            "revenue": 1900094,
            "common_shares": 3699966,
            "book_valuer_per_share": 16.38,
            "book_valuer_per_share_4q_avg": 15.06,
            "equity": 6059453,
            "current_ratio": 136.82,
            "debt_ratio": 83.42,
            "inventory_turnover_ratio": 0.06,
            "account_receivable_turnover_ratio": 3.1,
            "reinvestment_rate": -39.87,
            "research_to_sale_ratio": null,
            "price_fair": 173.98,
            "eps_avg_yearly": 4.97,
            "eps_latest_yearly": 3.16,
            "eps_growth_yearly": 270.86
        },
        "20214": {
            "year_quarter": 20214,
            "year": 2021,
            "quarter": 4,
            "eps": 1.53,
            "eps_growth_year": 464.48,
            "eps_4q": 4.26,
            "eps_4q_growth_year": 1245.18,
            "roe": 9.43,
            "roe_4q": 28.86,
            "gross_profit": 828901,
            "gross_margin": 26.62,
            "gross_margin_4q_avg": 26.28,
            "net_income": 600441,
            "revenue": 3114136,
            "common_shares": 3921966,
            "book_valuer_per_share": 17.02,
            "book_valuer_per_share_4q_avg": 15.89,
            "equity": 6675011,
            "current_ratio": 145.81,
            "debt_ratio": 83.03,
            "inventory_turnover_ratio": 0.09,
            "account_receivable_turnover_ratio": 6.05,
            "reinvestment_rate": -37.97,
            "research_to_sale_ratio": null,
            "price_fair": 172.96,
            "eps_avg_yearly": 4.94,
            "eps_latest_yearly": 6.12,
            "eps_growth_yearly": 242.06
        },
        "20221": {
            "year_quarter": 20221,
            "year": 2022,
            "quarter": 1,
            "eps": 0.11,
            "eps_growth_year": -91.13,
            "eps_4q": 3.2,
            "eps_4q_growth_year": 69.34,
            "roe": 0.66,
            "roe_4q": 20.75,
            "gross_profit": 170336,
            "gross_margin": 28.04,
            "gross_margin_4q_avg": 27.06,
            "net_income": 41499,
            "revenue": 607509,
            "common_shares": 3921966,
            "book_valuer_per_share": 15.1,
            "book_valuer_per_share_4q_avg": 16,
            "equity": 5922169,
            "current_ratio": 139.32,
            "debt_ratio": 85.47,
            "inventory_turnover_ratio": 0.02,
            "account_receivable_turnover_ratio": 1.12,
            "reinvestment_rate": -46.81,
            "research_to_sale_ratio": null,
            "price_fair": 125.75,
            "eps_avg_yearly": 3.59,
            "eps_latest_yearly": 0.44,
            "eps_growth_yearly": 158.39
        },
        "20222": {
            "year_quarter": 20222,
            "year": 2022,
            "quarter": 2,
            "eps": 0,
            "eps_growth_year": -100,
            "eps_4q": 2.11,
            "eps_4q_growth_year": -19.9,
            "roe": 0,
            "roe_4q": 15.370000000000001,
            "gross_profit": 61081,
            "gross_margin": 21.92,
            "gross_margin_4q_avg": 25.94,
            "net_income": 279,
            "revenue": 278651,
            "common_shares": 3921966,
            "book_valuer_per_share": 15.09,
            "book_valuer_per_share_4q_avg": 15.9,
            "equity": 5919819,
            "current_ratio": 140.88,
            "debt_ratio": 87,
            "inventory_turnover_ratio": 0.01,
            "account_receivable_turnover_ratio": 0.58,
            "reinvestment_rate": -55.71,
            "research_to_sale_ratio": null,
            "price_fair": 103.32,
            "eps_avg_yearly": 2.95,
            "eps_latest_yearly": 0.44,
            "eps_growth_yearly": 188.05
        },
        "20223": {
            "year_quarter": 20223,
            "year": 2022,
            "quarter": 3,
            "eps": -0.23,
            "eps_growth_year": -129.11,
            "eps_4q": 1.19,
            "eps_4q_growth_year": -60.1,
            "roe": -1.79,
            "roe_4q": 8.3,
            "gross_profit": 5355,
            "gross_margin": 10.16,
            "gross_margin_4q_avg": 21.69,
            "net_income": -104538,
            "revenue": 52722,
            "common_shares": 3921966,
            "book_valuer_per_share": 14.75,
            "book_valuer_per_share_4q_avg": 15.49,
            "equity": 5785130,
            "current_ratio": 138.16,
            "debt_ratio": 87.34,
            "inventory_turnover_ratio": 0,
            "account_receivable_turnover_ratio": 0.14,
            "reinvestment_rate": -68.09,
            "research_to_sale_ratio": null,
            "price_fair": 89.6,
            "eps_avg_yearly": 2.56,
            "eps_latest_yearly": 0.44,
            "eps_growth_yearly": 224.59
        },
        "20224": {
            "year_quarter": 20224,
            "year": 2022,
            "quarter": 4,
            "eps": 0.49,
            "eps_growth_year": -68.23,
            "eps_4q": 0.35,
            "eps_4q_growth_year": -91.85,
            "roe": 3.72,
            "roe_4q": 2.5900000000000003,
            "gross_profit": 575845,
            "gross_margin": 37.23,
            "gross_margin_4q_avg": 24.34,
            "net_income": 219396,
            "revenue": 1546842,
            "common_shares": 4510261,
            "book_valuer_per_share": 13.35,
            "book_valuer_per_share_4q_avg": 14.57,
            "equity": 6023327,
            "current_ratio": 134.89,
            "debt_ratio": 87.66,
            "inventory_turnover_ratio": 0.03,
            "account_receivable_turnover_ratio": 1.84,
            "reinvestment_rate": -66.81,
            "research_to_sale_ratio": null,
            "price_fair": 90.13,
            "eps_avg_yearly": 2.58,
            "eps_latest_yearly": 0.44,
            "eps_growth_yearly": 283.84
        },
        "20231": {
            "year_quarter": 20231,
            "year": 2023,
            "quarter": 1,
            "eps": 1.89,
            "eps_growth_year": 1618.18,
            "eps_4q": 2.15,
            "eps_4q_growth_year": -32.7,
            "roe": 13.52,
            "roe_4q": 15.45,
            "gross_profit": 1426778,
            "gross_margin": 46.54,
            "gross_margin_4q_avg": 28.96,
            "net_income": 854685,
            "revenue": 3065872,
            "common_shares": 4510261,
            "book_valuer_per_share": 14.68,
            "book_valuer_per_share_4q_avg": 14.47,
            "equity": 6620940,
            "current_ratio": 134.79,
            "debt_ratio": 86.78,
            "inventory_turnover_ratio": 0.05,
            "account_receivable_turnover_ratio": 1.86,
            "reinvestment_rate": -50.6,
            "research_to_sale_ratio": null,
            "price_fair": 121.63,
            "eps_avg_yearly": 3.48,
            "eps_latest_yearly": 7.56,
            "eps_growth_yearly": 469.32
        }
    },
    "months": {
        "2001-06": {
            "month": "2001-06",
            "price": "2.10",
            "revenue": 6700
        },
        "2001-07": {
            "month": "2001-07",
            "price": "1.96",
            "revenue": 6495
        },
        "2001-08": {
            "month": "2001-08",
            "price": "2.21",
            "revenue": 8983
        },
        "2001-09": {
            "month": "2001-09",
            "price": "1.99",
            "revenue": 1503
        },
        "2001-12": {
            "month": "2001-12",
            "price": "4.07",
            "revenue": 39963
        },
        "2002-01": {
            "month": "2002-01",
            "price": "3.35",
            "revenue": 998
        },
        "2002-02": {
            "month": "2002-02",
            "price": "3.08",
            "revenue": 789
        },
        "2002-03": {
            "month": "2002-03",
            "price": "3.18",
            "revenue": 12254
        },
        "2002-04": {
            "month": "2002-04",
            "price": "5.40",
            "revenue": 2691
        },
        "2002-05": {
            "month": "2002-05",
            "price": "9.39",
            "revenue": 1004
        },
        "2002-06": {
            "month": "2002-06",
            "price": "7.70",
            "revenue": 597
        },
        "2002-08": {
            "month": "2002-08",
            "price": "4.42",
            "revenue": 374
        },
        "2002-09": {
            "month": "2002-09",
            "price": "4.97",
            "revenue": 2213
        },
        "2002-10": {
            "month": "2002-10",
            "price": "7.21",
            "revenue": 6134
        },
        "2002-11": {
            "month": "2002-11",
            "price": "5.41",
            "revenue": 359
        },
        "2002-12": {
            "month": "2002-12",
            "price": "4.03",
            "revenue": 2015
        },
        "2003-01": {
            "month": "2003-01",
            "price": "4.16",
            "revenue": 2396
        },
        "2003-02": {
            "month": "2003-02",
            "price": "3.60",
            "revenue": 13625
        },
        "2003-05": {
            "month": "2003-05",
            "price": "5.55",
            "revenue": 21235
        },
        "2003-06": {
            "month": "2003-06",
            "price": "6.18",
            "revenue": 24266
        },
        "2003-07": {
            "month": "2003-07",
            "price": "5.82",
            "revenue": 16649
        },
        "2003-08": {
            "month": "2003-08",
            "price": "5.13",
            "revenue": 19514
        },
        "2003-09": {
            "month": "2003-09",
            "price": "5.31",
            "revenue": 22635
        },
        "2003-10": {
            "month": "2003-10",
            "price": "6.67",
            "revenue": 23883
        },
        "2003-11": {
            "month": "2003-11",
            "price": "5.92",
            "revenue": 12951
        },
        "2003-12": {
            "month": "2003-12",
            "price": "5.95",
            "revenue": 19963
        },
        "2004-01": {
            "month": "2004-01",
            "price": "6.60",
            "revenue": 24729
        },
        "2004-02": {
            "month": "2004-02",
            "price": "9.34",
            "revenue": 35937
        },
        "2004-03": {
            "month": "2004-03",
            "price": "9.82",
            "revenue": 38353
        },
        "2004-04": {
            "month": "2004-04",
            "price": "10.72",
            "revenue": 24032
        },
        "2004-05": {
            "month": "2004-05",
            "price": "6.71",
            "revenue": 26284
        },
        "2004-06": {
            "month": "2004-06",
            "price": "6.75",
            "revenue": 28609
        },
        "2004-07": {
            "month": "2004-07",
            "price": "5.52",
            "revenue": 26480
        },
        "2004-08": {
            "month": "2004-08",
            "price": "5.80",
            "revenue": 29358
        },
        "2004-09": {
            "month": "2004-09",
            "price": "7.12",
            "revenue": 32195
        },
        "2004-10": {
            "month": "2004-10",
            "price": "15.40",
            "revenue": 30049
        },
        "2004-11": {
            "month": "2004-11",
            "price": "11.70",
            "revenue": 24739
        },
        "2004-12": {
            "month": "2004-12",
            "price": "12.62",
            "revenue": 28941
        },
        "2005-01": {
            "month": "2005-01",
            "price": "12.27",
            "revenue": 33130
        },
        "2005-02": {
            "month": "2005-02",
            "price": "11.15",
            "revenue": 33710
        },
        "2005-03": {
            "month": "2005-03",
            "price": "11.30",
            "revenue": 41058
        },
        "2005-04": {
            "month": "2005-04",
            "price": "11.23",
            "revenue": 39799
        },
        "2005-05": {
            "month": "2005-05",
            "price": "10.88",
            "revenue": 30052
        },
        "2005-06": {
            "month": "2005-06",
            "price": "10.68",
            "revenue": 30558
        },
        "2005-07": {
            "month": "2005-07",
            "price": "10.95",
            "revenue": 37883
        },
        "2005-08": {
            "month": "2005-08",
            "price": "11.82",
            "revenue": 45572
        },
        "2005-09": {
            "month": "2005-09",
            "price": "12.22",
            "revenue": 47386
        },
        "2005-10": {
            "month": "2005-10",
            "price": "13.23",
            "revenue": 43560
        },
        "2005-11": {
            "month": "2005-11",
            "price": "13.61",
            "revenue": 37542
        },
        "2005-12": {
            "month": "2005-12",
            "price": "17.28",
            "revenue": 813070
        },
        "2006-01": {
            "month": "2006-01",
            "price": "23.62",
            "revenue": 105173
        },
        "2006-02": {
            "month": "2006-02",
            "price": "27.02",
            "revenue": 685475
        },
        "2006-03": {
            "month": "2006-03",
            "price": "28.61",
            "revenue": 955046
        },
        "2006-04": {
            "month": "2006-04",
            "price": "44.42",
            "revenue": 506174
        },
        "2006-05": {
            "month": "2006-05",
            "price": "70.74",
            "revenue": 363157
        },
        "2006-06": {
            "month": "2006-06",
            "price": "44.95",
            "revenue": 151158
        },
        "2006-07": {
            "month": "2006-07",
            "price": "50.25",
            "revenue": 195505
        },
        "2006-08": {
            "month": "2006-08",
            "price": "49.37",
            "revenue": 124986
        },
        "2006-09": {
            "month": "2006-09",
            "price": "43.66",
            "revenue": 69868
        },
        "2006-10": {
            "month": "2006-10",
            "price": "44.36",
            "revenue": 87017
        },
        "2006-11": {
            "month": "2006-11",
            "price": "49.66",
            "revenue": 78810
        },
        "2006-12": {
            "month": "2006-12",
            "price": "49.55",
            "revenue": 54983
        },
        "2007-01": {
            "month": "2007-01",
            "price": "46.40",
            "revenue": 131007
        },
        "2007-02": {
            "month": "2007-02",
            "price": "43.86",
            "revenue": 116088
        },
        "2007-03": {
            "month": "2007-03",
            "price": "41.96",
            "revenue": 275417
        },
        "2007-04": {
            "month": "2007-04",
            "price": "46.12",
            "revenue": 148896
        },
        "2007-05": {
            "month": "2007-05",
            "price": "42.32",
            "revenue": 239964
        },
        "2007-06": {
            "month": "2007-06",
            "price": "41.30",
            "revenue": 166257
        },
        "2007-07": {
            "month": "2007-07",
            "price": "43.88",
            "revenue": 129346
        },
        "2007-08": {
            "month": "2007-08",
            "price": "38.48",
            "revenue": 75618
        },
        "2007-09": {
            "month": "2007-09",
            "price": "28.82",
            "revenue": 45184
        },
        "2007-10": {
            "month": "2007-10",
            "price": "37.46",
            "revenue": 68022
        },
        "2007-11": {
            "month": "2007-11",
            "price": "32.59",
            "revenue": 65631
        },
        "2007-12": {
            "month": "2007-12",
            "price": "26.10",
            "revenue": 67837
        },
        "2008-01": {
            "month": "2008-01",
            "price": "24.69",
            "revenue": 44373
        },
        "2008-02": {
            "month": "2008-02",
            "price": "26.08",
            "revenue": 34606
        },
        "2008-03": {
            "month": "2008-03",
            "price": "31.72",
            "revenue": 60888
        },
        "2008-04": {
            "month": "2008-04",
            "price": "35.88",
            "revenue": 81350
        },
        "2008-05": {
            "month": "2008-05",
            "price": "31.06",
            "revenue": 36429
        },
        "2008-06": {
            "month": "2008-06",
            "price": "26.90",
            "revenue": 81564
        },
        "2008-07": {
            "month": "2008-07",
            "price": "27.64",
            "revenue": 53710
        },
        "2008-08": {
            "month": "2008-08",
            "price": "25.35",
            "revenue": 58663
        },
        "2008-09": {
            "month": "2008-09",
            "price": "20.17",
            "revenue": 149535
        },
        "2008-10": {
            "month": "2008-10",
            "price": "16.72",
            "revenue": 53466
        },
        "2008-11": {
            "month": "2008-11",
            "price": "13.02",
            "revenue": 102519
        },
        "2008-12": {
            "month": "2008-12",
            "price": "13.97",
            "revenue": 115207
        },
        "2009-01": {
            "month": "2009-01",
            "price": "13.85",
            "revenue": 52161
        },
        "2009-02": {
            "month": "2009-02",
            "price": "13.26",
            "revenue": 41967
        },
        "2009-03": {
            "month": "2009-03",
            "price": "14.42",
            "revenue": 111056
        },
        "2009-04": {
            "month": "2009-04",
            "price": "18.35",
            "revenue": 74926
        },
        "2009-05": {
            "month": "2009-05",
            "price": "19.64",
            "revenue": 76228
        },
        "2009-06": {
            "month": "2009-06",
            "price": "21.30",
            "revenue": 78437
        },
        "2009-07": {
            "month": "2009-07",
            "price": "21.77",
            "revenue": 63552
        },
        "2009-08": {
            "month": "2009-08",
            "price": "18.48",
            "revenue": 65438
        },
        "2009-09": {
            "month": "2009-09",
            "price": "19.58",
            "revenue": 85182
        },
        "2009-10": {
            "month": "2009-10",
            "price": "20.28",
            "revenue": 62760
        },
        "2009-11": {
            "month": "2009-11",
            "price": "18.82",
            "revenue": 158149
        },
        "2009-12": {
            "month": "2009-12",
            "price": "19.58",
            "revenue": 94247
        },
        "2010-01": {
            "month": "2010-01",
            "price": "21.43",
            "revenue": 139704
        },
        "2010-02": {
            "month": "2010-02",
            "price": "18.99",
            "revenue": 42531
        },
        "2010-03": {
            "month": "2010-03",
            "price": "20.77",
            "revenue": 222835
        },
        "2010-04": {
            "month": "2010-04",
            "price": "23.72",
            "revenue": 120807
        },
        "2010-05": {
            "month": "2010-05",
            "price": "25.24",
            "revenue": 171562
        },
        "2010-06": {
            "month": "2010-06",
            "price": "25.26",
            "revenue": 104885
        },
        "2010-07": {
            "month": "2010-07",
            "price": "25.72",
            "revenue": 84781
        },
        "2010-08": {
            "month": "2010-08",
            "price": "28.78",
            "revenue": 123959
        },
        "2010-09": {
            "month": "2010-09",
            "price": "30.37",
            "revenue": 72744
        },
        "2010-10": {
            "month": "2010-10",
            "price": "31.55",
            "revenue": 67060
        },
        "2010-11": {
            "month": "2010-11",
            "price": "32.66",
            "revenue": 112528
        },
        "2010-12": {
            "month": "2010-12",
            "price": "29.42",
            "revenue": 69446
        },
        "2011-01": {
            "month": "2011-01",
            "price": "30.77",
            "revenue": 67881
        },
        "2011-02": {
            "month": "2011-02",
            "price": "29.69",
            "revenue": 82211
        },
        "2011-03": {
            "month": "2011-03",
            "price": "26.18",
            "revenue": 55804
        },
        "2011-04": {
            "month": "2011-04",
            "price": "28.58",
            "revenue": 55387
        },
        "2011-05": {
            "month": "2011-05",
            "price": "28.69",
            "revenue": 55773
        },
        "2011-06": {
            "month": "2011-06",
            "price": "28.70",
            "revenue": 203832
        },
        "2011-07": {
            "month": "2011-07",
            "price": "29.99",
            "revenue": 227033
        },
        "2011-08": {
            "month": "2011-08",
            "price": "30.46",
            "revenue": 295000
        },
        "2011-09": {
            "month": "2011-09",
            "price": "30.36",
            "revenue": 378250
        },
        "2011-10": {
            "month": "2011-10",
            "price": "31.50",
            "revenue": 373828
        },
        "2011-11": {
            "month": "2011-11",
            "price": "32.54",
            "revenue": 323654
        },
        "2011-12": {
            "month": "2011-12",
            "price": "30.54",
            "revenue": 168171
        },
        "2012-01": {
            "month": "2012-01",
            "price": "28.82",
            "revenue": 136276
        },
        "2012-02": {
            "month": "2012-02",
            "price": "31.20",
            "revenue": 206954
        },
        "2012-03": {
            "month": "2012-03",
            "price": "39.79",
            "revenue": 244104
        },
        "2012-04": {
            "month": "2012-04",
            "price": "42.76",
            "revenue": 308318
        },
        "2012-05": {
            "month": "2012-05",
            "price": "43.89",
            "revenue": 236058
        },
        "2012-06": {
            "month": "2012-06",
            "price": "43.04",
            "revenue": 186502
        },
        "2012-07": {
            "month": "2012-07",
            "price": "41.82",
            "revenue": 201367
        },
        "2012-08": {
            "month": "2012-08",
            "price": "36.52",
            "revenue": 212256
        },
        "2012-09": {
            "month": "2012-09",
            "price": "39.65",
            "revenue": 115295
        },
        "2012-10": {
            "month": "2012-10",
            "price": "36.19",
            "revenue": 69355
        },
        "2012-11": {
            "month": "2012-11",
            "price": "33.98",
            "revenue": 11843
        },
        "2012-12": {
            "month": "2012-12",
            "price": "33.43",
            "revenue": 18686
        },
        "2013-01": {
            "month": "2013-01",
            "price": "34.32",
            "revenue": 14241
        },
        "2013-02": {
            "month": "2013-02",
            "price": "34.26",
            "revenue": 54302
        },
        "2013-03": {
            "month": "2013-03",
            "price": "35.00",
            "revenue": 23975
        },
        "2013-04": {
            "month": "2013-04",
            "price": "34.89",
            "revenue": 34587
        },
        "2013-05": {
            "month": "2013-05",
            "price": "34.70",
            "revenue": 10219
        },
        "2013-06": {
            "month": "2013-06",
            "price": "34.91",
            "revenue": 28738
        },
        "2013-07": {
            "month": "2013-07",
            "price": "31.73",
            "revenue": 6613
        },
        "2013-08": {
            "month": "2013-08",
            "price": "30.77",
            "revenue": 54162
        },
        "2013-09": {
            "month": "2013-09",
            "price": "32.65",
            "revenue": 24727
        },
        "2013-10": {
            "month": "2013-10",
            "price": "32.11",
            "revenue": 54369
        },
        "2013-11": {
            "month": "2013-11",
            "price": "30.76",
            "revenue": 38672
        },
        "2013-12": {
            "month": "2013-12",
            "price": "30.97",
            "revenue": 490106
        },
        "2014-01": {
            "month": "2014-01",
            "price": "30.84",
            "revenue": 4448
        },
        "2014-02": {
            "month": "2014-02",
            "price": "31.16",
            "revenue": 162981
        },
        "2014-03": {
            "month": "2014-03",
            "price": "30.98",
            "revenue": 93055
        },
        "2014-04": {
            "month": "2014-04",
            "price": "30.50",
            "revenue": 73835
        },
        "2014-05": {
            "month": "2014-05",
            "price": "29.53",
            "revenue": 13532
        },
        "2014-06": {
            "month": "2014-06",
            "price": "29.10",
            "revenue": 321066
        },
        "2014-07": {
            "month": "2014-07",
            "price": "28.92",
            "revenue": 1770994
        },
        "2014-08": {
            "month": "2014-08",
            "price": "28.85",
            "revenue": 246306
        },
        "2014-09": {
            "month": "2014-09",
            "price": "28.52",
            "revenue": 42720
        },
        "2014-10": {
            "month": "2014-10",
            "price": "27.69",
            "revenue": 13937
        },
        "2014-11": {
            "month": "2014-11",
            "price": "27.80",
            "revenue": 7046
        },
        "2014-12": {
            "month": "2014-12",
            "price": "28.58",
            "revenue": 1846757
        },
        "2015-01": {
            "month": "2015-01",
            "price": "29.22",
            "revenue": 407244
        },
        "2015-02": {
            "month": "2015-02",
            "price": "28.12",
            "revenue": 124718
        },
        "2015-03": {
            "month": "2015-03",
            "price": "28.73",
            "revenue": 198337
        },
        "2015-04": {
            "month": "2015-04",
            "price": "35.74",
            "revenue": 77243
        },
        "2015-05": {
            "month": "2015-05",
            "price": "34.09",
            "revenue": 50003
        },
        "2015-06": {
            "month": "2015-06",
            "price": "32.78",
            "revenue": 23138
        },
        "2015-07": {
            "month": "2015-07",
            "price": "30.45",
            "revenue": 27953
        },
        "2015-08": {
            "month": "2015-08",
            "price": "27.50",
            "revenue": 2029336
        },
        "2015-09": {
            "month": "2015-09",
            "price": "25.92",
            "revenue": 952620
        },
        "2015-10": {
            "month": "2015-10",
            "price": "28.90",
            "revenue": 650267
        },
        "2015-11": {
            "month": "2015-11",
            "price": "27.69",
            "revenue": 196780
        },
        "2015-12": {
            "month": "2015-12",
            "price": "26.55",
            "revenue": 213677
        },
        "2016-01": {
            "month": "2016-01",
            "price": "24.66",
            "revenue": 29718
        },
        "2016-02": {
            "month": "2016-02",
            "price": "26.25",
            "revenue": 21505
        },
        "2016-03": {
            "month": "2016-03",
            "price": "29.27",
            "revenue": -12213
        },
        "2016-04": {
            "month": "2016-04",
            "price": "33.39",
            "revenue": 497389
        },
        "2016-05": {
            "month": "2016-05",
            "price": "32.79",
            "revenue": 190471
        },
        "2016-06": {
            "month": "2016-06",
            "price": "35.05",
            "revenue": 124058
        },
        "2016-07": {
            "month": "2016-07",
            "price": "35.66",
            "revenue": 103607
        },
        "2016-08": {
            "month": "2016-08",
            "price": "36.39",
            "revenue": 1979754
        },
        "2016-09": {
            "month": "2016-09",
            "price": "33.03",
            "revenue": 417679
        },
        "2016-10": {
            "month": "2016-10",
            "price": "32.44",
            "revenue": 1084308
        },
        "2016-11": {
            "month": "2016-11",
            "price": "32.29",
            "revenue": 420689
        },
        "2016-12": {
            "month": "2016-12",
            "price": "32.11",
            "revenue": 872689
        },
        "2017-01": {
            "month": "2017-01",
            "price": "33.68",
            "revenue": 51169
        },
        "2017-02": {
            "month": "2017-02",
            "price": "37.82",
            "revenue": 110947
        },
        "2017-03": {
            "month": "2017-03",
            "price": "42.75",
            "revenue": 313656
        },
        "2017-04": {
            "month": "2017-04",
            "price": "47.72",
            "revenue": 252505
        },
        "2017-05": {
            "month": "2017-05",
            "price": "48.10",
            "revenue": 218396
        },
        "2017-06": {
            "month": "2017-06",
            "price": "48.54",
            "revenue": 281038
        },
        "2017-07": {
            "month": "2017-07",
            "price": "48.62",
            "revenue": 228110
        },
        "2017-08": {
            "month": "2017-08",
            "price": "46.52",
            "revenue": 462950
        },
        "2017-09": {
            "month": "2017-09",
            "price": "41.47",
            "revenue": 195492
        },
        "2017-10": {
            "month": "2017-10",
            "price": "36.83",
            "revenue": 194007
        },
        "2017-11": {
            "month": "2017-11",
            "price": "37.82",
            "revenue": 303826
        },
        "2017-12": {
            "month": "2017-12",
            "price": "41.09",
            "revenue": 1766012
        },
        "2018-01": {
            "month": "2018-01",
            "price": "44.69",
            "revenue": 1080311
        },
        "2018-02": {
            "month": "2018-02",
            "price": "44.87",
            "revenue": 1264440
        },
        "2018-03": {
            "month": "2018-03",
            "price": "48.50",
            "revenue": 2729707
        },
        "2018-04": {
            "month": "2018-04",
            "price": "54.58",
            "revenue": 835333
        },
        "2018-05": {
            "month": "2018-05",
            "price": "62.10",
            "revenue": 1244826
        },
        "2018-06": {
            "month": "2018-06",
            "price": "58.56",
            "revenue": 1372311
        },
        "2018-07": {
            "month": "2018-07",
            "price": "56.34",
            "revenue": 381828
        },
        "2018-08": {
            "month": "2018-08",
            "price": "57.98",
            "revenue": 140343
        },
        "2018-09": {
            "month": "2018-09",
            "price": "58.69",
            "revenue": 2307727
        },
        "2018-10": {
            "month": "2018-10",
            "price": "56.60",
            "revenue": 597571
        },
        "2018-11": {
            "month": "2018-11",
            "price": "56.05",
            "revenue": 674139
        },
        "2018-12": {
            "month": "2018-12",
            "price": "55.75",
            "revenue": 615210
        },
        "2019-01": {
            "month": "2019-01",
            "price": "55.18",
            "revenue": 312210
        },
        "2019-02": {
            "month": "2019-02",
            "price": "60.04",
            "revenue": 209359
        },
        "2019-03": {
            "month": "2019-03",
            "price": "66.67",
            "revenue": 323649
        },
        "2019-04": {
            "month": "2019-04",
            "price": "67.62",
            "revenue": 254481
        },
        "2019-05": {
            "month": "2019-05",
            "price": "64.59",
            "revenue": 328378
        },
        "2019-06": {
            "month": "2019-06",
            "price": "63.53",
            "revenue": 347376
        },
        "2019-07": {
            "month": "2019-07",
            "price": "64.13",
            "revenue": 229671
        },
        "2019-08": {
            "month": "2019-08",
            "price": "62.10",
            "revenue": 363046
        },
        "2019-09": {
            "month": "2019-09",
            "price": "62.47",
            "revenue": 225831
        },
        "2019-10": {
            "month": "2019-10",
            "price": "67.95",
            "revenue": 280229
        },
        "2019-11": {
            "month": "2019-11",
            "price": "60.42",
            "revenue": 543410
        },
        "2019-12": {
            "month": "2019-12",
            "price": "58.57",
            "revenue": 781016
        },
        "2020-01": {
            "month": "2020-01",
            "price": "61.08",
            "revenue": 12895
        },
        "2020-02": {
            "month": "2020-02",
            "price": "59.67",
            "revenue": 202400
        },
        "2020-03": {
            "month": "2020-03",
            "price": "53.69",
            "revenue": 354446
        },
        "2020-04": {
            "month": "2020-04",
            "price": "56.32",
            "revenue": 341882
        },
        "2020-05": {
            "month": "2020-05",
            "price": "59.25",
            "revenue": 516945
        },
        "2020-06": {
            "month": "2020-06",
            "price": "61.98",
            "revenue": 642535
        },
        "2020-07": {
            "month": "2020-07",
            "price": "63.71",
            "revenue": 607537
        },
        "2020-08": {
            "month": "2020-08",
            "price": "68.59",
            "revenue": 693139
        },
        "2020-09": {
            "month": "2020-09",
            "price": "70.10",
            "revenue": 1794914
        },
        "2020-10": {
            "month": "2020-10",
            "price": "63.71",
            "revenue": 443269
        },
        "2020-11": {
            "month": "2020-11",
            "price": "62.14",
            "revenue": 393853
        },
        "2020-12": {
            "month": "2020-12",
            "price": "59.67",
            "revenue": 1652421
        },
        "2021-01": {
            "month": "2021-01",
            "price": "58.68",
            "revenue": 375148
        },
        "2021-02": {
            "month": "2021-02",
            "price": "61.02",
            "revenue": 1111860
        },
        "2021-03": {
            "month": "2021-03",
            "price": "60.35",
            "revenue": 1838946
        },
        "2021-04": {
            "month": "2021-04",
            "price": "56.73",
            "revenue": 816258
        },
        "2021-05": {
            "month": "2021-05",
            "price": "53.39",
            "revenue": 444247
        },
        "2021-06": {
            "month": "2021-06",
            "price": "56.70",
            "revenue": 878578
        },
        "2021-07": {
            "month": "2021-07",
            "price": "57.55",
            "revenue": 1129769
        },
        "2021-08": {
            "month": "2021-08",
            "price": "60.00",
            "revenue": 374877
        },
        "2021-09": {
            "month": "2021-09",
            "price": "59.41",
            "revenue": 395448
        },
        "2021-10": {
            "month": "2021-10",
            "price": "59.16",
            "revenue": 1159146
        },
        "2021-11": {
            "month": "2021-11",
            "price": "59.48",
            "revenue": 1075239
        },
        "2021-12": {
            "month": "2021-12",
            "price": "58.18",
            "revenue": 879751
        },
        "2022-01": {
            "month": "2022-01",
            "price": "54.43",
            "revenue": 269833
        },
        "2022-02": {
            "month": "2022-02",
            "price": "54.47",
            "revenue": 92110
        },
        "2022-03": {
            "month": "2022-03",
            "price": "56.66",
            "revenue": 245566
        },
        "2022-04": {
            "month": "2022-04",
            "price": "58.37",
            "revenue": 89827
        },
        "2022-05": {
            "month": "2022-05",
            "price": "67.91",
            "revenue": 51134
        },
        "2022-06": {
            "month": "2022-06",
            "price": "67.73",
            "revenue": 137690
        },
        "2022-07": {
            "month": "2022-07",
            "price": "64.85",
            "revenue": 19960
        },
        "2022-08": {
            "month": "2022-08",
            "price": "68.77",
            "revenue": 14021
        },
        "2022-09": {
            "month": "2022-09",
            "price": "68.26",
            "revenue": 18741
        },
        "2022-10": {
            "month": "2022-10",
            "price": "60.34",
            "revenue": 46205
        },
        "2022-11": {
            "month": "2022-11",
            "price": "61.20",
            "revenue": 15851
        },
        "2022-12": {
            "month": "2022-12",
            "price": "66.11",
            "revenue": 1484786
        },
        "2023-01": {
            "month": "2023-01",
            "price": "69.71",
            "revenue": 342746
        },
        "2023-02": {
            "month": "2023-02",
            "price": "72.58",
            "revenue": 514570
        },
        "2023-03": {
            "month": "2023-03",
            "price": "70.04",
            "revenue": 2208556
        },
        "2023-04": {
            "month": "2023-04",
            "price": "73.93",
            "revenue": 20083
        }
    }
}
