{
    "summary": {
        "stock_name": "中釉",
        "stock_id": "1809",
        "category": "玻璃陶瓷",
        "main_business": "色釉料<br>精密陶瓷,結晶化玻璃製品<br>陶瓷及陶瓷製品,其他化學材料",
        "website_url": "http://www.china-glaze.com.tw",
        "ceo": "蔡松祐",
        "pe_ratio": 76,
        "report_year_from": 2001,
        "report_year_to": 2023,
        "age": 22,
        "eps_negative_percentage": 46,
        "eps_growth_avg": {
            "last_all": -6.52,
            "last_2y": 52,
            "last_4y": -24,
            "last_8y": -21.74,
            "last_12y": -16.88,
            "last_16y": -2.56,
            "last_20y": -6.52,
            "at_2006_last_3y": 9.69,
            "at_2007_last_3y": 7.76,
            "at_2008_last_3y": 33.24,
            "at_2009_last_3y": 33.24,
            "at_2010_last_3y": 27.87,
            "at_2011_last_3y": 30.23,
            "at_2012_last_3y": 11.1,
            "at_2013_last_3y": -9.6,
            "at_2014_last_3y": -1.25,
            "at_2015_last_3y": -18.19,
            "at_2016_last_3y": 8.69,
            "at_2017_last_3y": -20.61,
            "at_2018_last_3y": -32.81,
            "at_2019_last_3y": -47.37,
            "at_2020_last_3y": -100,
            "at_2021_last_3y": -100,
            "at_2022_last_3y": -24,
            "at_2023_last_3y": -24,
            "at_2006_last_all": -17.73,
            "at_2007_last_all": -13.79,
            "at_2008_last_all": -7.01,
            "at_2009_last_all": 8.28,
            "at_2010_last_all": 5.07,
            "at_2011_last_all": 5.78,
            "at_2012_last_all": 0.24,
            "at_2013_last_all": 1.78,
            "at_2014_last_all": 2.96,
            "at_2015_last_all": -1.6,
            "at_2016_last_all": 2.65,
            "at_2017_last_all": -4.19,
            "at_2018_last_all": -4.19,
            "at_2019_last_all": -10.18,
            "at_2020_last_all": -10.18,
            "at_2021_last_all": -10.18,
            "at_2022_last_all": -6.52,
            "at_2023_last_all": -6.52
        },
        "latest_eps": 0.19,
        "latest_price": 14.35,
        "latest_roe": -0.02,
        "latest_gross_margin": 15.32,
        "latest_equity": 3396764,
        "latest_revenue": 522085,
        "latest_gross_profit": 80003,
        "latest_net_income": -25182,
        "latest_debt_ratio": 27.5,
        "latest_current_ratio": 241.1,
        "latest_account_receivable_turnover_ratio": 0.85,
        "latest_inventory_turnover_ratio": 0.55,
        "latest_reinvestment_rate": 1047.98,
        "latest_research_to_sale_ratio": 2.66
    },
    "eps_dividends": {
        "1994": {
            "cash": 0,
            "stock": 5,
            "eps": 0
        },
        "1995": {
            "cash": 0,
            "stock": 3,
            "eps": 0
        },
        "1996": {
            "cash": 1,
            "stock": 1,
            "eps": 0
        },
        "1998": {
            "cash": 0,
            "stock": 2,
            "eps": 0
        },
        "1999": {
            "cash": 0,
            "stock": 1,
            "eps": 0
        },
        "2000": {
            "cash": 0,
            "stock": 1,
            "eps": 0
        },
        "2001": {
            "cash": 0,
            "stock": 0,
            "eps": 0.27
        },
        "2002": {
            "cash": 0,
            "stock": 0,
            "eps": -0.4
        },
        "2003": {
            "cash": 0,
            "stock": 0,
            "eps": 0.24
        },
        "2004": {
            "cash": 0,
            "stock": 0,
            "eps": 0.06
        },
        "2005": {
            "cash": 0,
            "stock": 0,
            "eps": 0.49
        },
        "2006": {
            "cash": 0,
            "stock": 0,
            "eps": 0.51
        },
        "2007": {
            "cash": 0,
            "stock": 0,
            "eps": 0.52
        },
        "2008": {
            "cash": 0,
            "stock": 0,
            "eps": 0.66
        },
        "2009": {
            "cash": 0,
            "stock": 0,
            "eps": 1.38
        },
        "2010": {
            "cash": 0,
            "stock": 0,
            "eps": 1.14
        },
        "2011": {
            "cash": 2,
            "stock": 0,
            "eps": 1.27
        },
        "2012": {
            "cash": 0,
            "stock": 0,
            "eps": 0.64
        },
        "2013": {
            "cash": 0,
            "stock": 0,
            "eps": 0.75
        },
        "2014": {
            "cash": 0,
            "stock": 0,
            "eps": 0.87
        },
        "2015": {
            "cash": 1,
            "stock": 0,
            "eps": 0.38
        },
        "2016": {
            "cash": 0,
            "stock": 0,
            "eps": 0.6
        },
        "2017": {
            "cash": 0,
            "stock": 0,
            "eps": -0.1
        },
        "2018": {
            "cash": 0,
            "stock": 0,
            "eps": 0
        },
        "2019": {
            "cash": 0,
            "stock": 0,
            "eps": -0.24
        },
        "2020": {
            "cash": 0,
            "stock": 0,
            "eps": -0.35
        },
        "2021": {
            "cash": 0,
            "stock": 0,
            "eps": 0.25
        },
        "2022": {
            "cash": 0,
            "stock": 0,
            "eps": 0.38
        },
        "2023": {
            "cash": 0,
            "stock": 0,
            "eps": -0.08
        }
    },
    "dividends": {
        "1994-06-04": {
            "cash": 0,
            "stock": 4.5
        },
        "1995-04-11": {
            "cash": 0.4,
            "stock": 3.28
        },
        "1996-06-08": {
            "cash": 1,
            "stock": 1
        },
        "1998-06-11": {
            "cash": 0,
            "stock": 2
        },
        "1999-06-15": {
            "cash": 0,
            "stock": 0.5
        },
        "2000-06-22": {
            "cash": 0,
            "stock": 0.8
        },
        "2006-04-14": {
            "cash": 0.2,
            "stock": 0
        },
        "2007-04-03": {
            "cash": 0.1,
            "stock": 0.15
        },
        "2008-04-11": {
            "cash": 0.1,
            "stock": 0.15
        },
        "2010-03-19": {
            "cash": 0.2,
            "stock": 0.3
        },
        "2011-01-01": {
            "cash": 0.5,
            "stock": 0
        },
        "2011-03-25": {
            "cash": 0.5,
            "stock": 0
        },
        "2013-03-27": {
            "cash": 0.3,
            "stock": 0
        },
        "2014-08-14": {
            "cash": 0.35,
            "stock": 0
        },
        "2015-07-22": {
            "cash": 0.5,
            "stock": 0
        },
        "2016-07-29": {
            "cash": 0.2,
            "stock": 0
        },
        "2017-08-25": {
            "cash": 0.3,
            "stock": 0
        },
        "2018-08-03": {
            "cash": 0.2,
            "stock": 0
        },
        "2019-07-31": {
            "cash": 0.2,
            "stock": 0
        },
        "2020-08-13": {
            "cash": 0.2,
            "stock": 0
        },
        "2021-09-03": {
            "cash": 0.2,
            "stock": 0
        },
        "2022-08-19": {
            "cash": 0.25,
            "stock": 0
        },
        "2023-03-27": {
            "cash": 0.25,
            "stock": 0
        }
    },
    "prices": {
        "200101": "9.11",
        "200102": "10.03",
        "200103": "10.73",
        "200104": "10.89",
        "200105": "9.07",
        "200106": "9.35",
        "200107": "9.19",
        "200108": "8.74",
        "200109": "7.21",
        "200110": "5.91",
        "200111": "6.12",
        "200112": "6.59",
        "200201": "7.13",
        "200202": "7.05",
        "200203": "7.78",
        "200204": "10.88",
        "200205": "14.28",
        "200206": "13.30",
        "200207": "10.19",
        "200208": "8.34",
        "200209": "6.70",
        "200210": "6.25",
        "200211": "7.78",
        "200212": "8.79",
        "200301": "9.46",
        "200302": "8.27",
        "200303": "7.09",
        "200304": "6.62",
        "200305": "5.92",
        "200306": "6.74",
        "200307": "6.80",
        "200308": "6.80",
        "200309": "6.59",
        "200310": "7.26",
        "200311": "7.40",
        "200312": "7.06",
        "200401": "7.72",
        "200402": "9.26",
        "200403": "9.90",
        "200404": "9.91",
        "200405": "8.27",
        "200406": "8.10",
        "200407": "7.84",
        "200408": "7.34",
        "200409": "7.90",
        "200410": "7.82",
        "200411": "7.37",
        "200412": "7.58",
        "200501": "7.93",
        "200502": "7.58",
        "200503": "7.44",
        "200504": "7.07",
        "200505": "6.67",
        "200506": "6.82",
        "200507": "6.70",
        "200508": "6.54",
        "200509": "6.40",
        "200510": "6.00",
        "200511": "5.96",
        "200512": "6.32",
        "200601": "6.30",
        "200602": "6.24",
        "200603": "6.20",
        "200604": "7.24",
        "200605": "8.18",
        "200606": "7.00",
        "200607": "7.13",
        "200608": "7.08",
        "200609": "7.11",
        "200610": "9.35",
        "200611": "9.46",
        "200612": "12.91",
        "200701": "15.46",
        "200702": "14.80",
        "200703": "15.11",
        "200704": "16.58",
        "200705": "15.14",
        "200706": "16.48",
        "200707": "18.63",
        "200708": "16.46",
        "200709": "15.80",
        "200710": "15.52",
        "200711": "11.52",
        "200712": "10.98",
        "200801": "11.25",
        "200802": "10.86",
        "200803": "12.42",
        "200804": "12.78",
        "200805": "12.57",
        "200806": "12.24",
        "200807": "10.37",
        "200808": "9.98",
        "200809": "7.56",
        "200810": "5.89",
        "200811": "6.32",
        "200812": "6.94",
        "200901": "6.50",
        "200902": "6.19",
        "200903": "6.90",
        "200904": "9.27",
        "200905": "8.76",
        "200906": "8.27",
        "200907": "8.81",
        "200908": "14.05",
        "200909": "16.28",
        "200910": "18.62",
        "200911": "19.48",
        "200912": "21.01",
        "201001": "19.89",
        "201002": "16.77",
        "201003": "20.30",
        "201004": "26.40",
        "201005": "25.73",
        "201006": "25.27",
        "201007": "25.82",
        "201008": "29.13",
        "201009": "29.79",
        "201010": "29.94",
        "201011": "27.48",
        "201012": "26.71",
        "201101": "25.21",
        "201102": "23.49",
        "201103": "24.63",
        "201104": "26.33",
        "201105": "23.84",
        "201106": "21.18",
        "201107": "19.05",
        "201108": "16.85",
        "201109": "15.59",
        "201110": "15.09",
        "201111": "14.02",
        "201112": "12.00",
        "201201": "13.31",
        "201202": "16.85",
        "201203": "18.29",
        "201204": "17.50",
        "201205": "15.04",
        "201206": "13.99",
        "201207": "13.95",
        "201208": "14.10",
        "201209": "14.98",
        "201210": "14.17",
        "201211": "12.99",
        "201212": "14.15",
        "201301": "15.18",
        "201302": "14.88",
        "201303": "14.38",
        "201304": "13.48",
        "201305": "13.82",
        "201306": "13.79",
        "201307": "13.44",
        "201308": "13.43",
        "201309": "14.04",
        "201310": "14.27",
        "201311": "13.90",
        "201312": "15.23",
        "201401": "17.20",
        "201402": "16.87",
        "201403": "18.05",
        "201404": "16.46",
        "201405": "15.32",
        "201406": "15.43",
        "201407": "15.17",
        "201408": "14.57",
        "201409": "15.00",
        "201410": "14.13",
        "201411": "13.72",
        "201412": "14.12",
        "201501": "14.27",
        "201502": "14.15",
        "201503": "14.61",
        "201504": "14.70",
        "201505": "13.54",
        "201506": "12.28",
        "201507": "11.11",
        "201508": "9.65",
        "201509": "9.74",
        "201510": "10.42",
        "201511": "10.31",
        "201512": "9.91",
        "201601": "9.92",
        "201602": "10.48",
        "201603": "10.90",
        "201604": "10.66",
        "201605": "10.78",
        "201606": "10.90",
        "201607": "10.84",
        "201608": "11.33",
        "201609": "12.28",
        "201610": "12.80",
        "201611": "12.36",
        "201612": "12.20",
        "201701": "12.25",
        "201702": "13.08",
        "201703": "12.85",
        "201704": "11.85",
        "201705": "11.37",
        "201706": "11.25",
        "201707": "11.50",
        "201708": "12.31",
        "201709": "12.98",
        "201710": "13.08",
        "201711": "12.30",
        "201712": "12.14",
        "201801": "12.86",
        "201802": "12.01",
        "201803": "12.68",
        "201804": "12.40",
        "201805": "13.17",
        "201806": "14.46",
        "201807": "13.55",
        "201808": "12.34",
        "201809": "11.68",
        "201810": "10.89",
        "201811": "10.98",
        "201812": "10.84",
        "201901": "10.48",
        "201902": "10.66",
        "201903": "10.57",
        "201904": "10.38",
        "201905": "10.90",
        "201906": "15.26",
        "201907": "12.74",
        "201908": "13.70",
        "201909": "12.93",
        "201910": "12.63",
        "201911": "12.02",
        "201912": "11.89",
        "202001": "11.68",
        "202002": "10.03",
        "202003": "8.33",
        "202004": "8.43",
        "202005": "9.07",
        "202006": "9.19",
        "202007": "9.88",
        "202008": "11.37",
        "202009": "11.39",
        "202010": "11.58",
        "202011": "11.78",
        "202012": "12.41",
        "202101": "11.30",
        "202102": "11.33",
        "202103": "12.59",
        "202104": "14.74",
        "202105": "14.24",
        "202106": "14.88",
        "202107": "15.13",
        "202108": "13.30",
        "202109": "14.41",
        "202110": "14.55",
        "202111": "14.33",
        "202112": "15.42",
        "202201": "14.28",
        "202202": "14.52",
        "202203": "14.37",
        "202204": "13.72",
        "202205": "12.69",
        "202206": "12.26",
        "202207": "11.59",
        "202208": "12.47",
        "202209": "12.45",
        "202210": "12.06",
        "202211": "13.16",
        "202212": "12.95",
        "202301": "12.98",
        "202302": "14.43",
        "202303": "13.90",
        "202304": "14.64",
        "202305": "14.85"
    },
    "quarters": {
        "20011": {
            "year_quarter": 20011,
            "year": 2001,
            "quarter": 1,
            "eps": 0.24,
            "eps_growth_year": 33.33,
            "eps_4q": 0.89,
            "eps_4q_growth_year": 33.28,
            "roe": 2,
            "gross_profit": 77020,
            "gross_margin": 19.54,
            "net_income": 40027,
            "revenue": 394208,
            "common_shares": 1640079,
            "equity": 2055659,
            "current_ratio": 140.98,
            "debt_ratio": 38.48,
            "inventory_turnover_ratio": 0.6,
            "account_receivable_turnover_ratio": null,
            "reinvestment_rate": null,
            "research_to_sale_ratio": null,
            "price_fair": 0,
            "eps_avg_yearly": 0,
            "eps_latest_yearly": 0,
            "eps_growth_yearly": 0
        },
        "20012": {
            "year_quarter": 20012,
            "year": 2001,
            "quarter": 2,
            "eps": 0.05,
            "eps_growth_year": -91.94,
            "eps_4q": 0.42,
            "eps_4q_growth_year": -61.2,
            "roe": 0.36,
            "gross_profit": 83475,
            "gross_margin": 20.07,
            "net_income": 7482,
            "revenue": 415998,
            "common_shares": 1640079,
            "equity": 2060834,
            "current_ratio": 141.62,
            "debt_ratio": 38.08,
            "inventory_turnover_ratio": 0.66,
            "account_receivable_turnover_ratio": null,
            "reinvestment_rate": null,
            "research_to_sale_ratio": null,
            "price_fair": 0,
            "eps_avg_yearly": 0,
            "eps_latest_yearly": 0,
            "eps_growth_yearly": 0
        },
        "20013": {
            "year_quarter": 20013,
            "year": 2001,
            "quarter": 3,
            "eps": -0.02,
            "eps_growth_year": -120,
            "eps_4q": 0.25,
            "eps_4q_growth_year": -68.31,
            "roe": -0.2,
            "gross_profit": 75946,
            "gross_margin": 17.89,
            "net_income": -4009,
            "revenue": 424445,
            "common_shares": 1640079,
            "equity": 2035122,
            "current_ratio": 128.26,
            "debt_ratio": 38.99,
            "inventory_turnover_ratio": 0.76,
            "account_receivable_turnover_ratio": null,
            "reinvestment_rate": null,
            "research_to_sale_ratio": null,
            "price_fair": 0,
            "eps_avg_yearly": 0,
            "eps_latest_yearly": 0,
            "eps_growth_yearly": 0
        },
        "20014": {
            "year_quarter": 20014,
            "year": 2001,
            "quarter": 4,
            "eps": 0,
            "eps_growth_year": null,
            "eps_4q": 0.27,
            "eps_4q_growth_year": -67.47,
            "roe": 0.02,
            "gross_profit": 80596,
            "gross_margin": 21.01,
            "net_income": 353,
            "revenue": 383540,
            "common_shares": 1640079,
            "equity": 2072716,
            "current_ratio": 141.59,
            "debt_ratio": 40.98,
            "inventory_turnover_ratio": 0.68,
            "account_receivable_turnover_ratio": null,
            "reinvestment_rate": null,
            "research_to_sale_ratio": null,
            "price_fair": 0,
            "eps_avg_yearly": 0,
            "eps_latest_yearly": 0,
            "eps_growth_yearly": 0
        },
        "20021": {
            "year_quarter": 20021,
            "year": 2002,
            "quarter": 1,
            "eps": 0.05,
            "eps_growth_year": -79.17,
            "eps_4q": 0.07,
            "eps_4q_growth_year": -92.03,
            "roe": 0.43,
            "gross_profit": 74329,
            "gross_margin": 20.76,
            "net_income": 9007,
            "revenue": 357980,
            "common_shares": 1640079,
            "equity": 2086976,
            "current_ratio": 137.67,
            "debt_ratio": 40.6,
            "inventory_turnover_ratio": 0.64,
            "account_receivable_turnover_ratio": null,
            "reinvestment_rate": null,
            "research_to_sale_ratio": null,
            "price_fair": 0,
            "eps_avg_yearly": 0,
            "eps_latest_yearly": 0,
            "eps_growth_yearly": 0
        },
        "20022": {
            "year_quarter": 20022,
            "year": 2002,
            "quarter": 2,
            "eps": -0.13,
            "eps_growth_year": -360,
            "eps_4q": -0.1,
            "eps_4q_growth_year": -124.31,
            "roe": -1.07,
            "gross_profit": 78726,
            "gross_margin": 20.86,
            "net_income": -22037,
            "revenue": 377336,
            "common_shares": 1640079,
            "equity": 2023564,
            "current_ratio": 115.14,
            "debt_ratio": 42.74,
            "inventory_turnover_ratio": 0.72,
            "account_receivable_turnover_ratio": null,
            "reinvestment_rate": null,
            "research_to_sale_ratio": null,
            "price_fair": 0,
            "eps_avg_yearly": 0,
            "eps_latest_yearly": 0,
            "eps_growth_yearly": 0
        },
        "20023": {
            "year_quarter": 20023,
            "year": 2002,
            "quarter": 3,
            "eps": 0.15,
            "eps_growth_year": null,
            "eps_4q": 0.07,
            "eps_4q_growth_year": -72.03,
            "roe": 1.19,
            "gross_profit": 83123,
            "gross_margin": 20.59,
            "net_income": 24013,
            "revenue": 403690,
            "common_shares": 1640079,
            "equity": 2027764,
            "current_ratio": 111.26,
            "debt_ratio": 41.45,
            "inventory_turnover_ratio": 0.85,
            "account_receivable_turnover_ratio": null,
            "reinvestment_rate": null,
            "research_to_sale_ratio": null,
            "price_fair": 0,
            "eps_avg_yearly": 0,
            "eps_latest_yearly": 0,
            "eps_growth_yearly": 0
        },
        "20024": {
            "year_quarter": 20024,
            "year": 2002,
            "quarter": 4,
            "eps": -0.47,
            "eps_growth_year": null,
            "eps_4q": -0.4,
            "eps_4q_growth_year": -248.15,
            "roe": -3.89,
            "gross_profit": 62698,
            "gross_margin": 19.91,
            "net_income": -77668,
            "revenue": 314858,
            "common_shares": 1640079,
            "equity": 1963606,
            "current_ratio": 112.16,
            "debt_ratio": 41.58,
            "inventory_turnover_ratio": 0.67,
            "account_receivable_turnover_ratio": null,
            "reinvestment_rate": -94.48,
            "research_to_sale_ratio": null,
            "price_fair": 0,
            "eps_avg_yearly": 0,
            "eps_latest_yearly": 0,
            "eps_growth_yearly": 0
        },
        "20031": {
            "year_quarter": 20031,
            "year": 2003,
            "quarter": 1,
            "eps": -0.04,
            "eps_growth_year": -180,
            "eps_4q": -0.5,
            "eps_4q_growth_year": -796.02,
            "roe": -0.34,
            "gross_profit": 58231,
            "gross_margin": 20.92,
            "net_income": -6642,
            "revenue": 278352,
            "common_shares": 1640079,
            "equity": 1952481,
            "current_ratio": 100.87,
            "debt_ratio": 38.72,
            "inventory_turnover_ratio": 0.57,
            "account_receivable_turnover_ratio": null,
            "reinvestment_rate": -104.52,
            "research_to_sale_ratio": null,
            "price_fair": 0,
            "eps_avg_yearly": 0,
            "eps_latest_yearly": 0,
            "eps_growth_yearly": 0
        },
        "20032": {
            "year_quarter": 20032,
            "year": 2003,
            "quarter": 2,
            "eps": 0.11,
            "eps_growth_year": null,
            "eps_4q": -0.26,
            "eps_4q_growth_year": null,
            "roe": 0.91,
            "gross_profit": 76557,
            "gross_margin": 21.27,
            "net_income": 17930,
            "revenue": 359867,
            "common_shares": 1640079,
            "equity": 1992603,
            "current_ratio": 105.23,
            "debt_ratio": 41.46,
            "inventory_turnover_ratio": 0.76,
            "account_receivable_turnover_ratio": null,
            "reinvestment_rate": -119.89,
            "research_to_sale_ratio": null,
            "price_fair": 0,
            "eps_avg_yearly": 0,
            "eps_latest_yearly": 0,
            "eps_growth_yearly": 0
        },
        "20033": {
            "year_quarter": 20033,
            "year": 2003,
            "quarter": 3,
            "eps": 0.01,
            "eps_growth_year": -93.33,
            "eps_4q": -0.39,
            "eps_4q_growth_year": -652.01,
            "roe": 0.11,
            "gross_profit": 62205,
            "gross_margin": 18.95,
            "net_income": 2271,
            "revenue": 328300,
            "common_shares": 1640079,
            "equity": 2003218,
            "current_ratio": 106.12,
            "debt_ratio": 39.74,
            "inventory_turnover_ratio": 0.72,
            "account_receivable_turnover_ratio": null,
            "reinvestment_rate": -162.62,
            "research_to_sale_ratio": null,
            "price_fair": 0.12,
            "eps_avg_yearly": 0.04,
            "eps_latest_yearly": 0.04,
            "eps_growth_yearly": -363.64
        },
        "20034": {
            "year_quarter": 20034,
            "year": 2003,
            "quarter": 4,
            "eps": 0.16,
            "eps_growth_year": null,
            "eps_4q": 0.24,
            "eps_4q_growth_year": null,
            "roe": 1.31,
            "gross_profit": 75871,
            "gross_margin": 20.36,
            "net_income": 26375,
            "revenue": 372619,
            "common_shares": 1640079,
            "equity": 2034322,
            "current_ratio": 112.14,
            "debt_ratio": 38.59,
            "inventory_turnover_ratio": 0.78,
            "account_receivable_turnover_ratio": null,
            "reinvestment_rate": -32.6,
            "research_to_sale_ratio": null,
            "price_fair": 11.9,
            "eps_avg_yearly": 0.34,
            "eps_latest_yearly": 0.64,
            "eps_growth_yearly": 2818.18
        },
        "20041": {
            "year_quarter": 20041,
            "year": 2004,
            "quarter": 1,
            "eps": 0.07,
            "eps_growth_year": null,
            "eps_4q": 0.35,
            "eps_4q_growth_year": null,
            "roe": 0.56,
            "gross_profit": 77725,
            "gross_margin": 20.73,
            "net_income": 11514,
            "revenue": 374861,
            "common_shares": 1640079,
            "equity": 2042307,
            "current_ratio": 107.47,
            "debt_ratio": 36.67,
            "inventory_turnover_ratio": 0.82,
            "account_receivable_turnover_ratio": null,
            "reinvestment_rate": -198.96,
            "research_to_sale_ratio": null,
            "price_fair": 11.2,
            "eps_avg_yearly": 0.32,
            "eps_latest_yearly": 0.28,
            "eps_growth_yearly": 1803.79
        },
        "20042": {
            "year_quarter": 20042,
            "year": 2004,
            "quarter": 2,
            "eps": 0.19,
            "eps_growth_year": 72.73,
            "eps_4q": 0.44,
            "eps_4q_growth_year": null,
            "roe": 1.51,
            "gross_profit": 97393,
            "gross_margin": 23.54,
            "net_income": 30964,
            "revenue": 413780,
            "common_shares": 1640079,
            "equity": 2066766,
            "current_ratio": 115.99,
            "debt_ratio": 37.08,
            "inventory_turnover_ratio": 0.92,
            "account_receivable_turnover_ratio": null,
            "reinvestment_rate": -349.12,
            "research_to_sale_ratio": null,
            "price_fair": 15.05,
            "eps_avg_yearly": 0.43,
            "eps_latest_yearly": 0.76,
            "eps_growth_yearly": 1524.27
        },
        "20043": {
            "year_quarter": 20043,
            "year": 2004,
            "quarter": 3,
            "eps": 0.06,
            "eps_growth_year": 500,
            "eps_4q": 0.48,
            "eps_4q_growth_year": null,
            "roe": 0.47,
            "gross_profit": 96717,
            "gross_margin": 21.87,
            "net_income": 9843,
            "revenue": 442233,
            "common_shares": 1640079,
            "equity": 2089682,
            "current_ratio": 121.8,
            "debt_ratio": 34.87,
            "inventory_turnover_ratio": 0.91,
            "account_receivable_turnover_ratio": null,
            "reinvestment_rate": -385.67,
            "research_to_sale_ratio": null,
            "price_fair": 13.72,
            "eps_avg_yearly": 0.39,
            "eps_latest_yearly": 0.24,
            "eps_growth_yearly": 1164.68
        },
        "20044": {
            "year_quarter": 20044,
            "year": 2004,
            "quarter": 4,
            "eps": -0.26,
            "eps_growth_year": -262.5,
            "eps_4q": 0.07,
            "eps_4q_growth_year": -71.41,
            "roe": -2.1,
            "gross_profit": 84517,
            "gross_margin": 18.08,
            "net_income": -43053,
            "revenue": 467386,
            "common_shares": 1640079,
            "equity": 2013950,
            "current_ratio": 116.49,
            "debt_ratio": 37.69,
            "inventory_turnover_ratio": 0.87,
            "account_receivable_turnover_ratio": null,
            "reinvestment_rate": -258.16,
            "research_to_sale_ratio": null,
            "price_fair": 13.72,
            "eps_avg_yearly": 0.39,
            "eps_latest_yearly": 0.24,
            "eps_growth_yearly": 1164.68
        },
        "20051": {
            "year_quarter": 20051,
            "year": 2005,
            "quarter": 1,
            "eps": 0.03,
            "eps_growth_year": -57.14,
            "eps_4q": 0.02,
            "eps_4q_growth_year": -95.21,
            "roe": 0.26,
            "gross_profit": 63066,
            "gross_margin": 16.17,
            "net_income": 5147,
            "revenue": 389950,
            "common_shares": 1640079,
            "equity": 2014936,
            "current_ratio": 119.92,
            "debt_ratio": 35.37,
            "inventory_turnover_ratio": 0.73,
            "account_receivable_turnover_ratio": null,
            "reinvestment_rate": null,
            "research_to_sale_ratio": null,
            "price_fair": 13.72,
            "eps_avg_yearly": 0.39,
            "eps_latest_yearly": 0.24,
            "eps_growth_yearly": 1164.68
        },
        "20052": {
            "year_quarter": 20052,
            "year": 2005,
            "quarter": 2,
            "eps": 0.18,
            "eps_growth_year": -5.26,
            "eps_4q": 0.01,
            "eps_4q_growth_year": -97.17,
            "roe": 1.49,
            "gross_profit": 90239,
            "gross_margin": 19.33,
            "net_income": 30134,
            "revenue": 466787,
            "common_shares": 1640079,
            "equity": 2041919,
            "current_ratio": 127.67,
            "debt_ratio": 38.15,
            "inventory_turnover_ratio": 0.88,
            "account_receivable_turnover_ratio": null,
            "reinvestment_rate": -1916.04,
            "research_to_sale_ratio": null,
            "price_fair": 15.63,
            "eps_avg_yearly": 0.45,
            "eps_latest_yearly": 0.72,
            "eps_growth_yearly": 1303.9
        },
        "20053": {
            "year_quarter": 20053,
            "year": 2005,
            "quarter": 3,
            "eps": 0.12,
            "eps_growth_year": 100,
            "eps_4q": 0.07,
            "eps_4q_growth_year": -84.63,
            "roe": 0.98,
            "gross_profit": 95010,
            "gross_margin": 19.82,
            "net_income": 20162,
            "revenue": 479480,
            "common_shares": 1640079,
            "equity": 2071713,
            "current_ratio": 126.13,
            "debt_ratio": 35.44,
            "inventory_turnover_ratio": 0.91,
            "account_receivable_turnover_ratio": null,
            "reinvestment_rate": -842.81,
            "research_to_sale_ratio": null,
            "price_fair": 15.8,
            "eps_avg_yearly": 0.45,
            "eps_latest_yearly": 0.48,
            "eps_growth_yearly": 1098.58
        },
        "20054": {
            "year_quarter": 20054,
            "year": 2005,
            "quarter": 4,
            "eps": 0.16,
            "eps_growth_year": null,
            "eps_4q": 0.49,
            "eps_4q_growth_year": 609.15,
            "roe": 1.08,
            "gross_profit": 109168,
            "gross_margin": 20.46,
            "net_income": 26788,
            "revenue": 533567,
            "common_shares": 1640079,
            "equity": 2891527,
            "current_ratio": 219.78,
            "debt_ratio": 35.15,
            "inventory_turnover_ratio": 0.59,
            "account_receivable_turnover_ratio": null,
            "reinvestment_rate": 399.4,
            "research_to_sale_ratio": null,
            "price_fair": 16.63,
            "eps_avg_yearly": 0.48,
            "eps_latest_yearly": 0.64,
            "eps_growth_yearly": 977.92
        },
        "20061": {
            "year_quarter": 20061,
            "year": 2006,
            "quarter": 1,
            "eps": 0.1,
            "eps_growth_year": 233.33,
            "eps_4q": 0.6,
            "eps_4q_growth_year": 3421.95,
            "roe": 0.62,
            "gross_profit": 98419,
            "gross_margin": 15.9,
            "net_income": 15556,
            "revenue": 618899,
            "common_shares": 1640079,
            "equity": 2134703,
            "current_ratio": 133.86,
            "debt_ratio": 38.12,
            "inventory_turnover_ratio": 0.72,
            "account_receivable_turnover_ratio": null,
            "reinvestment_rate": -431.27,
            "research_to_sale_ratio": null,
            "price_fair": 16.33,
            "eps_avg_yearly": 0.47,
            "eps_latest_yearly": 0.4,
            "eps_growth_yearly": 852.6
        },
        "20062": {
            "year_quarter": 20062,
            "year": 2006,
            "quarter": 2,
            "eps": 0.2,
            "eps_growth_year": 11.11,
            "eps_4q": 0.57,
            "eps_4q_growth_year": 4539.31,
            "roe": 1.57,
            "gross_profit": 85131,
            "gross_margin": 14.5,
            "net_income": 33432,
            "revenue": 587146,
            "common_shares": 1640079,
            "equity": 2128368,
            "current_ratio": 111.93,
            "debt_ratio": 39.75,
            "inventory_turnover_ratio": 1.1,
            "account_receivable_turnover_ratio": null,
            "reinvestment_rate": -233.66,
            "research_to_sale_ratio": null,
            "price_fair": 17.5,
            "eps_avg_yearly": 0.5,
            "eps_latest_yearly": 0.8,
            "eps_growth_yearly": 807.34
        },
        "20063": {
            "year_quarter": 20063,
            "year": 2006,
            "quarter": 3,
            "eps": 0.16,
            "eps_growth_year": 33.33,
            "eps_4q": 0.62,
            "eps_4q_growth_year": 736.64,
            "roe": 1.23,
            "gross_profit": 100718,
            "gross_margin": 16.1,
            "net_income": 26532,
            "revenue": 625591,
            "common_shares": 1640079,
            "equity": 2170957,
            "current_ratio": 118.14,
            "debt_ratio": 39.25,
            "inventory_turnover_ratio": 1.07,
            "account_receivable_turnover_ratio": null,
            "reinvestment_rate": -78.45,
            "research_to_sale_ratio": null,
            "price_fair": 17.95,
            "eps_avg_yearly": 0.51,
            "eps_latest_yearly": 0.64,
            "eps_growth_yearly": 726.67
        },
        "20064": {
            "year_quarter": 20064,
            "year": 2006,
            "quarter": 4,
            "eps": 0.05,
            "eps_growth_year": -68.75,
            "eps_4q": 0.54,
            "eps_4q_growth_year": 9.95,
            "roe": 0.3,
            "gross_profit": 86222,
            "gross_margin": 15.18,
            "net_income": 7706,
            "revenue": 568071,
            "common_shares": 1640079,
            "equity": 3050184,
            "current_ratio": 215.92,
            "debt_ratio": 36.24,
            "inventory_turnover_ratio": 0.59,
            "account_receivable_turnover_ratio": null,
            "reinvestment_rate": 281.14,
            "research_to_sale_ratio": null,
            "price_fair": 17.03,
            "eps_avg_yearly": 0.49,
            "eps_latest_yearly": 0.2,
            "eps_growth_yearly": 643.2
        },
        "20071": {
            "year_quarter": 20071,
            "year": 2007,
            "quarter": 1,
            "eps": 0.14,
            "eps_growth_year": 40,
            "eps_4q": 0.55,
            "eps_4q_growth_year": -7.59,
            "roe": 0.87,
            "gross_profit": 89342,
            "gross_margin": 14.3,
            "net_income": 23090,
            "revenue": 624723,
            "common_shares": 1640079,
            "equity": 2238906,
            "current_ratio": 128.95,
            "debt_ratio": 37.21,
            "inventory_turnover_ratio": 0.67,
            "account_receivable_turnover_ratio": null,
            "reinvestment_rate": -36.63,
            "research_to_sale_ratio": null,
            "price_fair": 17.23,
            "eps_avg_yearly": 0.49,
            "eps_latest_yearly": 0.56,
            "eps_growth_yearly": 649.11
        },
        "20072": {
            "year_quarter": 20072,
            "year": 2007,
            "quarter": 2,
            "eps": 0.21,
            "eps_growth_year": 5,
            "eps_4q": 0.57,
            "eps_4q_growth_year": -1.3,
            "roe": 1.5,
            "gross_profit": 86297,
            "gross_margin": 14.76,
            "net_income": 33774,
            "revenue": 584514,
            "common_shares": 1640079,
            "equity": 2261087,
            "current_ratio": 129.7,
            "debt_ratio": 37.47,
            "inventory_turnover_ratio": 1.05,
            "account_receivable_turnover_ratio": null,
            "reinvestment_rate": -29.05,
            "research_to_sale_ratio": null,
            "price_fair": 18.1,
            "eps_avg_yearly": 0.52,
            "eps_latest_yearly": 0.84,
            "eps_growth_yearly": 617.03
        },
        "20073": {
            "year_quarter": 20073,
            "year": 2007,
            "quarter": 3,
            "eps": 0.15,
            "eps_growth_year": -6.25,
            "eps_4q": 0.54,
            "eps_4q_growth_year": -11.73,
            "roe": 1.08,
            "gross_profit": 91970,
            "gross_margin": 13,
            "net_income": 24546,
            "revenue": 707409,
            "common_shares": 1668425,
            "equity": 2277929,
            "current_ratio": 123.74,
            "debt_ratio": 38.33,
            "inventory_turnover_ratio": 1.31,
            "account_receivable_turnover_ratio": null,
            "reinvestment_rate": -16.11,
            "research_to_sale_ratio": null,
            "price_fair": 19.5,
            "eps_avg_yearly": 0.56,
            "eps_latest_yearly": 0.6,
            "eps_growth_yearly": 634.84
        },
        "20074": {
            "year_quarter": 20074,
            "year": 2007,
            "quarter": 4,
            "eps": 0.02,
            "eps_growth_year": -60,
            "eps_4q": 0.45,
            "eps_4q_growth_year": -16.51,
            "roe": 0.13,
            "gross_profit": 84416,
            "gross_margin": 15.05,
            "net_income": 3779,
            "revenue": 560934,
            "common_shares": 1668425,
            "equity": 3345575,
            "current_ratio": 226.18,
            "debt_ratio": 35.13,
            "inventory_turnover_ratio": 0.55,
            "account_receivable_turnover_ratio": null,
            "reinvestment_rate": 219.84,
            "research_to_sale_ratio": null,
            "price_fair": 18.1,
            "eps_avg_yearly": 0.52,
            "eps_latest_yearly": 0.08,
            "eps_growth_yearly": 181.51
        },
        "20081": {
            "year_quarter": 20081,
            "year": 2008,
            "quarter": 1,
            "eps": 0.13,
            "eps_growth_year": -7.14,
            "eps_4q": 0.43,
            "eps_4q_growth_year": -21.04,
            "roe": 0.76,
            "gross_profit": 193807,
            "gross_margin": 21.23,
            "net_income": 24979,
            "revenue": 912957,
            "common_shares": 1668425,
            "equity": 3249061,
            "current_ratio": 205.86,
            "debt_ratio": 35.45,
            "inventory_turnover_ratio": 0.56,
            "account_receivable_turnover_ratio": null,
            "reinvestment_rate": 265.06,
            "research_to_sale_ratio": null,
            "price_fair": 18.7,
            "eps_avg_yearly": 0.53,
            "eps_latest_yearly": 0.52,
            "eps_growth_yearly": 354.72
        },
        "20082": {
            "year_quarter": 20082,
            "year": 2008,
            "quarter": 2,
            "eps": 0.22,
            "eps_growth_year": 4.76,
            "eps_4q": 0.29,
            "eps_4q_growth_year": -49.42,
            "roe": 2.02,
            "gross_profit": 254495,
            "gross_margin": 20.26,
            "net_income": 66660,
            "revenue": 1255986,
            "common_shares": 1668425,
            "equity": 3347217,
            "current_ratio": 200.46,
            "debt_ratio": 39.43,
            "inventory_turnover_ratio": 0.78,
            "account_receivable_turnover_ratio": null,
            "reinvestment_rate": 239.24,
            "research_to_sale_ratio": null,
            "price_fair": 19,
            "eps_avg_yearly": 0.54,
            "eps_latest_yearly": 0.88,
            "eps_growth_yearly": 325.52
        },
        "20083": {
            "year_quarter": 20083,
            "year": 2008,
            "quarter": 3,
            "eps": 0.17,
            "eps_growth_year": 13.33,
            "eps_4q": 0.31,
            "eps_4q_growth_year": -43.01,
            "roe": 1.47,
            "gross_profit": 216677,
            "gross_margin": 23.15,
            "net_income": 50324,
            "revenue": 935872,
            "common_shares": 1697285,
            "equity": 3521166,
            "current_ratio": 204.36,
            "debt_ratio": 37.24,
            "inventory_turnover_ratio": 0.5,
            "account_receivable_turnover_ratio": null,
            "reinvestment_rate": 229.47,
            "research_to_sale_ratio": null,
            "price_fair": 20.1,
            "eps_avg_yearly": 0.57,
            "eps_latest_yearly": 0.68,
            "eps_growth_yearly": 338.58
        },
        "20084": {
            "year_quarter": 20084,
            "year": 2008,
            "quarter": 4,
            "eps": 0.14,
            "eps_growth_year": 600,
            "eps_4q": 0.56,
            "eps_4q_growth_year": 25.17,
            "roe": 0.79,
            "gross_profit": 138794,
            "gross_margin": 17.5,
            "net_income": 27928,
            "revenue": 793264,
            "common_shares": 1697285,
            "equity": 3512428,
            "current_ratio": 234.87,
            "debt_ratio": 34.33,
            "inventory_turnover_ratio": 0.43,
            "account_receivable_turnover_ratio": 1.61,
            "reinvestment_rate": 154.05,
            "research_to_sale_ratio": null,
            "price_fair": 20.07,
            "eps_avg_yearly": 0.57,
            "eps_latest_yearly": 0.56,
            "eps_growth_yearly": 311.3
        },
        "20091": {
            "year_quarter": 20091,
            "year": 2009,
            "quarter": 1,
            "eps": -0.03,
            "eps_growth_year": -123.08,
            "eps_4q": 0.51,
            "eps_4q_growth_year": 17.49,
            "roe": -0.38,
            "gross_profit": 114644,
            "gross_margin": 17.23,
            "net_income": -13553,
            "revenue": 665213,
            "common_shares": 1697285,
            "equity": 3563428,
            "current_ratio": 294.23,
            "debt_ratio": 30.73,
            "inventory_turnover_ratio": 0.4,
            "account_receivable_turnover_ratio": 0.68,
            "reinvestment_rate": 211.31,
            "research_to_sale_ratio": null,
            "price_fair": 20.07,
            "eps_avg_yearly": 0.57,
            "eps_latest_yearly": 0.56,
            "eps_growth_yearly": 311.3
        },
        "20092": {
            "year_quarter": 20092,
            "year": 2009,
            "quarter": 2,
            "eps": 0.51,
            "eps_growth_year": 131.82,
            "eps_4q": 0.47,
            "eps_4q_growth_year": 63.06,
            "roe": 4.23,
            "gross_profit": 239279,
            "gross_margin": 24.2,
            "net_income": 149411,
            "revenue": 988951,
            "common_shares": 1697285,
            "equity": 3508360,
            "current_ratio": 239.2,
            "debt_ratio": 35.13,
            "inventory_turnover_ratio": 0.6,
            "account_receivable_turnover_ratio": 0.97,
            "reinvestment_rate": 170.45,
            "research_to_sale_ratio": null,
            "price_fair": 19.7,
            "eps_avg_yearly": 0.56,
            "eps_latest_yearly": 0.56,
            "eps_growth_yearly": 190.68
        },
        "20093": {
            "year_quarter": 20093,
            "year": 2009,
            "quarter": 3,
            "eps": 0.69,
            "eps_growth_year": 305.88,
            "eps_4q": 0.77,
            "eps_4q_growth_year": 148.91,
            "roe": 5.58,
            "gross_profit": 231764,
            "gross_margin": 21.41,
            "net_income": 200203,
            "revenue": 1082552,
            "common_shares": 1697285,
            "equity": 3662937,
            "current_ratio": 231.67,
            "debt_ratio": 37.22,
            "inventory_turnover_ratio": 0.73,
            "account_receivable_turnover_ratio": 0.96,
            "reinvestment_rate": 134.25,
            "research_to_sale_ratio": null,
            "price_fair": 25.4,
            "eps_avg_yearly": 0.73,
            "eps_latest_yearly": 2.76,
            "eps_growth_yearly": 210.28
        },
        "20094": {
            "year_quarter": 20094,
            "year": 2009,
            "quarter": 4,
            "eps": 0.21,
            "eps_growth_year": 50,
            "eps_4q": 1.38,
            "eps_4q_growth_year": 145.36,
            "roe": 1.18,
            "gross_profit": 214533,
            "gross_margin": 23.23,
            "net_income": 43432,
            "revenue": 923517,
            "common_shares": 1697285,
            "equity": 3681827,
            "current_ratio": 254.78,
            "debt_ratio": 36.02,
            "inventory_turnover_ratio": 0.63,
            "account_receivable_turnover_ratio": 1.54,
            "reinvestment_rate": 30.81,
            "research_to_sale_ratio": null,
            "price_fair": 25.9,
            "eps_avg_yearly": 0.74,
            "eps_latest_yearly": 0.84,
            "eps_growth_yearly": 180.88
        },
        "20101": {
            "year_quarter": 20101,
            "year": 2010,
            "quarter": 1,
            "eps": 0.18,
            "eps_growth_year": null,
            "eps_4q": 1.59,
            "eps_4q_growth_year": 211.13,
            "roe": 1.02,
            "gross_profit": 181561,
            "gross_margin": 20.78,
            "net_income": 37776,
            "revenue": 873790,
            "common_shares": 1697285,
            "equity": 3705877,
            "current_ratio": 250.04,
            "debt_ratio": 33.49,
            "inventory_turnover_ratio": 0.62,
            "account_receivable_turnover_ratio": 0.75,
            "reinvestment_rate": 125.19,
            "research_to_sale_ratio": 1.77,
            "price_fair": 26.7,
            "eps_avg_yearly": 0.76,
            "eps_latest_yearly": 0.72,
            "eps_growth_yearly": 187.52
        },
        "20102": {
            "year_quarter": 20102,
            "year": 2010,
            "quarter": 2,
            "eps": 0.44,
            "eps_growth_year": -14.33,
            "eps_4q": 1.48,
            "eps_4q_growth_year": 216.67,
            "roe": 2.92,
            "gross_profit": 184228,
            "gross_margin": 20.23,
            "net_income": 108050,
            "revenue": 910637,
            "common_shares": 1697285,
            "equity": 3703209,
            "current_ratio": 253.43,
            "debt_ratio": 33.08,
            "inventory_turnover_ratio": 0.69,
            "account_receivable_turnover_ratio": 0.82,
            "reinvestment_rate": 104.11,
            "research_to_sale_ratio": 1.03,
            "price_fair": 29.1,
            "eps_avg_yearly": 0.83,
            "eps_latest_yearly": 1.76,
            "eps_growth_yearly": 200.22
        },
        "20103": {
            "year_quarter": 20103,
            "year": 2010,
            "quarter": 3,
            "eps": 0.34,
            "eps_growth_year": -50.56,
            "eps_4q": 1.15,
            "eps_4q_growth_year": 49.14,
            "roe": 2.02,
            "gross_profit": 234149,
            "gross_margin": 21.84,
            "net_income": 75177,
            "revenue": 1071964,
            "common_shares": 1748204,
            "equity": 3735459,
            "current_ratio": 238.12,
            "debt_ratio": 34.49,
            "inventory_turnover_ratio": 0.8,
            "account_receivable_turnover_ratio": 1,
            "reinvestment_rate": 97.25,
            "research_to_sale_ratio": 1.31,
            "price_fair": 30.9,
            "eps_avg_yearly": 0.88,
            "eps_latest_yearly": 1.36,
            "eps_growth_yearly": 199.44
        },
        "20104": {
            "year_quarter": 20104,
            "year": 2010,
            "quarter": 4,
            "eps": 0.18,
            "eps_growth_year": -14.29,
            "eps_4q": 1.05,
            "eps_4q_growth_year": -23.82,
            "roe": 1.44,
            "gross_profit": 205091,
            "gross_margin": 22.2,
            "net_income": 55977,
            "revenue": 924008,
            "common_shares": 1898204,
            "equity": 4026487,
            "current_ratio": 277.56,
            "debt_ratio": 30.93,
            "inventory_turnover_ratio": 0.66,
            "account_receivable_turnover_ratio": 0.87,
            "reinvestment_rate": -10.57,
            "research_to_sale_ratio": 1.87,
            "price_fair": 32.2,
            "eps_avg_yearly": 0.92,
            "eps_latest_yearly": 0.72,
            "eps_growth_yearly": 205.63
        },
        "20111": {
            "year_quarter": 20111,
            "year": 2011,
            "quarter": 1,
            "eps": 0.19,
            "eps_growth_year": 5.56,
            "eps_4q": 1.08,
            "eps_4q_growth_year": -31.75,
            "roe": 1.09,
            "gross_profit": 173579,
            "gross_margin": 21.07,
            "net_income": 43478,
            "revenue": 823997,
            "common_shares": 1898204,
            "equity": 3932525,
            "current_ratio": 269.99,
            "debt_ratio": 29.56,
            "inventory_turnover_ratio": 0.59,
            "account_receivable_turnover_ratio": 0.75,
            "reinvestment_rate": 95.47,
            "research_to_sale_ratio": 1.79,
            "price_fair": 32.7,
            "eps_avg_yearly": 0.93,
            "eps_latest_yearly": 0.76,
            "eps_growth_yearly": 155.79
        },
        "20112": {
            "year_quarter": 20112,
            "year": 2011,
            "quarter": 2,
            "eps": 0.47,
            "eps_growth_year": 8.41,
            "eps_4q": 1.16,
            "eps_4q_growth_year": -21.91,
            "roe": 3.18,
            "gross_profit": 286285,
            "gross_margin": 25.56,
            "net_income": 124504,
            "revenue": 1119838,
            "common_shares": 1898204,
            "equity": 3909811,
            "current_ratio": 229.1,
            "debt_ratio": 33.36,
            "inventory_turnover_ratio": 0.72,
            "account_receivable_turnover_ratio": 0.91,
            "reinvestment_rate": 89.47,
            "research_to_sale_ratio": 1.73,
            "price_fair": 35.3,
            "eps_avg_yearly": 1.01,
            "eps_latest_yearly": 1.88,
            "eps_growth_yearly": 183.61
        },
        "20113": {
            "year_quarter": 20113,
            "year": 2011,
            "quarter": 3,
            "eps": 0.37,
            "eps_growth_year": 9.81,
            "eps_4q": 1.22,
            "eps_4q_growth_year": 5.53,
            "roe": 2.13,
            "gross_profit": 246970,
            "gross_margin": 22.92,
            "net_income": 86380,
            "revenue": 1077356,
            "common_shares": 1898204,
            "equity": 4186553,
            "current_ratio": 254.01,
            "debt_ratio": 33,
            "inventory_turnover_ratio": 0.63,
            "account_receivable_turnover_ratio": 0.76,
            "reinvestment_rate": 89.34,
            "research_to_sale_ratio": 1.39,
            "price_fair": 37.5,
            "eps_avg_yearly": 1.07,
            "eps_latest_yearly": 1.48,
            "eps_growth_yearly": 185.7
        },
        "20114": {
            "year_quarter": 20114,
            "year": 2011,
            "quarter": 4,
            "eps": 0.24,
            "eps_growth_year": 32.97,
            "eps_4q": 1.28,
            "eps_4q_growth_year": 20.88,
            "roe": 1.36,
            "gross_profit": 206922,
            "gross_margin": 22.69,
            "net_income": 57425,
            "revenue": 911958,
            "common_shares": 1898204,
            "equity": 4234575,
            "current_ratio": 278.76,
            "debt_ratio": 29.71,
            "inventory_turnover_ratio": 0.48,
            "account_receivable_turnover_ratio": 0.67,
            "reinvestment_rate": -4.56,
            "research_to_sale_ratio": 1.47,
            "price_fair": 39.7,
            "eps_avg_yearly": 1.13,
            "eps_latest_yearly": 0.96,
            "eps_growth_yearly": 200.42
        },
        "20121": {
            "year_quarter": 20121,
            "year": 2012,
            "quarter": 1,
            "eps": 0.09,
            "eps_growth_year": -52.63,
            "eps_4q": 1.18,
            "eps_4q_growth_year": 9.02,
            "roe": 0.3,
            "gross_profit": 164851,
            "gross_margin": 18.98,
            "net_income": 12796,
            "revenue": 868623,
            "common_shares": 1898204,
            "equity": 4157617,
            "current_ratio": 301.61,
            "debt_ratio": 27.36,
            "inventory_turnover_ratio": 0.5,
            "account_receivable_turnover_ratio": 0.69,
            "reinvestment_rate": 2.49,
            "research_to_sale_ratio": 1.68,
            "price_fair": 39.3,
            "eps_avg_yearly": 1.12,
            "eps_latest_yearly": 0.36,
            "eps_growth_yearly": 25.42
        },
        "20122": {
            "year_quarter": 20122,
            "year": 2012,
            "quarter": 2,
            "eps": 0.24,
            "eps_growth_year": -48.31,
            "eps_4q": 0.95,
            "eps_4q_growth_year": -17.51,
            "roe": 1.38,
            "gross_profit": 218944,
            "gross_margin": 20.94,
            "net_income": 57298,
            "revenue": 1045811,
            "common_shares": 1898204,
            "equity": 4124456,
            "current_ratio": 259.87,
            "debt_ratio": 32.49,
            "inventory_turnover_ratio": 0.62,
            "account_receivable_turnover_ratio": 0.81,
            "reinvestment_rate": 6.91,
            "research_to_sale_ratio": 1.83,
            "price_fair": 39.5,
            "eps_avg_yearly": 1.13,
            "eps_latest_yearly": 0.96,
            "eps_growth_yearly": 53.26
        },
        "20123": {
            "year_quarter": 20123,
            "year": 2012,
            "quarter": 3,
            "eps": 0.28,
            "eps_growth_year": -26.09,
            "eps_4q": 0.86,
            "eps_4q_growth_year": -29.64,
            "roe": 1.45,
            "gross_profit": 198907,
            "gross_margin": 19.43,
            "net_income": 59900,
            "revenue": 1023857,
            "common_shares": 1898204,
            "equity": 4149660,
            "current_ratio": 272.45,
            "debt_ratio": 31.07,
            "inventory_turnover_ratio": 0.6,
            "account_receivable_turnover_ratio": 0.77,
            "reinvestment_rate": -2.51,
            "research_to_sale_ratio": 1.68,
            "price_fair": 40.6,
            "eps_avg_yearly": 1.16,
            "eps_latest_yearly": 1.12,
            "eps_growth_yearly": 64.51
        },
        "20124": {
            "year_quarter": 20124,
            "year": 2012,
            "quarter": 4,
            "eps": 0.03,
            "eps_growth_year": -88,
            "eps_4q": 0.64,
            "eps_4q_growth_year": -49.43,
            "roe": -0.03,
            "gross_profit": 157972,
            "gross_margin": 17.5,
            "net_income": -1078,
            "revenue": 902782,
            "common_shares": 1898204,
            "equity": 4139117,
            "current_ratio": 326.9,
            "debt_ratio": 29.06,
            "inventory_turnover_ratio": 0.58,
            "account_receivable_turnover_ratio": 0.73,
            "reinvestment_rate": -9.91,
            "research_to_sale_ratio": 1.94,
            "price_fair": 39.5,
            "eps_avg_yearly": 1.13,
            "eps_latest_yearly": 0.12,
            "eps_growth_yearly": 44.05
        },
        "20131": {
            "year_quarter": 20131,
            "year": 2013,
            "quarter": 1,
            "eps": -0.04,
            "eps_growth_year": -144.44,
            "eps_4q": 0.51,
            "eps_4q_growth_year": -56.97,
            "roe": -0.6,
            "gross_profit": 92425,
            "gross_margin": 13.11,
            "net_income": -24986,
            "revenue": 704948,
            "common_shares": 1898204,
            "equity": 4163179,
            "current_ratio": 353.77,
            "debt_ratio": 27.54,
            "inventory_turnover_ratio": 0.53,
            "account_receivable_turnover_ratio": 0.65,
            "reinvestment_rate": 4.57,
            "research_to_sale_ratio": 2.04,
            "price_fair": 39.5,
            "eps_avg_yearly": 1.13,
            "eps_latest_yearly": 0.12,
            "eps_growth_yearly": 44.05
        },
        "20132": {
            "year_quarter": 20132,
            "year": 2013,
            "quarter": 2,
            "eps": 0.3,
            "eps_growth_year": 22.54,
            "eps_4q": 0.56,
            "eps_4q_growth_year": -41.1,
            "roe": 1.49,
            "gross_profit": 202572,
            "gross_margin": 21.68,
            "net_income": 62010,
            "revenue": 934307,
            "common_shares": 1898204,
            "equity": 4187435,
            "current_ratio": 325.95,
            "debt_ratio": 28.93,
            "inventory_turnover_ratio": 0.68,
            "account_receivable_turnover_ratio": 0.87,
            "reinvestment_rate": -4.96,
            "research_to_sale_ratio": 1.92,
            "price_fair": 39.5,
            "eps_avg_yearly": 1.13,
            "eps_latest_yearly": 0.12,
            "eps_growth_yearly": 44.05
        },
        "20133": {
            "year_quarter": 20133,
            "year": 2013,
            "quarter": 3,
            "eps": 0.33,
            "eps_growth_year": 19.18,
            "eps_4q": 0.62,
            "eps_4q_growth_year": -27.95,
            "roe": 1.88,
            "gross_profit": 243597,
            "gross_margin": 24.31,
            "net_income": 79166,
            "revenue": 1002072,
            "common_shares": 1898204,
            "equity": 4239156,
            "current_ratio": 316.8,
            "debt_ratio": 28.8,
            "inventory_turnover_ratio": 0.69,
            "account_receivable_turnover_ratio": 0.91,
            "reinvestment_rate": -12.02,
            "research_to_sale_ratio": 1.68,
            "price_fair": 35.9,
            "eps_avg_yearly": 1.03,
            "eps_latest_yearly": 1.32,
            "eps_growth_yearly": 36.82
        },
        "20134": {
            "year_quarter": 20134,
            "year": 2013,
            "quarter": 4,
            "eps": 0.16,
            "eps_growth_year": 469.43,
            "eps_4q": 0.75,
            "eps_4q_growth_year": 16.5,
            "roe": 0.88,
            "gross_profit": 199759,
            "gross_margin": 23.2,
            "net_income": 37904,
            "revenue": 861200,
            "common_shares": 1898204,
            "equity": 4335496,
            "current_ratio": 332.28,
            "debt_ratio": 27.07,
            "inventory_turnover_ratio": 0.58,
            "account_receivable_turnover_ratio": 0.78,
            "reinvestment_rate": 3.27,
            "research_to_sale_ratio": 2.29,
            "price_fair": 35.4,
            "eps_avg_yearly": 1.01,
            "eps_latest_yearly": 0.64,
            "eps_growth_yearly": 41.98
        },
        "20141": {
            "year_quarter": 20141,
            "year": 2014,
            "quarter": 1,
            "eps": 0.11,
            "eps_growth_year": null,
            "eps_4q": 0.9,
            "eps_4q_growth_year": 77.85,
            "roe": 0.28,
            "gross_profit": 141798,
            "gross_margin": 18.38,
            "net_income": 12307,
            "revenue": 771522,
            "common_shares": 1898204,
            "equity": 4349341,
            "current_ratio": 345.17,
            "debt_ratio": 26.13,
            "inventory_turnover_ratio": 0.57,
            "account_receivable_turnover_ratio": 0.7,
            "reinvestment_rate": 13.48,
            "research_to_sale_ratio": 1.85,
            "price_fair": 34.7,
            "eps_avg_yearly": 0.99,
            "eps_latest_yearly": 0.44,
            "eps_growth_yearly": 37.13
        },
        "20142": {
            "year_quarter": 20142,
            "year": 2014,
            "quarter": 2,
            "eps": 0.28,
            "eps_growth_year": -6.67,
            "eps_4q": 0.89,
            "eps_4q_growth_year": 57.8,
            "roe": 1.55,
            "gross_profit": 230614,
            "gross_margin": 24.61,
            "net_income": 67002,
            "revenue": 936895,
            "common_shares": 1898204,
            "equity": 4278184,
            "current_ratio": 326.51,
            "debt_ratio": 26.69,
            "inventory_turnover_ratio": 0.68,
            "account_receivable_turnover_ratio": 0.82,
            "reinvestment_rate": 11.95,
            "research_to_sale_ratio": 2.08,
            "price_fair": 33.1,
            "eps_avg_yearly": 0.95,
            "eps_latest_yearly": 1.12,
            "eps_growth_yearly": 40.02
        },
        "20143": {
            "year_quarter": 20143,
            "year": 2014,
            "quarter": 3,
            "eps": 0.28,
            "eps_growth_year": -15.15,
            "eps_4q": 0.83,
            "eps_4q_growth_year": 35.01,
            "roe": 1.48,
            "gross_profit": 228743,
            "gross_margin": 22.22,
            "net_income": 64134,
            "revenue": 1029213,
            "common_shares": 1898204,
            "equity": 4410430,
            "current_ratio": 325.46,
            "debt_ratio": 26.78,
            "inventory_turnover_ratio": 0.78,
            "account_receivable_turnover_ratio": 0.83,
            "reinvestment_rate": 15.02,
            "research_to_sale_ratio": 2,
            "price_fair": 32.5,
            "eps_avg_yearly": 0.93,
            "eps_latest_yearly": 1.12,
            "eps_growth_yearly": 46.51
        },
        "20144": {
            "year_quarter": 20144,
            "year": 2014,
            "quarter": 4,
            "eps": 0.2,
            "eps_growth_year": 21.12,
            "eps_4q": 0.87,
            "eps_4q_growth_year": 15.37,
            "roe": 0.7,
            "gross_profit": 181165,
            "gross_margin": 21.54,
            "net_income": 31317,
            "revenue": 840937,
            "common_shares": 1898204,
            "equity": 4551622,
            "current_ratio": 397.05,
            "debt_ratio": 23.91,
            "inventory_turnover_ratio": 0.67,
            "account_receivable_turnover_ratio": 0.68,
            "reinvestment_rate": 15.26,
            "research_to_sale_ratio": 2.15,
            "price_fair": 32.7,
            "eps_avg_yearly": 0.93,
            "eps_latest_yearly": 0.8,
            "eps_growth_yearly": 51.79
        },
        "20151": {
            "year_quarter": 20151,
            "year": 2015,
            "quarter": 1,
            "eps": 0.15,
            "eps_growth_year": 36.36,
            "eps_4q": 0.9,
            "eps_4q_growth_year": -0.23,
            "roe": 0.35,
            "gross_profit": 148129,
            "gross_margin": 22.09,
            "net_income": 15679,
            "revenue": 670495,
            "common_shares": 1898204,
            "equity": 4514866,
            "current_ratio": 430.65,
            "debt_ratio": 22.71,
            "inventory_turnover_ratio": 0.54,
            "account_receivable_turnover_ratio": 0.59,
            "reinvestment_rate": 5.1,
            "research_to_sale_ratio": 1.96,
            "price_fair": 32.3,
            "eps_avg_yearly": 0.92,
            "eps_latest_yearly": 0.6,
            "eps_growth_yearly": 43.06
        },
        "20152": {
            "year_quarter": 20152,
            "year": 2015,
            "quarter": 2,
            "eps": 0.06,
            "eps_growth_year": -78.57,
            "eps_4q": 0.69,
            "eps_4q_growth_year": -22.41,
            "roe": 0.2,
            "gross_profit": 165643,
            "gross_margin": 21.93,
            "net_income": 9100,
            "revenue": 755490,
            "common_shares": 1898204,
            "equity": 4368971,
            "current_ratio": 365.51,
            "debt_ratio": 24.54,
            "inventory_turnover_ratio": 0.6,
            "account_receivable_turnover_ratio": 0.73,
            "reinvestment_rate": 3,
            "research_to_sale_ratio": 2.21,
            "price_fair": 2.42,
            "eps_avg_yearly": 0.81,
            "eps_latest_yearly": 0.24,
            "eps_growth_yearly": -16.19
        },
        "20153": {
            "year_quarter": 20153,
            "year": 2015,
            "quarter": 3,
            "eps": 0.12,
            "eps_growth_year": -57.14,
            "eps_4q": 0.53,
            "eps_4q_growth_year": -36.32,
            "roe": 0.5,
            "gross_profit": 138447,
            "gross_margin": 19.75,
            "net_income": 22400,
            "revenue": 701090,
            "common_shares": 1898204,
            "equity": 4533015,
            "current_ratio": 399.48,
            "debt_ratio": 23.9,
            "inventory_turnover_ratio": 0.57,
            "account_receivable_turnover_ratio": 0.71,
            "reinvestment_rate": -4.24,
            "research_to_sale_ratio": 2.21,
            "price_fair": 20.9,
            "eps_avg_yearly": 0.73,
            "eps_latest_yearly": 0.48,
            "eps_growth_yearly": 18.46
        },
        "20154": {
            "year_quarter": 20154,
            "year": 2015,
            "quarter": 4,
            "eps": 0.05,
            "eps_growth_year": -72.28,
            "eps_4q": 0.39,
            "eps_4q_growth_year": -55.39,
            "roe": -0.05,
            "gross_profit": 149184,
            "gross_margin": 21.26,
            "net_income": -2166,
            "revenue": 701671,
            "common_shares": 1898204,
            "equity": 4443177,
            "current_ratio": 414.36,
            "debt_ratio": 22.86,
            "inventory_turnover_ratio": 0.6,
            "account_receivable_turnover_ratio": 0.72,
            "reinvestment_rate": -6.18,
            "research_to_sale_ratio": 2.74,
            "price_fair": 14.85,
            "eps_avg_yearly": 0.68,
            "eps_latest_yearly": 0.2,
            "eps_growth_yearly": 11.84
        },
        "20161": {
            "year_quarter": 20161,
            "year": 2016,
            "quarter": 1,
            "eps": 0.21,
            "eps_growth_year": 40,
            "eps_4q": 0.45,
            "eps_4q_growth_year": -50.09,
            "roe": 0.62,
            "gross_profit": 150939,
            "gross_margin": 23.86,
            "net_income": 27735,
            "revenue": 632561,
            "common_shares": 1898204,
            "equity": 4447962,
            "current_ratio": 403.73,
            "debt_ratio": 21.73,
            "inventory_turnover_ratio": 0.56,
            "account_receivable_turnover_ratio": 0.68,
            "reinvestment_rate": -8.44,
            "research_to_sale_ratio": 2.08,
            "price_fair": 25,
            "eps_avg_yearly": 0.71,
            "eps_latest_yearly": 0.84,
            "eps_growth_yearly": 121.12
        },
        "20162": {
            "year_quarter": 20162,
            "year": 2016,
            "quarter": 2,
            "eps": 0.31,
            "eps_growth_year": 416.67,
            "eps_4q": 0.7,
            "eps_4q_growth_year": 1.66,
            "roe": 1.09,
            "gross_profit": 180750,
            "gross_margin": 25.1,
            "net_income": 47817,
            "revenue": 720246,
            "common_shares": 1898204,
            "equity": 4356861,
            "current_ratio": 418.18,
            "debt_ratio": 21.08,
            "inventory_turnover_ratio": 0.63,
            "account_receivable_turnover_ratio": 0.76,
            "reinvestment_rate": -18.64,
            "research_to_sale_ratio": 2.46,
            "price_fair": 25.7,
            "eps_avg_yearly": 0.73,
            "eps_latest_yearly": 1.24,
            "eps_growth_yearly": 87.11
        },
        "20163": {
            "year_quarter": 20163,
            "year": 2016,
            "quarter": 3,
            "eps": 0.09,
            "eps_growth_year": -25,
            "eps_4q": 0.75,
            "eps_4q_growth_year": 42.03,
            "roe": 0.25,
            "gross_profit": 137917,
            "gross_margin": 23.23,
            "net_income": 10677,
            "revenue": 593759,
            "common_shares": 1670419,
            "equity": 4063474,
            "current_ratio": 334.29,
            "debt_ratio": 24.61,
            "inventory_turnover_ratio": 0.53,
            "account_receivable_turnover_ratio": 0.64,
            "reinvestment_rate": -19.74,
            "research_to_sale_ratio": 2.76,
            "price_fair": 23.8,
            "eps_avg_yearly": 0.68,
            "eps_latest_yearly": 0.36,
            "eps_growth_yearly": 62.07
        },
        "20164": {
            "year_quarter": 20164,
            "year": 2016,
            "quarter": 4,
            "eps": -0.01,
            "eps_growth_year": -122.11,
            "eps_4q": 0.68,
            "eps_4q_growth_year": 75.35,
            "roe": -0.27,
            "gross_profit": 133140,
            "gross_margin": 22.32,
            "net_income": -11024,
            "revenue": 596510,
            "common_shares": 1670419,
            "equity": 4038272,
            "current_ratio": 348.77,
            "debt_ratio": 21.49,
            "inventory_turnover_ratio": 0.57,
            "account_receivable_turnover_ratio": 0.74,
            "reinvestment_rate": -16.76,
            "research_to_sale_ratio": 2.53,
            "price_fair": 25.31,
            "eps_avg_yearly": 0.72,
            "eps_latest_yearly": 0.36,
            "eps_growth_yearly": 94.32
        },
        "20171": {
            "year_quarter": 20171,
            "year": 2017,
            "quarter": 1,
            "eps": -0.22,
            "eps_growth_year": -204.76,
            "eps_4q": 0.22,
            "eps_4q_growth_year": -51.38,
            "roe": -1.08,
            "gross_profit": 112120,
            "gross_margin": 20.8,
            "net_income": -42871,
            "revenue": 539067,
            "common_shares": 1670419,
            "equity": 3867970,
            "current_ratio": 308.36,
            "debt_ratio": 22.92,
            "inventory_turnover_ratio": 0.56,
            "account_receivable_turnover_ratio": 0.76,
            "reinvestment_rate": -49.49,
            "research_to_sale_ratio": 3.14,
            "price_fair": 25.31,
            "eps_avg_yearly": 0.72,
            "eps_latest_yearly": 0.36,
            "eps_growth_yearly": 94.32
        },
        "20172": {
            "year_quarter": 20172,
            "year": 2017,
            "quarter": 2,
            "eps": 0.15,
            "eps_growth_year": -51.61,
            "eps_4q": 0.01,
            "eps_4q_growth_year": -98.09,
            "roe": 1.67,
            "gross_profit": 118555,
            "gross_margin": 20.88,
            "net_income": 65159,
            "revenue": 567777,
            "common_shares": 1670419,
            "equity": 3918555,
            "current_ratio": 305.5,
            "debt_ratio": 24.13,
            "inventory_turnover_ratio": 0.59,
            "account_receivable_turnover_ratio": 0.83,
            "reinvestment_rate": -54.85,
            "research_to_sale_ratio": 3.44,
            "price_fair": 25.31,
            "eps_avg_yearly": 0.72,
            "eps_latest_yearly": 0.36,
            "eps_growth_yearly": 94.32
        },
        "20173": {
            "year_quarter": 20173,
            "year": 2017,
            "quarter": 3,
            "eps": 0.09,
            "eps_growth_year": 0,
            "eps_4q": 0.01,
            "eps_4q_growth_year": -98.35,
            "roe": 0.51,
            "gross_profit": 144333,
            "gross_margin": 20.84,
            "net_income": 20129,
            "revenue": 692556,
            "common_shares": 1670419,
            "equity": 3959619,
            "current_ratio": 304.5,
            "debt_ratio": 23.71,
            "inventory_turnover_ratio": 0.68,
            "account_receivable_turnover_ratio": 0.97,
            "reinvestment_rate": -55.64,
            "research_to_sale_ratio": 2.14,
            "price_fair": 22.72,
            "eps_avg_yearly": 0.65,
            "eps_latest_yearly": 0.36,
            "eps_growth_yearly": 78.93
        },
        "20174": {
            "year_quarter": 20174,
            "year": 2017,
            "quarter": 4,
            "eps": -0.12,
            "eps_growth_year": null,
            "eps_4q": -0.09,
            "eps_4q_growth_year": -113.64,
            "roe": -0.66,
            "gross_profit": 126251,
            "gross_margin": 20.38,
            "net_income": -25845,
            "revenue": 619449,
            "common_shares": 1670419,
            "equity": 3923196,
            "current_ratio": 338.42,
            "debt_ratio": 22.82,
            "inventory_turnover_ratio": 0.59,
            "account_receivable_turnover_ratio": 0.84,
            "reinvestment_rate": -65.36,
            "research_to_sale_ratio": 2.54,
            "price_fair": 22.75,
            "eps_avg_yearly": 0.65,
            "eps_latest_yearly": 0.36,
            "eps_growth_yearly": 102.68
        },
        "20181": {
            "year_quarter": 20181,
            "year": 2018,
            "quarter": 1,
            "eps": -0.19,
            "eps_growth_year": null,
            "eps_4q": -0.06,
            "eps_4q_growth_year": -127.35,
            "roe": -1.08,
            "gross_profit": 96714,
            "gross_margin": 17.78,
            "net_income": -42054,
            "revenue": 543823,
            "common_shares": 1670419,
            "equity": 3892081,
            "current_ratio": 325.08,
            "debt_ratio": 23.51,
            "inventory_turnover_ratio": 0.52,
            "account_receivable_turnover_ratio": 0.78,
            "reinvestment_rate": -102.22,
            "research_to_sale_ratio": 2.55,
            "price_fair": 23.42,
            "eps_avg_yearly": 0.67,
            "eps_latest_yearly": 0.36,
            "eps_growth_yearly": 123.38
        },
        "20182": {
            "year_quarter": 20182,
            "year": 2018,
            "quarter": 2,
            "eps": 0.17,
            "eps_growth_year": 13.33,
            "eps_4q": -0.04,
            "eps_4q_growth_year": -407.28,
            "roe": 0.77,
            "gross_profit": 143587,
            "gross_margin": 20.68,
            "net_income": 30094,
            "revenue": 694369,
            "common_shares": 1670419,
            "equity": 3903847,
            "current_ratio": 317.39,
            "debt_ratio": 23.93,
            "inventory_turnover_ratio": 0.61,
            "account_receivable_turnover_ratio": 0.98,
            "reinvestment_rate": -72.34,
            "research_to_sale_ratio": 2.26,
            "price_fair": 21.84,
            "eps_avg_yearly": 0.62,
            "eps_latest_yearly": 0.36,
            "eps_growth_yearly": 73.9
        },
        "20183": {
            "year_quarter": 20183,
            "year": 2018,
            "quarter": 3,
            "eps": 0.1,
            "eps_growth_year": 11.11,
            "eps_4q": -0.04,
            "eps_4q_growth_year": -419.47,
            "roe": 0.35,
            "gross_profit": 137728,
            "gross_margin": 20.87,
            "net_income": 13686,
            "revenue": 659925,
            "common_shares": 1670419,
            "equity": 3809726,
            "current_ratio": 305.24,
            "debt_ratio": 24.22,
            "inventory_turnover_ratio": 0.58,
            "account_receivable_turnover_ratio": 0.9,
            "reinvestment_rate": -93.16,
            "research_to_sale_ratio": 1.93,
            "price_fair": 19.32,
            "eps_avg_yearly": 0.55,
            "eps_latest_yearly": 0.4,
            "eps_growth_yearly": 57.43
        },
        "20184": {
            "year_quarter": 20184,
            "year": 2018,
            "quarter": 4,
            "eps": -0.08,
            "eps_growth_year": null,
            "eps_4q": 0,
            "eps_4q_growth_year": null,
            "roe": -0.54,
            "gross_profit": 98331,
            "gross_margin": 16.97,
            "net_income": -20740,
            "revenue": 579366,
            "common_shares": 1670419,
            "equity": 3801844,
            "current_ratio": 353.47,
            "debt_ratio": 21.07,
            "inventory_turnover_ratio": 0.55,
            "account_receivable_turnover_ratio": 0.84,
            "reinvestment_rate": -101.6,
            "research_to_sale_ratio": 2.28,
            "price_fair": 18.36,
            "eps_avg_yearly": 0.52,
            "eps_latest_yearly": 0.4,
            "eps_growth_yearly": 76.51
        },
        "20191": {
            "year_quarter": 20191,
            "year": 2019,
            "quarter": 1,
            "eps": -0.18,
            "eps_growth_year": null,
            "eps_4q": 0.01,
            "eps_4q_growth_year": null,
            "roe": -1.23,
            "gross_profit": 73994,
            "gross_margin": 15.02,
            "net_income": -46572,
            "revenue": 492769,
            "common_shares": 1670419,
            "equity": 3794184,
            "current_ratio": 378.68,
            "debt_ratio": 20.21,
            "inventory_turnover_ratio": 0.48,
            "account_receivable_turnover_ratio": 0.74,
            "reinvestment_rate": -119.66,
            "research_to_sale_ratio": 3.01,
            "price_fair": 18.03,
            "eps_avg_yearly": 0.52,
            "eps_latest_yearly": 0.4,
            "eps_growth_yearly": 98.57
        },
        "20192": {
            "year_quarter": 20192,
            "year": 2019,
            "quarter": 2,
            "eps": 0.06,
            "eps_growth_year": -64.71,
            "eps_4q": -0.1,
            "eps_4q_growth_year": null,
            "roe": 0.18,
            "gross_profit": 109091,
            "gross_margin": 17.54,
            "net_income": 6832,
            "revenue": 622012,
            "common_shares": 1670419,
            "equity": 3752445,
            "current_ratio": 346.24,
            "debt_ratio": 21.31,
            "inventory_turnover_ratio": 0.61,
            "account_receivable_turnover_ratio": 0.91,
            "reinvestment_rate": -102.96,
            "research_to_sale_ratio": 2.03,
            "price_fair": 19.4,
            "eps_avg_yearly": 0.55,
            "eps_latest_yearly": 0.4,
            "eps_growth_yearly": 146.94
        },
        "20193": {
            "year_quarter": 20193,
            "year": 2019,
            "quarter": 3,
            "eps": -0.02,
            "eps_growth_year": -120,
            "eps_4q": -0.22,
            "eps_4q_growth_year": null,
            "roe": -0.22,
            "gross_profit": 100519,
            "gross_margin": 16.71,
            "net_income": -8159,
            "revenue": 601515,
            "common_shares": 1670419,
            "equity": 3688851,
            "current_ratio": 328.84,
            "debt_ratio": 21.82,
            "inventory_turnover_ratio": 0.63,
            "account_receivable_turnover_ratio": 0.85,
            "reinvestment_rate": -129.22,
            "research_to_sale_ratio": 2.33,
            "price_fair": 19.83,
            "eps_avg_yearly": 0.57,
            "eps_latest_yearly": 0.4,
            "eps_growth_yearly": 104.76
        },
        "20194": {
            "year_quarter": 20194,
            "year": 2019,
            "quarter": 4,
            "eps": -0.1,
            "eps_growth_year": null,
            "eps_4q": -0.24,
            "eps_4q_growth_year": -72944.48,
            "roe": -0.85,
            "gross_profit": 105471,
            "gross_margin": 18.81,
            "net_income": -30974,
            "revenue": 560617,
            "common_shares": 1670419,
            "equity": 3627375,
            "current_ratio": 336.7,
            "debt_ratio": 20.88,
            "inventory_turnover_ratio": 0.63,
            "account_receivable_turnover_ratio": 0.82,
            "reinvestment_rate": -221.23,
            "research_to_sale_ratio": 2.14,
            "price_fair": 22.4,
            "eps_avg_yearly": 0.64,
            "eps_latest_yearly": 0.4,
            "eps_growth_yearly": 172.38
        },
        "20201": {
            "year_quarter": 20201,
            "year": 2020,
            "quarter": 1,
            "eps": -0.14,
            "eps_growth_year": null,
            "eps_4q": -0.21,
            "eps_4q_growth_year": -3336.01,
            "roe": -1.09,
            "gross_profit": 79665,
            "gross_margin": 16.68,
            "net_income": -39393,
            "revenue": 477553,
            "common_shares": 1670419,
            "equity": 3572793,
            "current_ratio": 319.86,
            "debt_ratio": 21.38,
            "inventory_turnover_ratio": 0.58,
            "account_receivable_turnover_ratio": 0.74,
            "reinvestment_rate": null,
            "research_to_sale_ratio": 2.26,
            "price_fair": 1.77,
            "eps_avg_yearly": 0.59,
            "eps_latest_yearly": 0.4,
            "eps_growth_yearly": -104.53
        },
        "20202": {
            "year_quarter": 20202,
            "year": 2020,
            "quarter": 2,
            "eps": -0.13,
            "eps_growth_year": -316.67,
            "eps_4q": -0.4,
            "eps_4q_growth_year": null,
            "roe": -0.77,
            "gross_profit": 58124,
            "gross_margin": 16.99,
            "net_income": -27145,
            "revenue": 342126,
            "common_shares": 1670419,
            "equity": 3453561,
            "current_ratio": 346.23,
            "debt_ratio": 20.14,
            "inventory_turnover_ratio": 0.41,
            "account_receivable_turnover_ratio": 0.61,
            "reinvestment_rate": null,
            "research_to_sale_ratio": 3.23,
            "price_fair": 1.12,
            "eps_avg_yearly": 0.37,
            "eps_latest_yearly": 0.4,
            "eps_growth_yearly": -202.86
        },
        "20203": {
            "year_quarter": 20203,
            "year": 2020,
            "quarter": 3,
            "eps": 0.06,
            "eps_growth_year": null,
            "eps_4q": -0.32,
            "eps_4q_growth_year": null,
            "roe": 0.18,
            "gross_profit": 102121,
            "gross_margin": 19.7,
            "net_income": 6145,
            "revenue": 518296,
            "common_shares": 1670419,
            "equity": 3474341,
            "current_ratio": 341.46,
            "debt_ratio": 20.02,
            "inventory_turnover_ratio": 0.64,
            "account_receivable_turnover_ratio": 1,
            "reinvestment_rate": null,
            "research_to_sale_ratio": 2.15,
            "price_fair": 1.14,
            "eps_avg_yearly": 0.38,
            "eps_latest_yearly": 0.4,
            "eps_growth_yearly": -162.35
        },
        "20204": {
            "year_quarter": 20204,
            "year": 2020,
            "quarter": 4,
            "eps": -0.14,
            "eps_growth_year": null,
            "eps_4q": -0.36,
            "eps_4q_growth_year": null,
            "roe": -1.03,
            "gross_profit": 92768,
            "gross_margin": 17.75,
            "net_income": -35730,
            "revenue": 522548,
            "common_shares": 1670419,
            "equity": 3469158,
            "current_ratio": 360.92,
            "debt_ratio": 19.24,
            "inventory_turnover_ratio": 0.7,
            "account_receivable_turnover_ratio": 0.96,
            "reinvestment_rate": null,
            "research_to_sale_ratio": 2.21,
            "price_fair": 1.14,
            "eps_avg_yearly": 0.38,
            "eps_latest_yearly": 0.4,
            "eps_growth_yearly": -162.35
        },
        "20211": {
            "year_quarter": 20211,
            "year": 2021,
            "quarter": 1,
            "eps": 0.08,
            "eps_growth_year": null,
            "eps_4q": -0.14,
            "eps_4q_growth_year": null,
            "roe": 0.3,
            "gross_profit": 108750,
            "gross_margin": 20.99,
            "net_income": 10438,
            "revenue": 518176,
            "common_shares": 1670419,
            "equity": 3468433,
            "current_ratio": 324.56,
            "debt_ratio": 20.61,
            "inventory_turnover_ratio": 0.64,
            "account_receivable_turnover_ratio": 0.92,
            "reinvestment_rate": null,
            "research_to_sale_ratio": 2.04,
            "price_fair": 1.14,
            "eps_avg_yearly": 0.38,
            "eps_latest_yearly": 0.4,
            "eps_growth_yearly": -162.35
        },
        "20212": {
            "year_quarter": 20212,
            "year": 2021,
            "quarter": 2,
            "eps": 0.05,
            "eps_growth_year": null,
            "eps_4q": 0.04,
            "eps_4q_growth_year": null,
            "roe": 0.1,
            "gross_profit": 112552,
            "gross_margin": 21.06,
            "net_income": 3336,
            "revenue": 534453,
            "common_shares": 1670419,
            "equity": 3449514,
            "current_ratio": 297.86,
            "debt_ratio": 20.88,
            "inventory_turnover_ratio": 0.63,
            "account_receivable_turnover_ratio": 0.96,
            "reinvestment_rate": null,
            "research_to_sale_ratio": 2.2,
            "price_fair": 0.96,
            "eps_avg_yearly": 0.32,
            "eps_latest_yearly": 0.2,
            "eps_growth_yearly": -158.24
        },
        "20213": {
            "year_quarter": 20213,
            "year": 2021,
            "quarter": 3,
            "eps": 0.04,
            "eps_growth_year": -33.33,
            "eps_4q": 0.03,
            "eps_4q_growth_year": null,
            "roe": 0.08,
            "gross_profit": 119575,
            "gross_margin": 21.67,
            "net_income": 2741,
            "revenue": 551757,
            "common_shares": 1670419,
            "equity": 3358633,
            "current_ratio": 260.79,
            "debt_ratio": 22.54,
            "inventory_turnover_ratio": 0.62,
            "account_receivable_turnover_ratio": 1.05,
            "reinvestment_rate": null,
            "research_to_sale_ratio": 1.91,
            "price_fair": 0.76,
            "eps_avg_yearly": 0.25,
            "eps_latest_yearly": 0.16,
            "eps_growth_yearly": -131.57
        },
        "20214": {
            "year_quarter": 20214,
            "year": 2021,
            "quarter": 4,
            "eps": 0.08,
            "eps_growth_year": null,
            "eps_4q": 0.25,
            "eps_4q_growth_year": null,
            "roe": 0.38,
            "gross_profit": 101851,
            "gross_margin": 17.13,
            "net_income": 12812,
            "revenue": 594411,
            "common_shares": 1670419,
            "equity": 3378389,
            "current_ratio": 259.34,
            "debt_ratio": 22.94,
            "inventory_turnover_ratio": 0.7,
            "account_receivable_turnover_ratio": 1.12,
            "reinvestment_rate": null,
            "research_to_sale_ratio": 1.93,
            "price_fair": 3.06,
            "eps_avg_yearly": 0.27,
            "eps_latest_yearly": 0.32,
            "eps_growth_yearly": 1.32
        },
        "20221": {
            "year_quarter": 20221,
            "year": 2022,
            "quarter": 1,
            "eps": 0.1,
            "eps_growth_year": 25,
            "eps_4q": 0.27,
            "eps_4q_growth_year": null,
            "roe": 0.22,
            "gross_profit": 112490,
            "gross_margin": 18.45,
            "net_income": 7493,
            "revenue": 609657,
            "common_shares": 1670419,
            "equity": 3445007,
            "current_ratio": 255.07,
            "debt_ratio": 22.75,
            "inventory_turnover_ratio": 0.7,
            "account_receivable_turnover_ratio": 1.09,
            "reinvestment_rate": null,
            "research_to_sale_ratio": 2.01,
            "price_fair": 9.19,
            "eps_avg_yearly": 0.3,
            "eps_latest_yearly": 0.4,
            "eps_growth_yearly": 21.06
        },
        "20222": {
            "year_quarter": 20222,
            "year": 2022,
            "quarter": 2,
            "eps": 0.21,
            "eps_growth_year": 320,
            "eps_4q": 0.43,
            "eps_4q_growth_year": 878.16,
            "roe": 1.1,
            "gross_profit": 143053,
            "gross_margin": 21.8,
            "net_income": 37816,
            "revenue": 656212,
            "common_shares": 1670419,
            "equity": 3432373,
            "current_ratio": 230.41,
            "debt_ratio": 26.28,
            "inventory_turnover_ratio": 0.65,
            "account_receivable_turnover_ratio": 1.09,
            "reinvestment_rate": null,
            "research_to_sale_ratio": 2.65,
            "price_fair": 13.53,
            "eps_avg_yearly": 0.39,
            "eps_latest_yearly": 0.84,
            "eps_growth_yearly": 90.88
        },
        "20223": {
            "year_quarter": 20223,
            "year": 2022,
            "quarter": 3,
            "eps": 0.23,
            "eps_growth_year": 475,
            "eps_4q": 0.61,
            "eps_4q_growth_year": 1848.2,
            "roe": 0.77,
            "gross_profit": 155295,
            "gross_margin": 21.49,
            "net_income": 26510,
            "revenue": 722661,
            "common_shares": 1670419,
            "equity": 3494859,
            "current_ratio": 210.04,
            "debt_ratio": 26.57,
            "inventory_turnover_ratio": 0.66,
            "account_receivable_turnover_ratio": 1.04,
            "reinvestment_rate": 983.62,
            "research_to_sale_ratio": 2.27,
            "price_fair": 16.57,
            "eps_avg_yearly": 0.47,
            "eps_latest_yearly": 0.92,
            "eps_growth_yearly": 124.68
        },
        "20224": {
            "year_quarter": 20224,
            "year": 2022,
            "quarter": 4,
            "eps": -0.16,
            "eps_growth_year": -307.09,
            "eps_4q": 0.38,
            "eps_4q_growth_year": 49.14,
            "roe": -1.15,
            "gross_profit": 118052,
            "gross_margin": 19.56,
            "net_income": -39860,
            "revenue": 603501,
            "common_shares": 1670419,
            "equity": 3419555,
            "current_ratio": 214.12,
            "debt_ratio": 27.74,
            "inventory_turnover_ratio": 0.57,
            "account_receivable_turnover_ratio": 0.87,
            "reinvestment_rate": 6217.02,
            "research_to_sale_ratio": 2.95,
            "price_fair": 16.57,
            "eps_avg_yearly": 0.47,
            "eps_latest_yearly": 0.92,
            "eps_growth_yearly": 124.68
        },
        "20231": {
            "year_quarter": 20231,
            "year": 2023,
            "quarter": 1,
            "eps": -0.08,
            "eps_growth_year": -180,
            "eps_4q": 0.19,
            "eps_4q_growth_year": -28.61,
            "roe": -0.74,
            "gross_profit": 80003,
            "gross_margin": 15.32,
            "net_income": -25182,
            "revenue": 522085,
            "common_shares": 1670419,
            "equity": 3396764,
            "current_ratio": 241.1,
            "debt_ratio": 27.5,
            "inventory_turnover_ratio": 0.55,
            "account_receivable_turnover_ratio": 0.85,
            "reinvestment_rate": 1047.98,
            "research_to_sale_ratio": 2.66,
            "price_fair": 16.57,
            "eps_avg_yearly": 0.47,
            "eps_latest_yearly": 0.92,
            "eps_growth_yearly": 124.68
        }
    },
    "months": {
        "2001-06": {
            "month": "2001-06",
            "price": "9.35",
            "revenue": 138464
        },
        "2001-07": {
            "month": "2001-07",
            "price": "9.19",
            "revenue": 144245
        },
        "2001-08": {
            "month": "2001-08",
            "price": "8.74",
            "revenue": 161418
        },
        "2001-09": {
            "month": "2001-09",
            "price": "7.21",
            "revenue": 118779
        },
        "2001-10": {
            "month": "2001-10",
            "price": "5.91",
            "revenue": 134689
        },
        "2001-11": {
            "month": "2001-11",
            "price": "6.12",
            "revenue": 129339
        },
        "2001-12": {
            "month": "2001-12",
            "price": "6.59",
            "revenue": 119517
        },
        "2002-01": {
            "month": "2002-01",
            "price": "7.13",
            "revenue": 149042
        },
        "2002-02": {
            "month": "2002-02",
            "price": "7.05",
            "revenue": 57429
        },
        "2002-03": {
            "month": "2002-03",
            "price": "7.78",
            "revenue": 151510
        },
        "2002-04": {
            "month": "2002-04",
            "price": "10.88",
            "revenue": 127895
        },
        "2002-05": {
            "month": "2002-05",
            "price": "14.28",
            "revenue": 129635
        },
        "2002-06": {
            "month": "2002-06",
            "price": "13.30",
            "revenue": 123033
        },
        "2002-07": {
            "month": "2002-07",
            "price": "10.19",
            "revenue": 157029
        },
        "2002-08": {
            "month": "2002-08",
            "price": "8.34",
            "revenue": 130564
        },
        "2002-09": {
            "month": "2002-09",
            "price": "6.70",
            "revenue": 164583
        },
        "2002-10": {
            "month": "2002-10",
            "price": "6.25",
            "revenue": 115334
        },
        "2002-11": {
            "month": "2002-11",
            "price": "7.78",
            "revenue": 97899
        },
        "2002-12": {
            "month": "2002-12",
            "price": "8.79",
            "revenue": 107756
        },
        "2003-01": {
            "month": "2003-01",
            "price": "9.46",
            "revenue": 91442
        },
        "2003-02": {
            "month": "2003-02",
            "price": "8.27",
            "revenue": 76309
        },
        "2003-03": {
            "month": "2003-03",
            "price": "7.09",
            "revenue": 110602
        },
        "2003-04": {
            "month": "2003-04",
            "price": "6.62",
            "revenue": 108232
        },
        "2003-05": {
            "month": "2003-05",
            "price": "5.92",
            "revenue": 119937
        },
        "2003-06": {
            "month": "2003-06",
            "price": "6.74",
            "revenue": 131698
        },
        "2003-07": {
            "month": "2003-07",
            "price": "6.80",
            "revenue": 116702
        },
        "2003-08": {
            "month": "2003-08",
            "price": "6.80",
            "revenue": 107811
        },
        "2003-09": {
            "month": "2003-09",
            "price": "6.59",
            "revenue": 103788
        },
        "2003-10": {
            "month": "2003-10",
            "price": "7.26",
            "revenue": 147525
        },
        "2003-11": {
            "month": "2003-11",
            "price": "7.40",
            "revenue": 115865
        },
        "2003-12": {
            "month": "2003-12",
            "price": "7.06",
            "revenue": 109228
        },
        "2004-01": {
            "month": "2004-01",
            "price": "7.72",
            "revenue": 83668
        },
        "2004-02": {
            "month": "2004-02",
            "price": "9.26",
            "revenue": 142454
        },
        "2004-03": {
            "month": "2004-03",
            "price": "9.90",
            "revenue": 148739
        },
        "2004-04": {
            "month": "2004-04",
            "price": "9.91",
            "revenue": 125975
        },
        "2004-05": {
            "month": "2004-05",
            "price": "8.27",
            "revenue": 135294
        },
        "2004-06": {
            "month": "2004-06",
            "price": "8.10",
            "revenue": 152510
        },
        "2004-07": {
            "month": "2004-07",
            "price": "7.84",
            "revenue": 162616
        },
        "2004-08": {
            "month": "2004-08",
            "price": "7.34",
            "revenue": 147696
        },
        "2004-09": {
            "month": "2004-09",
            "price": "7.90",
            "revenue": 131921
        },
        "2004-10": {
            "month": "2004-10",
            "price": "7.82",
            "revenue": 131039
        },
        "2004-11": {
            "month": "2004-11",
            "price": "7.37",
            "revenue": 155383
        },
        "2004-12": {
            "month": "2004-12",
            "price": "7.58",
            "revenue": 180964
        },
        "2005-01": {
            "month": "2005-01",
            "price": "7.93",
            "revenue": 127541
        },
        "2005-02": {
            "month": "2005-02",
            "price": "7.58",
            "revenue": 98925
        },
        "2005-03": {
            "month": "2005-03",
            "price": "7.44",
            "revenue": 163484
        },
        "2005-04": {
            "month": "2005-04",
            "price": "7.07",
            "revenue": 156984
        },
        "2005-05": {
            "month": "2005-05",
            "price": "6.67",
            "revenue": 166862
        },
        "2005-06": {
            "month": "2005-06",
            "price": "6.82",
            "revenue": 142941
        },
        "2005-07": {
            "month": "2005-07",
            "price": "6.70",
            "revenue": 152827
        },
        "2005-08": {
            "month": "2005-08",
            "price": "6.54",
            "revenue": 179260
        },
        "2005-09": {
            "month": "2005-09",
            "price": "6.40",
            "revenue": 147393
        },
        "2005-10": {
            "month": "2005-10",
            "price": "6.00",
            "revenue": 167660
        },
        "2005-11": {
            "month": "2005-11",
            "price": "5.96",
            "revenue": 163994
        },
        "2005-12": {
            "month": "2005-12",
            "price": "6.32",
            "revenue": 189301
        },
        "2006-01": {
            "month": "2006-01",
            "price": "6.30",
            "revenue": 189528
        },
        "2006-02": {
            "month": "2006-02",
            "price": "6.24",
            "revenue": 194015
        },
        "2006-03": {
            "month": "2006-03",
            "price": "6.20",
            "revenue": 235562
        },
        "2006-04": {
            "month": "2006-04",
            "price": "7.24",
            "revenue": 169252
        },
        "2006-05": {
            "month": "2006-05",
            "price": "8.18",
            "revenue": 184484
        },
        "2006-06": {
            "month": "2006-06",
            "price": "7.00",
            "revenue": 233204
        },
        "2006-07": {
            "month": "2006-07",
            "price": "7.13",
            "revenue": 213033
        },
        "2006-08": {
            "month": "2006-08",
            "price": "7.08",
            "revenue": 202743
        },
        "2006-09": {
            "month": "2006-09",
            "price": "7.11",
            "revenue": 209815
        },
        "2006-10": {
            "month": "2006-10",
            "price": "9.35",
            "revenue": 178655
        },
        "2006-11": {
            "month": "2006-11",
            "price": "9.46",
            "revenue": 186021
        },
        "2006-12": {
            "month": "2006-12",
            "price": "12.91",
            "revenue": 203395
        },
        "2007-01": {
            "month": "2007-01",
            "price": "15.46",
            "revenue": 245582
        },
        "2007-02": {
            "month": "2007-02",
            "price": "14.80",
            "revenue": 121453
        },
        "2007-03": {
            "month": "2007-03",
            "price": "15.11",
            "revenue": 257688
        },
        "2007-04": {
            "month": "2007-04",
            "price": "16.58",
            "revenue": 185245
        },
        "2007-05": {
            "month": "2007-05",
            "price": "15.14",
            "revenue": 212131
        },
        "2007-06": {
            "month": "2007-06",
            "price": "16.48",
            "revenue": 187139
        },
        "2007-07": {
            "month": "2007-07",
            "price": "18.63",
            "revenue": 260854
        },
        "2007-08": {
            "month": "2007-08",
            "price": "16.46",
            "revenue": 255842
        },
        "2007-09": {
            "month": "2007-09",
            "price": "15.80",
            "revenue": 190713
        },
        "2007-10": {
            "month": "2007-10",
            "price": "15.52",
            "revenue": 214017
        },
        "2007-11": {
            "month": "2007-11",
            "price": "11.52",
            "revenue": 195366
        },
        "2007-12": {
            "month": "2007-12",
            "price": "10.98",
            "revenue": 151550
        },
        "2008-01": {
            "month": "2008-01",
            "price": "11.25",
            "revenue": 217848
        },
        "2008-02": {
            "month": "2008-02",
            "price": "10.86",
            "revenue": 123483
        },
        "2008-03": {
            "month": "2008-03",
            "price": "12.42",
            "revenue": 184046
        },
        "2008-04": {
            "month": "2008-04",
            "price": "12.78",
            "revenue": 165276
        },
        "2008-05": {
            "month": "2008-05",
            "price": "12.57",
            "revenue": 180449
        },
        "2008-06": {
            "month": "2008-06",
            "price": "12.24",
            "revenue": 168546
        },
        "2008-07": {
            "month": "2008-07",
            "price": "10.37",
            "revenue": 134716
        },
        "2008-08": {
            "month": "2008-08",
            "price": "9.98",
            "revenue": 138126
        },
        "2008-09": {
            "month": "2008-09",
            "price": "7.56",
            "revenue": 121136
        },
        "2008-10": {
            "month": "2008-10",
            "price": "5.89",
            "revenue": 126268
        },
        "2008-11": {
            "month": "2008-11",
            "price": "6.32",
            "revenue": 100025
        },
        "2008-12": {
            "month": "2008-12",
            "price": "6.94",
            "revenue": 111616
        },
        "2009-01": {
            "month": "2009-01",
            "price": "6.50",
            "revenue": 94343
        },
        "2009-02": {
            "month": "2009-02",
            "price": "6.19",
            "revenue": 89733
        },
        "2009-03": {
            "month": "2009-03",
            "price": "6.90",
            "revenue": 135498
        },
        "2009-04": {
            "month": "2009-04",
            "price": "9.27",
            "revenue": 109470
        },
        "2009-05": {
            "month": "2009-05",
            "price": "8.76",
            "revenue": 132351
        },
        "2009-06": {
            "month": "2009-06",
            "price": "8.27",
            "revenue": 129477
        },
        "2009-07": {
            "month": "2009-07",
            "price": "8.81",
            "revenue": 156172
        },
        "2009-08": {
            "month": "2009-08",
            "price": "14.05",
            "revenue": 141508
        },
        "2009-09": {
            "month": "2009-09",
            "price": "16.28",
            "revenue": 123332
        },
        "2009-10": {
            "month": "2009-10",
            "price": "18.62",
            "revenue": 149590
        },
        "2009-11": {
            "month": "2009-11",
            "price": "19.48",
            "revenue": 127514
        },
        "2009-12": {
            "month": "2009-12",
            "price": "21.01",
            "revenue": 133443
        },
        "2010-01": {
            "month": "2010-01",
            "price": "19.89",
            "revenue": 131479
        },
        "2010-02": {
            "month": "2010-02",
            "price": "16.77",
            "revenue": 57242
        },
        "2010-03": {
            "month": "2010-03",
            "price": "20.30",
            "revenue": 150090
        },
        "2010-04": {
            "month": "2010-04",
            "price": "26.40",
            "revenue": 139175
        },
        "2010-05": {
            "month": "2010-05",
            "price": "25.73",
            "revenue": 123863
        },
        "2010-06": {
            "month": "2010-06",
            "price": "25.27",
            "revenue": 138266
        },
        "2010-07": {
            "month": "2010-07",
            "price": "25.82",
            "revenue": 131083
        },
        "2010-08": {
            "month": "2010-08",
            "price": "29.13",
            "revenue": 128345
        },
        "2010-09": {
            "month": "2010-09",
            "price": "29.79",
            "revenue": 183838
        },
        "2010-10": {
            "month": "2010-10",
            "price": "29.94",
            "revenue": 152952
        },
        "2010-11": {
            "month": "2010-11",
            "price": "27.48",
            "revenue": 127817
        },
        "2010-12": {
            "month": "2010-12",
            "price": "26.71",
            "revenue": 134441
        },
        "2011-01": {
            "month": "2011-01",
            "price": "25.21",
            "revenue": 116431
        },
        "2011-02": {
            "month": "2011-02",
            "price": "23.49",
            "revenue": 85851
        },
        "2011-03": {
            "month": "2011-03",
            "price": "24.63",
            "revenue": 131607
        },
        "2011-04": {
            "month": "2011-04",
            "price": "26.33",
            "revenue": 139231
        },
        "2011-05": {
            "month": "2011-05",
            "price": "23.84",
            "revenue": 130144
        },
        "2011-06": {
            "month": "2011-06",
            "price": "21.18",
            "revenue": 145933
        },
        "2011-07": {
            "month": "2011-07",
            "price": "19.05",
            "revenue": 166791
        },
        "2011-08": {
            "month": "2011-08",
            "price": "16.85",
            "revenue": 147243
        },
        "2011-09": {
            "month": "2011-09",
            "price": "15.59",
            "revenue": 126238
        },
        "2011-10": {
            "month": "2011-10",
            "price": "15.09",
            "revenue": 150396
        },
        "2011-11": {
            "month": "2011-11",
            "price": "14.02",
            "revenue": 122800
        },
        "2011-12": {
            "month": "2011-12",
            "price": "12.00",
            "revenue": 195489
        },
        "2012-01": {
            "month": "2012-01",
            "price": "13.31",
            "revenue": 135364
        },
        "2012-02": {
            "month": "2012-02",
            "price": "16.85",
            "revenue": 104206
        },
        "2012-03": {
            "month": "2012-03",
            "price": "18.29",
            "revenue": 166773
        },
        "2012-04": {
            "month": "2012-04",
            "price": "17.50",
            "revenue": 151223
        },
        "2012-05": {
            "month": "2012-05",
            "price": "15.04",
            "revenue": 157526
        },
        "2012-06": {
            "month": "2012-06",
            "price": "13.99",
            "revenue": 138828
        },
        "2012-07": {
            "month": "2012-07",
            "price": "13.95",
            "revenue": 145406
        },
        "2012-08": {
            "month": "2012-08",
            "price": "14.10",
            "revenue": 138765
        },
        "2012-09": {
            "month": "2012-09",
            "price": "14.98",
            "revenue": 163804
        },
        "2012-10": {
            "month": "2012-10",
            "price": "14.17",
            "revenue": 150440
        },
        "2012-11": {
            "month": "2012-11",
            "price": "12.99",
            "revenue": 117747
        },
        "2012-12": {
            "month": "2012-12",
            "price": "14.15",
            "revenue": 168044
        },
        "2013-01": {
            "month": "2013-01",
            "price": "15.18",
            "revenue": 250818
        },
        "2013-02": {
            "month": "2013-02",
            "price": "14.88",
            "revenue": 140003
        },
        "2013-03": {
            "month": "2013-03",
            "price": "14.38",
            "revenue": 314681
        },
        "2013-04": {
            "month": "2013-04",
            "price": "13.48",
            "revenue": 348170
        },
        "2013-05": {
            "month": "2013-05",
            "price": "13.82",
            "revenue": 310477
        },
        "2013-06": {
            "month": "2013-06",
            "price": "13.79",
            "revenue": 274252
        },
        "2013-07": {
            "month": "2013-07",
            "price": "13.44",
            "revenue": 357724
        },
        "2013-08": {
            "month": "2013-08",
            "price": "13.43",
            "revenue": 324199
        },
        "2013-09": {
            "month": "2013-09",
            "price": "14.04",
            "revenue": 322194
        },
        "2013-10": {
            "month": "2013-10",
            "price": "14.27",
            "revenue": 289294
        },
        "2013-11": {
            "month": "2013-11",
            "price": "13.90",
            "revenue": 281361
        },
        "2013-12": {
            "month": "2013-12",
            "price": "15.23",
            "revenue": 289552
        },
        "2014-01": {
            "month": "2014-01",
            "price": "17.20",
            "revenue": 220017
        },
        "2014-02": {
            "month": "2014-02",
            "price": "16.87",
            "revenue": 205096
        },
        "2014-03": {
            "month": "2014-03",
            "price": "18.05",
            "revenue": 346409
        },
        "2014-04": {
            "month": "2014-04",
            "price": "16.46",
            "revenue": 335685
        },
        "2014-05": {
            "month": "2014-05",
            "price": "15.32",
            "revenue": 305448
        },
        "2014-06": {
            "month": "2014-06",
            "price": "15.43",
            "revenue": 324574
        },
        "2014-07": {
            "month": "2014-07",
            "price": "15.17",
            "revenue": 329432
        },
        "2014-08": {
            "month": "2014-08",
            "price": "14.57",
            "revenue": 336917
        },
        "2014-09": {
            "month": "2014-09",
            "price": "15.00",
            "revenue": 333841
        },
        "2014-10": {
            "month": "2014-10",
            "price": "14.13",
            "revenue": 306273
        },
        "2014-11": {
            "month": "2014-11",
            "price": "13.72",
            "revenue": 262935
        },
        "2014-12": {
            "month": "2014-12",
            "price": "14.12",
            "revenue": 275337
        },
        "2015-01": {
            "month": "2015-01",
            "price": "14.27",
            "revenue": 246911
        },
        "2015-02": {
            "month": "2015-02",
            "price": "14.15",
            "revenue": 184787
        },
        "2015-03": {
            "month": "2015-03",
            "price": "14.61",
            "revenue": 238811
        },
        "2015-04": {
            "month": "2015-04",
            "price": "14.70",
            "revenue": 228271
        },
        "2015-05": {
            "month": "2015-05",
            "price": "13.54",
            "revenue": 262318
        },
        "2015-06": {
            "month": "2015-06",
            "price": "12.28",
            "revenue": 262606
        },
        "2015-07": {
            "month": "2015-07",
            "price": "11.11",
            "revenue": 220373
        },
        "2015-08": {
            "month": "2015-08",
            "price": "9.65",
            "revenue": 262513
        },
        "2015-09": {
            "month": "2015-09",
            "price": "9.74",
            "revenue": 226691
        },
        "2015-10": {
            "month": "2015-10",
            "price": "10.42",
            "revenue": 204213
        },
        "2015-11": {
            "month": "2015-11",
            "price": "10.31",
            "revenue": 229367
        },
        "2015-12": {
            "month": "2015-12",
            "price": "9.91",
            "revenue": 263652
        },
        "2016-01": {
            "month": "2016-01",
            "price": "9.92",
            "revenue": 222044
        },
        "2016-02": {
            "month": "2016-02",
            "price": "10.48",
            "revenue": 151138
        },
        "2016-03": {
            "month": "2016-03",
            "price": "10.90",
            "revenue": 259379
        },
        "2016-04": {
            "month": "2016-04",
            "price": "10.66",
            "revenue": 233988
        },
        "2016-05": {
            "month": "2016-05",
            "price": "10.78",
            "revenue": 243694
        },
        "2016-06": {
            "month": "2016-06",
            "price": "10.90",
            "revenue": 242240
        },
        "2016-07": {
            "month": "2016-07",
            "price": "10.84",
            "revenue": 208749
        },
        "2016-08": {
            "month": "2016-08",
            "price": "11.33",
            "revenue": 205976
        },
        "2016-09": {
            "month": "2016-09",
            "price": "12.28",
            "revenue": 178463
        },
        "2016-10": {
            "month": "2016-10",
            "price": "12.80",
            "revenue": 201308
        },
        "2016-11": {
            "month": "2016-11",
            "price": "12.36",
            "revenue": 197622
        },
        "2016-12": {
            "month": "2016-12",
            "price": "12.20",
            "revenue": 197820
        },
        "2017-01": {
            "month": "2017-01",
            "price": "12.25",
            "revenue": 201717
        },
        "2017-02": {
            "month": "2017-02",
            "price": "13.08",
            "revenue": 144244
        },
        "2017-03": {
            "month": "2017-03",
            "price": "12.85",
            "revenue": 193115
        },
        "2017-04": {
            "month": "2017-04",
            "price": "11.85",
            "revenue": 179595
        },
        "2017-05": {
            "month": "2017-05",
            "price": "11.37",
            "revenue": 199754
        },
        "2017-06": {
            "month": "2017-06",
            "price": "11.25",
            "revenue": 188438
        },
        "2017-07": {
            "month": "2017-07",
            "price": "11.50",
            "revenue": 200429
        },
        "2017-08": {
            "month": "2017-08",
            "price": "12.31",
            "revenue": 269609
        },
        "2017-09": {
            "month": "2017-09",
            "price": "12.98",
            "revenue": 222519
        },
        "2017-10": {
            "month": "2017-10",
            "price": "13.08",
            "revenue": 189539
        },
        "2017-11": {
            "month": "2017-11",
            "price": "12.30",
            "revenue": 191745
        },
        "2017-12": {
            "month": "2017-12",
            "price": "12.14",
            "revenue": 238164
        },
        "2018-01": {
            "month": "2018-01",
            "price": "12.86",
            "revenue": 230609
        },
        "2018-02": {
            "month": "2018-02",
            "price": "12.01",
            "revenue": 123333
        },
        "2018-03": {
            "month": "2018-03",
            "price": "12.68",
            "revenue": 189881
        },
        "2018-04": {
            "month": "2018-04",
            "price": "12.40",
            "revenue": 216770
        },
        "2018-05": {
            "month": "2018-05",
            "price": "13.17",
            "revenue": 257356
        },
        "2018-06": {
            "month": "2018-06",
            "price": "14.46",
            "revenue": 219913
        },
        "2018-07": {
            "month": "2018-07",
            "price": "13.55",
            "revenue": 192120
        },
        "2018-08": {
            "month": "2018-08",
            "price": "12.34",
            "revenue": 258999
        },
        "2018-09": {
            "month": "2018-09",
            "price": "11.68",
            "revenue": 209121
        },
        "2018-10": {
            "month": "2018-10",
            "price": "10.89",
            "revenue": 193371
        },
        "2018-11": {
            "month": "2018-11",
            "price": "10.98",
            "revenue": 187423
        },
        "2018-12": {
            "month": "2018-12",
            "price": "10.84",
            "revenue": 198588
        },
        "2019-01": {
            "month": "2019-01",
            "price": "10.48",
            "revenue": 202002
        },
        "2019-02": {
            "month": "2019-02",
            "price": "10.66",
            "revenue": 92619
        },
        "2019-03": {
            "month": "2019-03",
            "price": "10.57",
            "revenue": 198148
        },
        "2019-04": {
            "month": "2019-04",
            "price": "10.38",
            "revenue": 203641
        },
        "2019-05": {
            "month": "2019-05",
            "price": "10.90",
            "revenue": 236875
        },
        "2019-06": {
            "month": "2019-06",
            "price": "15.26",
            "revenue": 181556
        },
        "2019-07": {
            "month": "2019-07",
            "price": "12.74",
            "revenue": 215449
        },
        "2019-08": {
            "month": "2019-08",
            "price": "13.70",
            "revenue": 198213
        },
        "2019-09": {
            "month": "2019-09",
            "price": "12.93",
            "revenue": 187853
        },
        "2019-10": {
            "month": "2019-10",
            "price": "12.63",
            "revenue": 185716
        },
        "2019-11": {
            "month": "2019-11",
            "price": "12.02",
            "revenue": 190600
        },
        "2019-12": {
            "month": "2019-12",
            "price": "11.89",
            "revenue": 183689
        },
        "2020-01": {
            "month": "2020-01",
            "price": "11.68",
            "revenue": 186180
        },
        "2020-02": {
            "month": "2020-02",
            "price": "10.03",
            "revenue": 117468
        },
        "2020-03": {
            "month": "2020-03",
            "price": "8.33",
            "revenue": 173912
        },
        "2020-04": {
            "month": "2020-04",
            "price": "8.43",
            "revenue": 137363
        },
        "2020-05": {
            "month": "2020-05",
            "price": "9.07",
            "revenue": 84378
        },
        "2020-06": {
            "month": "2020-06",
            "price": "9.19",
            "revenue": 120378
        },
        "2020-07": {
            "month": "2020-07",
            "price": "9.88",
            "revenue": 165601
        },
        "2020-08": {
            "month": "2020-08",
            "price": "11.37",
            "revenue": 143107
        },
        "2020-09": {
            "month": "2020-09",
            "price": "11.39",
            "revenue": 209589
        },
        "2020-10": {
            "month": "2020-10",
            "price": "11.58",
            "revenue": 177115
        },
        "2020-11": {
            "month": "2020-11",
            "price": "11.78",
            "revenue": 139469
        },
        "2020-12": {
            "month": "2020-12",
            "price": "12.41",
            "revenue": 205968
        },
        "2021-01": {
            "month": "2021-01",
            "price": "11.30",
            "revenue": 219701
        },
        "2021-02": {
            "month": "2021-02",
            "price": "11.33",
            "revenue": 108824
        },
        "2021-03": {
            "month": "2021-03",
            "price": "12.59",
            "revenue": 190185
        },
        "2021-04": {
            "month": "2021-04",
            "price": "14.74",
            "revenue": 178576
        },
        "2021-05": {
            "month": "2021-05",
            "price": "14.24",
            "revenue": 189192
        },
        "2021-06": {
            "month": "2021-06",
            "price": "14.88",
            "revenue": 166368
        },
        "2021-07": {
            "month": "2021-07",
            "price": "15.13",
            "revenue": 212538
        },
        "2021-08": {
            "month": "2021-08",
            "price": "13.30",
            "revenue": 185060
        },
        "2021-09": {
            "month": "2021-09",
            "price": "14.41",
            "revenue": 153950
        },
        "2021-10": {
            "month": "2021-10",
            "price": "14.55",
            "revenue": 169791
        },
        "2021-11": {
            "month": "2021-11",
            "price": "14.33",
            "revenue": 211679
        },
        "2021-12": {
            "month": "2021-12",
            "price": "15.42",
            "revenue": 212940
        },
        "2022-01": {
            "month": "2022-01",
            "price": "14.28",
            "revenue": 230442
        },
        "2022-02": {
            "month": "2022-02",
            "price": "14.52",
            "revenue": 131770
        },
        "2022-03": {
            "month": "2022-03",
            "price": "14.37",
            "revenue": 247446
        },
        "2022-04": {
            "month": "2022-04",
            "price": "13.72",
            "revenue": 225670
        },
        "2022-05": {
            "month": "2022-05",
            "price": "12.69",
            "revenue": 221832
        },
        "2022-06": {
            "month": "2022-06",
            "price": "12.26",
            "revenue": 209142
        },
        "2022-07": {
            "month": "2022-07",
            "price": "11.59",
            "revenue": 224533
        },
        "2022-08": {
            "month": "2022-08",
            "price": "12.47",
            "revenue": 236585
        },
        "2022-09": {
            "month": "2022-09",
            "price": "12.45",
            "revenue": 261115
        },
        "2022-10": {
            "month": "2022-10",
            "price": "12.06",
            "revenue": 220182
        },
        "2022-11": {
            "month": "2022-11",
            "price": "13.16",
            "revenue": 190474
        },
        "2022-12": {
            "month": "2022-12",
            "price": "12.95",
            "revenue": 193462
        },
        "2023-01": {
            "month": "2023-01",
            "price": "12.98",
            "revenue": 133261
        },
        "2023-02": {
            "month": "2023-02",
            "price": "14.43",
            "revenue": 178120
        },
        "2023-03": {
            "month": "2023-03",
            "price": "13.90",
            "revenue": 211167
        },
        "2023-04": {
            "month": "2023-04",
            "price": "14.64",
            "revenue": 203295
        }
    }
}
