{
    "summary": {
        "stock_name": "和成",
        "stock_id": "1810",
        "category": "玻璃陶瓷",
        "main_business": "住宅設備之製造及銷售",
        "website_url": "http://www.hcg.com.tw",
        "ceo": "陳世傑",
        "pe_ratio": 100,
        "report_year_from": 2001,
        "report_year_to": 2023,
        "age": 22,
        "eps_negative_percentage": 35,
        "eps_growth_avg": {
            "last_all": -3.44,
            "last_2y": -5.8,
            "last_4y": -29.35,
            "last_8y": -11.22,
            "last_12y": 4.72,
            "last_16y": 3.99,
            "last_20y": -3.44,
            "at_2006_last_3y": 0,
            "at_2007_last_3y": -33.33,
            "at_2008_last_3y": 0,
            "at_2009_last_3y": 0,
            "at_2010_last_3y": -100,
            "at_2011_last_3y": 50,
            "at_2012_last_3y": 20.83,
            "at_2013_last_3y": 47.22,
            "at_2014_last_3y": 35.93,
            "at_2015_last_3y": 15.93,
            "at_2016_last_3y": 43.01,
            "at_2017_last_3y": 6.9,
            "at_2018_last_3y": -18.61,
            "at_2019_last_3y": -14.81,
            "at_2020_last_3y": -58.25,
            "at_2021_last_3y": -10.1,
            "at_2022_last_3y": -5.8,
            "at_2023_last_3y": -5.8,
            "at_2006_last_all": 0,
            "at_2007_last_all": -33.33,
            "at_2008_last_all": -33.33,
            "at_2009_last_all": -33.33,
            "at_2010_last_all": -33.33,
            "at_2011_last_all": -12.5,
            "at_2012_last_all": -11.67,
            "at_2013_last_all": 6.94,
            "at_2014_last_all": 6.24,
            "at_2015_last_all": 1.71,
            "at_2016_last_all": 12.63,
            "at_2017_last_all": 6.93,
            "at_2018_last_all": -2.79,
            "at_2019_last_all": -2.79,
            "at_2020_last_all": -5.09,
            "at_2021_last_all": 3,
            "at_2022_last_all": -3.44,
            "at_2023_last_all": -3.44
        },
        "latest_eps": 0.16,
        "latest_price": 23.2,
        "latest_roe": 0.73,
        "latest_gross_margin": 24.13,
        "latest_equity": 6584622,
        "latest_revenue": 1095000,
        "latest_gross_profit": 264224,
        "latest_net_income": -12308,
        "latest_debt_ratio": 34.03,
        "latest_current_ratio": 165.9,
        "latest_account_receivable_turnover_ratio": 0.98,
        "latest_inventory_turnover_ratio": 0.44,
        "latest_reinvestment_rate": -44.36,
        "latest_research_to_sale_ratio": 2.11
    },
    "eps_dividends": {
        "1990": {
            "cash": 0,
            "stock": 34,
            "eps": 0
        },
        "1992": {
            "cash": 0,
            "stock": 3,
            "eps": 0
        },
        "1993": {
            "cash": 0,
            "stock": 2,
            "eps": 0
        },
        "1994": {
            "cash": 0,
            "stock": 4,
            "eps": 0
        },
        "1995": {
            "cash": 2,
            "stock": 3,
            "eps": 0
        },
        "1996": {
            "cash": 1,
            "stock": 2,
            "eps": 0
        },
        "1997": {
            "cash": 1,
            "stock": 1,
            "eps": 0
        },
        "1998": {
            "cash": 1,
            "stock": 0,
            "eps": 0
        },
        "2001": {
            "cash": 0,
            "stock": 0,
            "eps": -0.25
        },
        "2002": {
            "cash": 0,
            "stock": 0,
            "eps": -0.98
        },
        "2003": {
            "cash": 0,
            "stock": 0,
            "eps": 0.07
        },
        "2004": {
            "cash": 0,
            "stock": 0,
            "eps": -1.71
        },
        "2005": {
            "cash": 0,
            "stock": 0,
            "eps": 0.15
        },
        "2006": {
            "cash": 0,
            "stock": 0,
            "eps": 0.49
        },
        "2007": {
            "cash": 0,
            "stock": 0,
            "eps": -0.76
        },
        "2008": {
            "cash": 0,
            "stock": 0,
            "eps": -0.33
        },
        "2009": {
            "cash": 0,
            "stock": 0,
            "eps": -0.66
        },
        "2010": {
            "cash": 0,
            "stock": 0,
            "eps": 0.08
        },
        "2011": {
            "cash": 0,
            "stock": 0,
            "eps": 0.12
        },
        "2012": {
            "cash": 0,
            "stock": 0,
            "eps": 0.11
        },
        "2013": {
            "cash": 0,
            "stock": 0,
            "eps": 0.49
        },
        "2014": {
            "cash": 0,
            "stock": 0,
            "eps": 0.5
        },
        "2015": {
            "cash": 0,
            "stock": 0,
            "eps": 0.35
        },
        "2016": {
            "cash": 0,
            "stock": 0,
            "eps": 0.81
        },
        "2017": {
            "cash": 0,
            "stock": 0,
            "eps": 0.45
        },
        "2018": {
            "cash": 0,
            "stock": 0,
            "eps": -0.18
        },
        "2019": {
            "cash": 0,
            "stock": 0,
            "eps": 0.33
        },
        "2020": {
            "cash": 0,
            "stock": 0,
            "eps": 0.23
        },
        "2021": {
            "cash": 0,
            "stock": 0,
            "eps": 3.33
        },
        "2022": {
            "cash": 0,
            "stock": 0,
            "eps": 0.43
        },
        "2023": {
            "cash": 0,
            "stock": 0,
            "eps": -0.04
        }
    },
    "dividends": {
        "1990-04-30": {
            "cash": 0,
            "stock": 33.67
        },
        "1992-04-30": {
            "cash": 0,
            "stock": 3
        },
        "1993-04-30": {
            "cash": 0,
            "stock": 1.72
        },
        "1994-04-30": {
            "cash": 0,
            "stock": 4
        },
        "1995-05-20": {
            "cash": 1.5,
            "stock": 2.5
        },
        "1996-05-31": {
            "cash": 0.5,
            "stock": 1.5
        },
        "1997-05-28": {
            "cash": 1,
            "stock": 0.5
        },
        "1998-05-29": {
            "cash": 1,
            "stock": 0
        },
        "2011-01-01": {
            "cash": 0.45,
            "stock": 0
        },
        "2014-09-15": {
            "cash": 0.33,
            "stock": 0
        },
        "2015-09-04": {
            "cash": 0.3,
            "stock": 0
        },
        "2016-08-25": {
            "cash": 0.2,
            "stock": 0
        },
        "2018-08-24": {
            "cash": 0.3,
            "stock": 0
        },
        "2019-08-23": {
            "cash": 0.2,
            "stock": 0
        },
        "2021-08-25": {
            "cash": 0.2,
            "stock": 0
        },
        "2022-08-23": {
            "cash": 0.2,
            "stock": 0
        },
        "2023-05-09": {
            "cash": 0.2,
            "stock": 0
        }
    },
    "prices": {
        "200101": "8.00",
        "200102": "9.11",
        "200103": "10.95",
        "200104": "12.40",
        "200105": "10.26",
        "200106": "11.42",
        "200107": "11.10",
        "200108": "10.41",
        "200109": "8.92",
        "200110": "6.16",
        "200111": "6.45",
        "200112": "6.84",
        "200201": "7.33",
        "200202": "7.03",
        "200203": "7.66",
        "200204": "8.58",
        "200205": "8.29",
        "200206": "8.04",
        "200207": "7.71",
        "200208": "7.06",
        "200209": "6.00",
        "200210": "5.57",
        "200211": "7.08",
        "200212": "8.17",
        "200301": "9.63",
        "200302": "8.54",
        "200303": "7.59",
        "200304": "7.00",
        "200305": "6.15",
        "200306": "6.97",
        "200307": "7.30",
        "200308": "8.21",
        "200309": "8.16",
        "200310": "9.72",
        "200311": "9.98",
        "200312": "9.70",
        "200401": "10.98",
        "200402": "13.73",
        "200403": "14.00",
        "200404": "12.50",
        "200405": "9.90",
        "200406": "10.06",
        "200407": "9.73",
        "200408": "8.44",
        "200409": "9.33",
        "200410": "9.26",
        "200411": "8.45",
        "200412": "8.91",
        "200501": "10.14",
        "200502": "9.53",
        "200503": "9.24",
        "200504": "8.11",
        "200505": "7.80",
        "200506": "8.39",
        "200507": "8.01",
        "200508": "7.92",
        "200509": "7.65",
        "200510": "6.84",
        "200511": "6.77",
        "200512": "7.28",
        "200601": "7.02",
        "200602": "6.69",
        "200603": "6.50",
        "200604": "7.11",
        "200605": "8.34",
        "200606": "7.38",
        "200607": "7.07",
        "200608": "7.00",
        "200609": "7.19",
        "200610": "8.78",
        "200611": "9.65",
        "200612": "12.72",
        "200701": "14.52",
        "200702": "13.93",
        "200703": "13.47",
        "200704": "14.22",
        "200705": "13.03",
        "200706": "13.26",
        "200707": "15.74",
        "200708": "16.21",
        "200709": "15.98",
        "200710": "15.10",
        "200711": "11.64",
        "200712": "10.08",
        "200801": "10.10",
        "200802": "10.12",
        "200803": "11.94",
        "200804": "12.81",
        "200805": "14.51",
        "200806": "12.78",
        "200807": "10.68",
        "200808": "9.95",
        "200809": "7.10",
        "200810": "6.44",
        "200811": "6.62",
        "200812": "6.37",
        "200901": "6.27",
        "200902": "6.35",
        "200903": "7.13",
        "200904": "8.14",
        "200905": "8.35",
        "200906": "7.97",
        "200907": "8.13",
        "200908": "8.52",
        "200909": "9.79",
        "200910": "10.28",
        "200911": "10.76",
        "200912": "10.77",
        "201001": "11.06",
        "201002": "10.66",
        "201003": "11.10",
        "201004": "11.37",
        "201005": "10.68",
        "201006": "10.80",
        "201007": "11.18",
        "201008": "12.06",
        "201009": "11.26",
        "201010": "11.51",
        "201011": "10.96",
        "201012": "12.14",
        "201101": "11.87",
        "201102": "11.21",
        "201103": "11.53",
        "201104": "11.83",
        "201105": "11.22",
        "201106": "11.12",
        "201107": "11.05",
        "201108": "9.82",
        "201109": "9.19",
        "201110": "8.90",
        "201111": "8.30",
        "201112": "7.13",
        "201201": "7.12",
        "201202": "8.50",
        "201203": "9.98",
        "201204": "9.35",
        "201205": "8.65",
        "201206": "7.87",
        "201207": "7.90",
        "201208": "8.09",
        "201209": "8.91",
        "201210": "9.01",
        "201211": "8.87",
        "201212": "9.18",
        "201301": "9.32",
        "201302": "9.30",
        "201303": "9.16",
        "201304": "8.82",
        "201305": "9.11",
        "201306": "9.76",
        "201307": "9.90",
        "201308": "9.54",
        "201309": "9.58",
        "201310": "10.27",
        "201311": "10.73",
        "201312": "10.61",
        "201401": "10.54",
        "201402": "10.15",
        "201403": "10.72",
        "201404": "10.45",
        "201405": "10.30",
        "201406": "10.18",
        "201407": "10.16",
        "201408": "10.68",
        "201409": "11.49",
        "201410": "10.82",
        "201411": "10.19",
        "201412": "10.31",
        "201501": "10.24",
        "201502": "10.22",
        "201503": "10.38",
        "201504": "10.33",
        "201505": "9.71",
        "201506": "8.79",
        "201507": "8.61",
        "201508": "7.74",
        "201509": "8.15",
        "201510": "8.41",
        "201511": "8.26",
        "201512": "8.17",
        "201601": "8.06",
        "201602": "8.14",
        "201603": "8.51",
        "201604": "8.16",
        "201605": "7.65",
        "201606": "7.54",
        "201607": "7.79",
        "201608": "7.96",
        "201609": "8.05",
        "201610": "8.14",
        "201611": "8.54",
        "201612": "9.15",
        "201701": "9.39",
        "201702": "10.07",
        "201703": "10.04",
        "201704": "9.27",
        "201705": "9.22",
        "201706": "9.19",
        "201707": "9.14",
        "201708": "9.14",
        "201709": "9.63",
        "201710": "9.48",
        "201711": "9.47",
        "201712": "9.63",
        "201801": "9.94",
        "201802": "9.50",
        "201803": "9.50",
        "201804": "9.76",
        "201805": "9.65",
        "201806": "9.58",
        "201807": "9.07",
        "201808": "9.01",
        "201809": "8.83",
        "201810": "8.18",
        "201811": "7.96",
        "201812": "7.95",
        "201901": "7.84",
        "201902": "7.94",
        "201903": "7.95",
        "201904": "7.97",
        "201905": "7.88",
        "201906": "7.90",
        "201907": "7.85",
        "201908": "7.61",
        "201909": "7.60",
        "201910": "7.76",
        "201911": "7.98",
        "201912": "8.21",
        "202001": "8.20",
        "202002": "7.86",
        "202003": "6.57",
        "202004": "6.86",
        "202005": "7.33",
        "202006": "7.42",
        "202007": "8.29",
        "202008": "8.63",
        "202009": "9.50",
        "202010": "9.41",
        "202011": "9.14",
        "202012": "9.80",
        "202101": "9.43",
        "202102": "9.30",
        "202103": "10.03",
        "202104": "12.56",
        "202105": "11.55",
        "202106": "11.88",
        "202107": "12.00",
        "202108": "11.25",
        "202109": "12.30",
        "202110": "13.60",
        "202111": "15.42",
        "202112": "17.04",
        "202201": "16.13",
        "202202": "15.18",
        "202203": "15.92",
        "202204": "15.03",
        "202205": "13.03",
        "202206": "12.20",
        "202207": "11.35",
        "202208": "11.13",
        "202209": "10.47",
        "202210": "10.39",
        "202211": "14.52",
        "202212": "19.56",
        "202301": "17.85",
        "202302": "19.04",
        "202303": "18.41",
        "202304": "23.98",
        "202305": "24.82"
    },
    "quarters": {
        "20011": {
            "year_quarter": 20011,
            "year": 2001,
            "quarter": 1,
            "eps": 0.02,
            "eps_growth_year": null,
            "eps_4q": -0.06,
            "eps_4q_growth_year": -135.62,
            "roe": 0.13,
            "roe_4q": 0.13,
            "gross_profit": 143911,
            "gross_margin": 23.26,
            "gross_margin_4q_avg": 23.26,
            "net_income": 8707,
            "revenue": 618834,
            "common_shares": 4189485,
            "book_valuer_per_share": 16.22,
            "book_valuer_per_share_4q_avg": 16.22,
            "equity": 6796892,
            "current_ratio": 119.51,
            "debt_ratio": 39.15,
            "inventory_turnover_ratio": 0.23,
            "account_receivable_turnover_ratio": null,
            "reinvestment_rate": null,
            "research_to_sale_ratio": null,
            "price_fair": 0,
            "eps_avg_yearly": 0,
            "eps_latest_yearly": 0,
            "eps_growth_yearly": 0
        },
        "20012": {
            "year_quarter": 20012,
            "year": 2001,
            "quarter": 2,
            "eps": -0.14,
            "eps_growth_year": -187.5,
            "eps_4q": -0.36,
            "eps_4q_growth_year": -229.78,
            "roe": -0.85,
            "roe_4q": -0.72,
            "gross_profit": 152932,
            "gross_margin": 21.98,
            "gross_margin_4q_avg": 22.62,
            "net_income": -57788,
            "revenue": 695924,
            "common_shares": 4189485,
            "book_valuer_per_share": 16.21,
            "book_valuer_per_share_4q_avg": 16.22,
            "equity": 6793052,
            "current_ratio": 118.08,
            "debt_ratio": 39.09,
            "inventory_turnover_ratio": 0.34,
            "account_receivable_turnover_ratio": null,
            "reinvestment_rate": null,
            "research_to_sale_ratio": null,
            "price_fair": 0,
            "eps_avg_yearly": 0,
            "eps_latest_yearly": 0,
            "eps_growth_yearly": 0
        },
        "20013": {
            "year_quarter": 20013,
            "year": 2001,
            "quarter": 3,
            "eps": -0.33,
            "eps_growth_year": null,
            "eps_4q": -0.64,
            "eps_4q_growth_year": -425.76,
            "roe": -2.03,
            "roe_4q": -2.75,
            "gross_profit": 132228,
            "gross_margin": 21.17,
            "gross_margin_4q_avg": 22.14,
            "net_income": -136553,
            "revenue": 624482,
            "common_shares": 4189485,
            "book_valuer_per_share": 15.9,
            "book_valuer_per_share_4q_avg": 16.11,
            "equity": 6661948,
            "current_ratio": 117.07,
            "debt_ratio": 39.28,
            "inventory_turnover_ratio": 0.32,
            "account_receivable_turnover_ratio": null,
            "reinvestment_rate": null,
            "research_to_sale_ratio": null,
            "price_fair": 0,
            "eps_avg_yearly": 0,
            "eps_latest_yearly": 0,
            "eps_growth_yearly": 0
        },
        "20014": {
            "year_quarter": 20014,
            "year": 2001,
            "quarter": 4,
            "eps": 0.2,
            "eps_growth_year": null,
            "eps_4q": -0.24,
            "eps_4q_growth_year": null,
            "roe": 1.24,
            "roe_4q": -1.5099999999999998,
            "gross_profit": 141830,
            "gross_margin": 22.52,
            "gross_margin_4q_avg": 22.23,
            "net_income": 83479,
            "revenue": 629785,
            "common_shares": 4189485,
            "book_valuer_per_share": 15.9,
            "book_valuer_per_share_4q_avg": 16.06,
            "equity": 6776886,
            "current_ratio": 103.38,
            "debt_ratio": 49.4,
            "inventory_turnover_ratio": 0.29,
            "account_receivable_turnover_ratio": null,
            "reinvestment_rate": null,
            "research_to_sale_ratio": null,
            "price_fair": 0,
            "eps_avg_yearly": 0,
            "eps_latest_yearly": 0,
            "eps_growth_yearly": 0
        },
        "20021": {
            "year_quarter": 20021,
            "year": 2002,
            "quarter": 1,
            "eps": -0.04,
            "eps_growth_year": -300,
            "eps_4q": -0.34,
            "eps_4q_growth_year": null,
            "roe": -0.22,
            "roe_4q": -1.8599999999999999,
            "gross_profit": 134249,
            "gross_margin": 22.5,
            "gross_margin_4q_avg": 22.04,
            "net_income": -15012,
            "revenue": 596713,
            "common_shares": 4189485,
            "book_valuer_per_share": 15.84,
            "book_valuer_per_share_4q_avg": 15.96,
            "equity": 6634310,
            "current_ratio": 109.95,
            "debt_ratio": 38.03,
            "inventory_turnover_ratio": 0.3,
            "account_receivable_turnover_ratio": null,
            "reinvestment_rate": null,
            "research_to_sale_ratio": null,
            "price_fair": 0,
            "eps_avg_yearly": 0,
            "eps_latest_yearly": 0,
            "eps_growth_yearly": 0
        },
        "20022": {
            "year_quarter": 20022,
            "year": 2002,
            "quarter": 2,
            "eps": -0.06,
            "eps_growth_year": null,
            "eps_4q": -0.22,
            "eps_4q_growth_year": null,
            "roe": -0.36,
            "roe_4q": -1.3699999999999997,
            "gross_profit": 148518,
            "gross_margin": 23.64,
            "gross_margin_4q_avg": 22.46,
            "net_income": -24046,
            "revenue": 628129,
            "common_shares": 4189485,
            "book_valuer_per_share": 15.71,
            "book_valuer_per_share_4q_avg": 15.84,
            "equity": 6583622,
            "current_ratio": 111.2,
            "debt_ratio": 37.76,
            "inventory_turnover_ratio": 0.39,
            "account_receivable_turnover_ratio": null,
            "reinvestment_rate": null,
            "research_to_sale_ratio": null,
            "price_fair": 0,
            "eps_avg_yearly": 0,
            "eps_latest_yearly": 0,
            "eps_growth_yearly": 0
        },
        "20023": {
            "year_quarter": 20023,
            "year": 2002,
            "quarter": 3,
            "eps": -0.35,
            "eps_growth_year": null,
            "eps_4q": -0.24,
            "eps_4q_growth_year": null,
            "roe": -2.2,
            "roe_4q": -1.5400000000000003,
            "gross_profit": 145276,
            "gross_margin": 23.46,
            "gross_margin_4q_avg": 23.03,
            "net_income": -143814,
            "revenue": 619192,
            "common_shares": 4189485,
            "book_valuer_per_share": 15.46,
            "book_valuer_per_share_4q_avg": 15.73,
            "equity": 6475733,
            "current_ratio": 110.19,
            "debt_ratio": 37.77,
            "inventory_turnover_ratio": 0.38,
            "account_receivable_turnover_ratio": null,
            "reinvestment_rate": null,
            "research_to_sale_ratio": null,
            "price_fair": 0,
            "eps_avg_yearly": 0,
            "eps_latest_yearly": 0,
            "eps_growth_yearly": 0
        },
        "20024": {
            "year_quarter": 20024,
            "year": 2002,
            "quarter": 4,
            "eps": -0.53,
            "eps_growth_year": -365,
            "eps_4q": -0.99,
            "eps_4q_growth_year": null,
            "roe": -3.48,
            "roe_4q": -6.26,
            "gross_profit": 130226,
            "gross_margin": 19.28,
            "gross_margin_4q_avg": 22.22,
            "net_income": -221761,
            "revenue": 675294,
            "common_shares": 4189485,
            "book_valuer_per_share": 14.88,
            "book_valuer_per_share_4q_avg": 15.47,
            "equity": 6258905,
            "current_ratio": 91.09,
            "debt_ratio": 47.66,
            "inventory_turnover_ratio": 0.39,
            "account_receivable_turnover_ratio": null,
            "reinvestment_rate": null,
            "research_to_sale_ratio": null,
            "price_fair": 0,
            "eps_avg_yearly": 0,
            "eps_latest_yearly": 0,
            "eps_growth_yearly": 0
        },
        "20031": {
            "year_quarter": 20031,
            "year": 2003,
            "quarter": 1,
            "eps": -0.05,
            "eps_growth_year": null,
            "eps_4q": -1,
            "eps_4q_growth_year": null,
            "roe": -0.33,
            "roe_4q": -6.37,
            "gross_profit": 122263,
            "gross_margin": 22.26,
            "gross_margin_4q_avg": 22.16,
            "net_income": -20439,
            "revenue": 549233,
            "common_shares": 4189485,
            "book_valuer_per_share": 14.89,
            "book_valuer_per_share_4q_avg": 15.24,
            "equity": 6238813,
            "current_ratio": 93.39,
            "debt_ratio": 38.85,
            "inventory_turnover_ratio": 0.32,
            "account_receivable_turnover_ratio": null,
            "reinvestment_rate": null,
            "research_to_sale_ratio": null,
            "price_fair": 0,
            "eps_avg_yearly": 0,
            "eps_latest_yearly": 0,
            "eps_growth_yearly": 0
        },
        "20032": {
            "year_quarter": 20032,
            "year": 2003,
            "quarter": 2,
            "eps": 0.06,
            "eps_growth_year": null,
            "eps_4q": -0.81,
            "eps_4q_growth_year": null,
            "roe": 0.42,
            "roe_4q": -5.59,
            "gross_profit": 123890,
            "gross_margin": 21.12,
            "gross_margin_4q_avg": 21.53,
            "net_income": 26478,
            "revenue": 586521,
            "common_shares": 4189485,
            "book_valuer_per_share": 14.91,
            "book_valuer_per_share_4q_avg": 15.04,
            "equity": 6246557,
            "current_ratio": 96.75,
            "debt_ratio": 38.27,
            "inventory_turnover_ratio": 0.41,
            "account_receivable_turnover_ratio": null,
            "reinvestment_rate": null,
            "research_to_sale_ratio": null,
            "price_fair": 0,
            "eps_avg_yearly": 0,
            "eps_latest_yearly": 0,
            "eps_growth_yearly": 0
        },
        "20033": {
            "year_quarter": 20033,
            "year": 2003,
            "quarter": 3,
            "eps": 0.03,
            "eps_growth_year": null,
            "eps_4q": -0.46,
            "eps_4q_growth_year": null,
            "roe": 0.21,
            "roe_4q": -3.18,
            "gross_profit": 154992,
            "gross_margin": 22.85,
            "gross_margin_4q_avg": 21.38,
            "net_income": 13264,
            "revenue": 678423,
            "common_shares": 4189485,
            "book_valuer_per_share": 14.88,
            "book_valuer_per_share_4q_avg": 14.89,
            "equity": 6235212,
            "current_ratio": 98.01,
            "debt_ratio": 38.09,
            "inventory_turnover_ratio": 0.45,
            "account_receivable_turnover_ratio": null,
            "reinvestment_rate": null,
            "research_to_sale_ratio": null,
            "price_fair": 0.36,
            "eps_avg_yearly": 0.12,
            "eps_latest_yearly": 0.12,
            "eps_growth_yearly": -200
        },
        "20034": {
            "year_quarter": 20034,
            "year": 2003,
            "quarter": 4,
            "eps": 0.03,
            "eps_growth_year": null,
            "eps_4q": 0.09,
            "eps_4q_growth_year": null,
            "roe": 0.16,
            "roe_4q": 0.46,
            "gross_profit": 172579,
            "gross_margin": 23.92,
            "gross_margin_4q_avg": 22.54,
            "net_income": 10489,
            "revenue": 721548,
            "common_shares": 4189485,
            "book_valuer_per_share": 16.37,
            "book_valuer_per_share_4q_avg": 15.26,
            "equity": 6888223,
            "current_ratio": 103.91,
            "debt_ratio": 44.89,
            "inventory_turnover_ratio": 0.37,
            "account_receivable_turnover_ratio": null,
            "reinvestment_rate": null,
            "research_to_sale_ratio": null,
            "price_fair": 0.36,
            "eps_avg_yearly": 0.12,
            "eps_latest_yearly": 0.12,
            "eps_growth_yearly": -100
        },
        "20041": {
            "year_quarter": 20041,
            "year": 2004,
            "quarter": 1,
            "eps": 0.11,
            "eps_growth_year": null,
            "eps_4q": 0.24,
            "eps_4q_growth_year": null,
            "roe": 0.64,
            "roe_4q": 1.43,
            "gross_profit": 156812,
            "gross_margin": 23.47,
            "gross_margin_4q_avg": 22.84,
            "net_income": 44148,
            "revenue": 668239,
            "common_shares": 4189485,
            "book_valuer_per_share": 16.41,
            "book_valuer_per_share_4q_avg": 15.64,
            "equity": 6876550,
            "current_ratio": 100.13,
            "debt_ratio": 35.09,
            "inventory_turnover_ratio": 0.36,
            "account_receivable_turnover_ratio": null,
            "reinvestment_rate": null,
            "research_to_sale_ratio": null,
            "price_fair": 7.93,
            "eps_avg_yearly": 0.23,
            "eps_latest_yearly": 0.44,
            "eps_growth_yearly": 288.89
        },
        "20042": {
            "year_quarter": 20042,
            "year": 2004,
            "quarter": 2,
            "eps": 0.04,
            "eps_growth_year": -33.33,
            "eps_4q": 0.21,
            "eps_4q_growth_year": null,
            "roe": 0.24,
            "roe_4q": 1.25,
            "gross_profit": 229357,
            "gross_margin": 28.44,
            "gross_margin_4q_avg": 24.67,
            "net_income": 16309,
            "revenue": 806338,
            "common_shares": 4189485,
            "book_valuer_per_share": 16.49,
            "book_valuer_per_share_4q_avg": 16.04,
            "equity": 6908372,
            "current_ratio": 86.01,
            "debt_ratio": 35.11,
            "inventory_turnover_ratio": 0.65,
            "account_receivable_turnover_ratio": null,
            "reinvestment_rate": null,
            "research_to_sale_ratio": null,
            "price_fair": 7.35,
            "eps_avg_yearly": 0.21,
            "eps_latest_yearly": 0.16,
            "eps_growth_yearly": 153.03
        },
        "20043": {
            "year_quarter": 20043,
            "year": 2004,
            "quarter": 3,
            "eps": 0.05,
            "eps_growth_year": 66.67,
            "eps_4q": 0.22,
            "eps_4q_growth_year": null,
            "roe": 0.3,
            "roe_4q": 1.34,
            "gross_profit": 205642,
            "gross_margin": 28.59,
            "gross_margin_4q_avg": 26.11,
            "net_income": 20631,
            "revenue": 719295,
            "common_shares": 4189485,
            "book_valuer_per_share": 16.56,
            "book_valuer_per_share_4q_avg": 16.46,
            "equity": 6936659,
            "current_ratio": 92.33,
            "debt_ratio": 34.71,
            "inventory_turnover_ratio": 0.71,
            "account_receivable_turnover_ratio": null,
            "reinvestment_rate": null,
            "research_to_sale_ratio": null,
            "price_fair": 7.28,
            "eps_avg_yearly": 0.21,
            "eps_latest_yearly": 0.2,
            "eps_growth_yearly": 142.42
        },
        "20044": {
            "year_quarter": 20044,
            "year": 2004,
            "quarter": 4,
            "eps": -1.91,
            "eps_growth_year": -6466.67,
            "eps_4q": -1.72,
            "eps_4q_growth_year": -2118.56,
            "roe": -12.19,
            "roe_4q": -11.009999999999998,
            "gross_profit": 222136,
            "gross_margin": 29.06,
            "gross_margin_4q_avg": 27.39,
            "net_income": -793925,
            "revenue": 764439,
            "common_shares": 4189485,
            "book_valuer_per_share": 14.51,
            "book_valuer_per_share_4q_avg": 15.99,
            "equity": 6090611,
            "current_ratio": 85.48,
            "debt_ratio": 47.31,
            "inventory_turnover_ratio": 0.53,
            "account_receivable_turnover_ratio": null,
            "reinvestment_rate": null,
            "research_to_sale_ratio": null,
            "price_fair": 7.28,
            "eps_avg_yearly": 0.21,
            "eps_latest_yearly": 0.2,
            "eps_growth_yearly": 142.42
        },
        "20051": {
            "year_quarter": 20051,
            "year": 2005,
            "quarter": 1,
            "eps": 0.06,
            "eps_growth_year": -45.45,
            "eps_4q": -1.88,
            "eps_4q_growth_year": -897.46,
            "roe": 0.38,
            "roe_4q": -11.269999999999998,
            "gross_profit": 162612,
            "gross_margin": 22.52,
            "gross_margin_4q_avg": 27.15,
            "net_income": 23469,
            "revenue": 721959,
            "common_shares": 4189485,
            "book_valuer_per_share": 14.56,
            "book_valuer_per_share_4q_avg": 15.53,
            "equity": 6101027,
            "current_ratio": 98.87,
            "debt_ratio": 35.56,
            "inventory_turnover_ratio": 0.55,
            "account_receivable_turnover_ratio": null,
            "reinvestment_rate": null,
            "research_to_sale_ratio": null,
            "price_fair": 7.28,
            "eps_avg_yearly": 0.21,
            "eps_latest_yearly": 0.2,
            "eps_growth_yearly": 142.42
        },
        "20052": {
            "year_quarter": 20052,
            "year": 2005,
            "quarter": 2,
            "eps": 0.01,
            "eps_growth_year": -75,
            "eps_4q": -1.78,
            "eps_4q_growth_year": -963.99,
            "roe": 0.04,
            "roe_4q": -11.469999999999999,
            "gross_profit": 169368,
            "gross_margin": 23.38,
            "gross_margin_4q_avg": 25.89,
            "net_income": 2233,
            "revenue": 724263,
            "common_shares": 4189485,
            "book_valuer_per_share": 14.52,
            "book_valuer_per_share_4q_avg": 15.04,
            "equity": 6082160,
            "current_ratio": 98.42,
            "debt_ratio": 35.12,
            "inventory_turnover_ratio": 0.74,
            "account_receivable_turnover_ratio": null,
            "reinvestment_rate": null,
            "research_to_sale_ratio": null,
            "price_fair": 6.3,
            "eps_avg_yearly": 0.18,
            "eps_latest_yearly": 0.04,
            "eps_growth_yearly": 63.13
        },
        "20053": {
            "year_quarter": 20053,
            "year": 2005,
            "quarter": 3,
            "eps": 0.07,
            "eps_growth_year": 40,
            "eps_4q": -1.72,
            "eps_4q_growth_year": -875.12,
            "roe": 0.49,
            "roe_4q": -11.28,
            "gross_profit": 172421,
            "gross_margin": 23.54,
            "gross_margin_4q_avg": 24.63,
            "net_income": 30037,
            "revenue": 732596,
            "common_shares": 4189485,
            "book_valuer_per_share": 14.78,
            "book_valuer_per_share_4q_avg": 14.59,
            "equity": 6190710,
            "current_ratio": 133.57,
            "debt_ratio": 32.61,
            "inventory_turnover_ratio": 0.75,
            "account_receivable_turnover_ratio": null,
            "reinvestment_rate": null,
            "research_to_sale_ratio": null,
            "price_fair": 6.8,
            "eps_avg_yearly": 0.19,
            "eps_latest_yearly": 0.28,
            "eps_growth_yearly": 396.97
        },
        "20054": {
            "year_quarter": 20054,
            "year": 2005,
            "quarter": 4,
            "eps": 0.01,
            "eps_growth_year": null,
            "eps_4q": 0.06,
            "eps_4q_growth_year": null,
            "roe": 0.05,
            "roe_4q": 0.9600000000000001,
            "gross_profit": 183051,
            "gross_margin": 22.9,
            "gross_margin_4q_avg": 23.09,
            "net_income": 2933,
            "revenue": 799333,
            "common_shares": 4189485,
            "book_valuer_per_share": 13.93,
            "book_valuer_per_share_4q_avg": 14.45,
            "equity": 6003937,
            "current_ratio": 106.3,
            "debt_ratio": 46.65,
            "inventory_turnover_ratio": 0.54,
            "account_receivable_turnover_ratio": null,
            "reinvestment_rate": null,
            "research_to_sale_ratio": null,
            "price_fair": 6.13,
            "eps_avg_yearly": 0.18,
            "eps_latest_yearly": 0.04,
            "eps_growth_yearly": 304.49
        },
        "20061": {
            "year_quarter": 20061,
            "year": 2006,
            "quarter": 1,
            "eps": 0.05,
            "eps_growth_year": -16.67,
            "eps_4q": 0.14,
            "eps_4q_growth_year": null,
            "roe": 0.33,
            "roe_4q": 0.91,
            "gross_profit": 185086,
            "gross_margin": 24.72,
            "gross_margin_4q_avg": 23.64,
            "net_income": 19862,
            "revenue": 748838,
            "common_shares": 4189485,
            "book_valuer_per_share": 13.99,
            "book_valuer_per_share_4q_avg": 14.31,
            "equity": 5862571,
            "current_ratio": 138.23,
            "debt_ratio": 32.75,
            "inventory_turnover_ratio": 0.5,
            "account_receivable_turnover_ratio": null,
            "reinvestment_rate": null,
            "research_to_sale_ratio": null,
            "price_fair": 6.22,
            "eps_avg_yearly": 0.18,
            "eps_latest_yearly": 0.2,
            "eps_growth_yearly": 448.44
        },
        "20062": {
            "year_quarter": 20062,
            "year": 2006,
            "quarter": 2,
            "eps": 0.21,
            "eps_growth_year": 2000,
            "eps_4q": 0.34,
            "eps_4q_growth_year": null,
            "roe": 1.46,
            "roe_4q": 2.33,
            "gross_profit": 280633,
            "gross_margin": 27.79,
            "gross_margin_4q_avg": 24.74,
            "net_income": 86343,
            "revenue": 1009925,
            "common_shares": 4189485,
            "book_valuer_per_share": 14.3,
            "book_valuer_per_share_4q_avg": 14.25,
            "equity": 5993037,
            "current_ratio": 138,
            "debt_ratio": 33.12,
            "inventory_turnover_ratio": 1.03,
            "account_receivable_turnover_ratio": null,
            "reinvestment_rate": null,
            "research_to_sale_ratio": null,
            "price_fair": 8.54,
            "eps_avg_yearly": 0.24,
            "eps_latest_yearly": 0.84,
            "eps_growth_yearly": 531.59
        },
        "20063": {
            "year_quarter": 20063,
            "year": 2006,
            "quarter": 3,
            "eps": 0.12,
            "eps_growth_year": 71.43,
            "eps_4q": 0.38,
            "eps_4q_growth_year": null,
            "roe": 0.85,
            "roe_4q": 2.69,
            "gross_profit": 185312,
            "gross_margin": 25.01,
            "gross_margin_4q_avg": 25.11,
            "net_income": 51327,
            "revenue": 740823,
            "common_shares": 4189485,
            "book_valuer_per_share": 14.48,
            "book_valuer_per_share_4q_avg": 14.18,
            "equity": 6067933,
            "current_ratio": 139.95,
            "debt_ratio": 32.27,
            "inventory_turnover_ratio": 0.75,
            "account_receivable_turnover_ratio": null,
            "reinvestment_rate": null,
            "research_to_sale_ratio": null,
            "price_fair": 9.29,
            "eps_avg_yearly": 0.27,
            "eps_latest_yearly": 0.48,
            "eps_growth_yearly": 467.68
        },
        "20064": {
            "year_quarter": 20064,
            "year": 2006,
            "quarter": 4,
            "eps": 0.11,
            "eps_growth_year": 1000,
            "eps_4q": 0.49,
            "eps_4q_growth_year": 750.73,
            "roe": 0.73,
            "roe_4q": 3.37,
            "gross_profit": 174354,
            "gross_margin": 21.8,
            "gross_margin_4q_avg": 24.83,
            "net_income": 45227,
            "revenue": 799695,
            "common_shares": 4189485,
            "book_valuer_per_share": 14.47,
            "book_valuer_per_share_4q_avg": 14.31,
            "equity": 6313890,
            "current_ratio": 112.36,
            "debt_ratio": 44.48,
            "inventory_turnover_ratio": 0.54,
            "account_receivable_turnover_ratio": null,
            "reinvestment_rate": null,
            "research_to_sale_ratio": null,
            "price_fair": 9.8,
            "eps_avg_yearly": 0.28,
            "eps_latest_yearly": 0.44,
            "eps_growth_yearly": 425.93
        },
        "20071": {
            "year_quarter": 20071,
            "year": 2007,
            "quarter": 1,
            "eps": 0.07,
            "eps_growth_year": 40,
            "eps_4q": 0.52,
            "eps_4q_growth_year": 273.87,
            "roe": 0.46,
            "roe_4q": 3.5,
            "gross_profit": 187084,
            "gross_margin": 22.98,
            "gross_margin_4q_avg": 24.4,
            "net_income": 28561,
            "revenue": 814115,
            "common_shares": 4189485,
            "book_valuer_per_share": 14.68,
            "book_valuer_per_share_4q_avg": 14.48,
            "equity": 6148680,
            "current_ratio": 146.5,
            "debt_ratio": 32.26,
            "inventory_turnover_ratio": 0.54,
            "account_receivable_turnover_ratio": null,
            "reinvestment_rate": null,
            "research_to_sale_ratio": null,
            "price_fair": 9.8,
            "eps_avg_yearly": 0.28,
            "eps_latest_yearly": 0.28,
            "eps_growth_yearly": 381.98
        },
        "20072": {
            "year_quarter": 20072,
            "year": 2007,
            "quarter": 2,
            "eps": 0.01,
            "eps_growth_year": -95.24,
            "eps_4q": 0.31,
            "eps_4q_growth_year": -8.74,
            "roe": 0.07,
            "roe_4q": 2.11,
            "gross_profit": 183900,
            "gross_margin": 22.16,
            "gross_margin_4q_avg": 22.99,
            "net_income": 4309,
            "revenue": 829986,
            "common_shares": 4189485,
            "book_valuer_per_share": 14.76,
            "book_valuer_per_share_4q_avg": 14.6,
            "equity": 6185676,
            "current_ratio": 145.35,
            "debt_ratio": 32.31,
            "inventory_turnover_ratio": 0.79,
            "account_receivable_turnover_ratio": null,
            "reinvestment_rate": null,
            "research_to_sale_ratio": null,
            "price_fair": 9.2,
            "eps_avg_yearly": 0.26,
            "eps_latest_yearly": 0.04,
            "eps_growth_yearly": 330.2
        },
        "20073": {
            "year_quarter": 20073,
            "year": 2007,
            "quarter": 3,
            "eps": 0.07,
            "eps_growth_year": -41.67,
            "eps_4q": 0.27,
            "eps_4q_growth_year": -28.69,
            "roe": 0.45,
            "roe_4q": 1.71,
            "gross_profit": 184693,
            "gross_margin": 24.02,
            "gross_margin_4q_avg": 22.74,
            "net_income": 27678,
            "revenue": 768948,
            "common_shares": 4189485,
            "book_valuer_per_share": 14.83,
            "book_valuer_per_share_4q_avg": 14.69,
            "equity": 6213529,
            "current_ratio": 140.84,
            "debt_ratio": 32.07,
            "inventory_turnover_ratio": 0.7,
            "account_receivable_turnover_ratio": null,
            "reinvestment_rate": null,
            "research_to_sale_ratio": null,
            "price_fair": 9.6,
            "eps_avg_yearly": 0.27,
            "eps_latest_yearly": 0.28,
            "eps_growth_yearly": 515.92
        },
        "20074": {
            "year_quarter": 20074,
            "year": 2007,
            "quarter": 4,
            "eps": -0.91,
            "eps_growth_year": -927.27,
            "eps_4q": -0.67,
            "eps_4q_growth_year": -236.73,
            "roe": -6.09,
            "roe_4q": -5.109999999999999,
            "gross_profit": 213254,
            "gross_margin": 24.08,
            "gross_margin_4q_avg": 23.31,
            "net_income": -382586,
            "revenue": 885609,
            "common_shares": 4189485,
            "book_valuer_per_share": 14.64,
            "book_valuer_per_share_4q_avg": 14.73,
            "equity": 6341607,
            "current_ratio": 150.76,
            "debt_ratio": 41.99,
            "inventory_turnover_ratio": 0.57,
            "account_receivable_turnover_ratio": null,
            "reinvestment_rate": null,
            "research_to_sale_ratio": null,
            "price_fair": 10.02,
            "eps_avg_yearly": 0.29,
            "eps_latest_yearly": 0.28,
            "eps_growth_yearly": 555.6
        },
        "20081": {
            "year_quarter": 20081,
            "year": 2008,
            "quarter": 1,
            "eps": 0.03,
            "eps_growth_year": -57.14,
            "eps_4q": -1.4,
            "eps_4q_growth_year": -370.58,
            "roe": 0.12,
            "roe_4q": -5.449999999999999,
            "gross_profit": 312933,
            "gross_margin": 25.99,
            "gross_margin_4q_avg": 24.06,
            "net_income": 7228,
            "revenue": 1203866,
            "common_shares": 3770536,
            "book_valuer_per_share": 15.27,
            "book_valuer_per_share_4q_avg": 14.88,
            "equity": 5957594,
            "current_ratio": 133.85,
            "debt_ratio": 42.57,
            "inventory_turnover_ratio": 0.6,
            "account_receivable_turnover_ratio": null,
            "reinvestment_rate": null,
            "research_to_sale_ratio": null,
            "price_fair": 9.57,
            "eps_avg_yearly": 0.27,
            "eps_latest_yearly": 0.28,
            "eps_growth_yearly": 513.02
        },
        "20082": {
            "year_quarter": 20082,
            "year": 2008,
            "quarter": 2,
            "eps": 0.13,
            "eps_growth_year": 1200,
            "eps_4q": -0.93,
            "eps_4q_growth_year": -401.01,
            "roe": 0.69,
            "roe_4q": -4.83,
            "gross_profit": 394460,
            "gross_margin": 27.61,
            "gross_margin_4q_avg": 25.43,
            "net_income": 41247,
            "revenue": 1428898,
            "common_shares": 3770536,
            "book_valuer_per_share": 15.39,
            "book_valuer_per_share_4q_avg": 15.03,
            "equity": 5998782,
            "current_ratio": 133.97,
            "debt_ratio": 42.39,
            "inventory_turnover_ratio": 0.7,
            "account_receivable_turnover_ratio": null,
            "reinvestment_rate": null,
            "research_to_sale_ratio": null,
            "price_fair": 10.62,
            "eps_avg_yearly": 0.3,
            "eps_latest_yearly": 0.52,
            "eps_growth_yearly": 645.34
        },
        "20083": {
            "year_quarter": 20083,
            "year": 2008,
            "quarter": 3,
            "eps": -0.07,
            "eps_growth_year": -200,
            "eps_4q": -0.93,
            "eps_4q_growth_year": -445.96,
            "roe": -0.5,
            "roe_4q": -5.78,
            "gross_profit": 328106,
            "gross_margin": 28.91,
            "gross_margin_4q_avg": 26.65,
            "net_income": -29697,
            "revenue": 1134971,
            "common_shares": 3770536,
            "book_valuer_per_share": 15.36,
            "book_valuer_per_share_4q_avg": 15.17,
            "equity": 5983404,
            "current_ratio": 141.84,
            "debt_ratio": 42.5,
            "inventory_turnover_ratio": 0.52,
            "account_receivable_turnover_ratio": null,
            "reinvestment_rate": null,
            "research_to_sale_ratio": null,
            "price_fair": 10.95,
            "eps_avg_yearly": 0.31,
            "eps_latest_yearly": 0.52,
            "eps_growth_yearly": 694.92
        },
        "20084": {
            "year_quarter": 20084,
            "year": 2008,
            "quarter": 4,
            "eps": -0.42,
            "eps_growth_year": null,
            "eps_4q": -0.27,
            "eps_4q_growth_year": null,
            "roe": -2.81,
            "roe_4q": -2.5,
            "gross_profit": 333242,
            "gross_margin": 26.9,
            "gross_margin_4q_avg": 27.35,
            "net_income": -165329,
            "revenue": 1238963,
            "common_shares": 3770536,
            "book_valuer_per_share": 15.04,
            "book_valuer_per_share_4q_avg": 15.27,
            "equity": 5801851,
            "current_ratio": 137.54,
            "debt_ratio": 43.29,
            "inventory_turnover_ratio": 0.55,
            "account_receivable_turnover_ratio": 1.77,
            "reinvestment_rate": null,
            "research_to_sale_ratio": null,
            "price_fair": 10.95,
            "eps_avg_yearly": 0.31,
            "eps_latest_yearly": 0.52,
            "eps_growth_yearly": 694.92
        },
        "20091": {
            "year_quarter": 20091,
            "year": 2009,
            "quarter": 1,
            "eps": -0.27,
            "eps_growth_year": -1000,
            "eps_4q": -0.62,
            "eps_4q_growth_year": null,
            "roe": -1.8,
            "roe_4q": -4.42,
            "gross_profit": 198361,
            "gross_margin": 21.21,
            "gross_margin_4q_avg": 26.16,
            "net_income": -103942,
            "revenue": 935193,
            "common_shares": 3770536,
            "book_valuer_per_share": 14.93,
            "book_valuer_per_share_4q_avg": 15.18,
            "equity": 5755550,
            "current_ratio": 138.36,
            "debt_ratio": 42.77,
            "inventory_turnover_ratio": 0.45,
            "account_receivable_turnover_ratio": 0.72,
            "reinvestment_rate": null,
            "research_to_sale_ratio": null,
            "price_fair": 10.95,
            "eps_avg_yearly": 0.31,
            "eps_latest_yearly": 0.52,
            "eps_growth_yearly": 694.92
        },
        "20092": {
            "year_quarter": 20092,
            "year": 2009,
            "quarter": 2,
            "eps": -0.04,
            "eps_growth_year": -130.77,
            "eps_4q": -0.78,
            "eps_4q_growth_year": null,
            "roe": -0.29,
            "roe_4q": -5.4,
            "gross_profit": 251424,
            "gross_margin": 23.95,
            "gross_margin_4q_avg": 25.24,
            "net_income": -16684,
            "revenue": 1049902,
            "common_shares": 3770536,
            "book_valuer_per_share": 14.8,
            "book_valuer_per_share_4q_avg": 15.03,
            "equity": 5702176,
            "current_ratio": 137.64,
            "debt_ratio": 42.27,
            "inventory_turnover_ratio": 0.51,
            "account_receivable_turnover_ratio": 0.89,
            "reinvestment_rate": null,
            "research_to_sale_ratio": null,
            "price_fair": 11.9,
            "eps_avg_yearly": 0.34,
            "eps_latest_yearly": 0.52,
            "eps_growth_yearly": 797.74
        },
        "20093": {
            "year_quarter": 20093,
            "year": 2009,
            "quarter": 3,
            "eps": -0.19,
            "eps_growth_year": null,
            "eps_4q": -0.89,
            "eps_4q_growth_year": null,
            "roe": -1.24,
            "roe_4q": -6.140000000000001,
            "gross_profit": 258037,
            "gross_margin": 24.27,
            "gross_margin_4q_avg": 24.08,
            "net_income": -70251,
            "revenue": 1062997,
            "common_shares": 3770536,
            "book_valuer_per_share": 14.63,
            "book_valuer_per_share_4q_avg": 14.85,
            "equity": 5636942,
            "current_ratio": 134.82,
            "debt_ratio": 42.93,
            "inventory_turnover_ratio": 0.51,
            "account_receivable_turnover_ratio": 0.91,
            "reinvestment_rate": null,
            "research_to_sale_ratio": null,
            "price_fair": 12.13,
            "eps_avg_yearly": 0.35,
            "eps_latest_yearly": 0.52,
            "eps_growth_yearly": 619.71
        },
        "20094": {
            "year_quarter": 20094,
            "year": 2009,
            "quarter": 4,
            "eps": -0.16,
            "eps_growth_year": null,
            "eps_4q": -0.66,
            "eps_4q_growth_year": null,
            "roe": -1.1,
            "roe_4q": -4.43,
            "gross_profit": 194314,
            "gross_margin": 16.54,
            "gross_margin_4q_avg": 21.49,
            "net_income": -63298,
            "revenue": 1174614,
            "common_shares": 3770536,
            "book_valuer_per_share": 15.64,
            "book_valuer_per_share_4q_avg": 15,
            "equity": 5877423,
            "current_ratio": 149.39,
            "debt_ratio": 42.32,
            "inventory_turnover_ratio": 0.6,
            "account_receivable_turnover_ratio": 1.77,
            "reinvestment_rate": null,
            "research_to_sale_ratio": null,
            "price_fair": 13.48,
            "eps_avg_yearly": 0.39,
            "eps_latest_yearly": 0.52,
            "eps_growth_yearly": 740.03
        },
        "20101": {
            "year_quarter": 20101,
            "year": 2010,
            "quarter": 1,
            "eps": 0.05,
            "eps_growth_year": null,
            "eps_4q": -0.34,
            "eps_4q_growth_year": null,
            "roe": 0.27,
            "roe_4q": -2.3600000000000003,
            "gross_profit": 297772,
            "gross_margin": 25.57,
            "gross_margin_4q_avg": 22.58,
            "net_income": 15685,
            "revenue": 1164673,
            "common_shares": 3770536,
            "book_valuer_per_share": 15.56,
            "book_valuer_per_share_4q_avg": 15.16,
            "equity": 5848881,
            "current_ratio": 145.41,
            "debt_ratio": 42.75,
            "inventory_turnover_ratio": 0.54,
            "account_receivable_turnover_ratio": 0.85,
            "reinvestment_rate": null,
            "research_to_sale_ratio": 2,
            "price_fair": 14.4,
            "eps_avg_yearly": 0.41,
            "eps_latest_yearly": 0.52,
            "eps_growth_yearly": 617.18
        },
        "20102": {
            "year_quarter": 20102,
            "year": 2010,
            "quarter": 2,
            "eps": -0.02,
            "eps_growth_year": null,
            "eps_4q": -0.33,
            "eps_4q_growth_year": null,
            "roe": -0.2,
            "roe_4q": -2.27,
            "gross_profit": 324006,
            "gross_margin": 25.57,
            "gross_margin_4q_avg": 22.99,
            "net_income": -11520,
            "revenue": 1267144,
            "common_shares": 3770536,
            "book_valuer_per_share": 15.82,
            "book_valuer_per_share_4q_avg": 15.41,
            "equity": 5940668,
            "current_ratio": 137.12,
            "debt_ratio": 43.36,
            "inventory_turnover_ratio": 0.58,
            "account_receivable_turnover_ratio": 0.88,
            "reinvestment_rate": null,
            "research_to_sale_ratio": 1.69,
            "price_fair": 11.9,
            "eps_avg_yearly": 0.34,
            "eps_latest_yearly": 0.52,
            "eps_growth_yearly": 506.71
        },
        "20103": {
            "year_quarter": 20103,
            "year": 2010,
            "quarter": 3,
            "eps": -0,
            "eps_growth_year": null,
            "eps_4q": -0.15,
            "eps_4q_growth_year": null,
            "roe": -0.09,
            "roe_4q": -1.12,
            "gross_profit": 358588,
            "gross_margin": 25.59,
            "gross_margin_4q_avg": 23.32,
            "net_income": -5038,
            "revenue": 1401331,
            "common_shares": 3770536,
            "book_valuer_per_share": 15.68,
            "book_valuer_per_share_4q_avg": 15.68,
            "equity": 5888113,
            "current_ratio": 135.47,
            "debt_ratio": 44.46,
            "inventory_turnover_ratio": 0.63,
            "account_receivable_turnover_ratio": 0.93,
            "reinvestment_rate": null,
            "research_to_sale_ratio": 1.72,
            "price_fair": 10.92,
            "eps_avg_yearly": 0.31,
            "eps_latest_yearly": 0.52,
            "eps_growth_yearly": 642.34
        },
        "20104": {
            "year_quarter": 20104,
            "year": 2010,
            "quarter": 4,
            "eps": 0.05,
            "eps_growth_year": null,
            "eps_4q": 0.07,
            "eps_4q_growth_year": null,
            "roe": 0.33,
            "roe_4q": 0.31000000000000005,
            "gross_profit": 257638,
            "gross_margin": 21.2,
            "gross_margin_4q_avg": 24.48,
            "net_income": 19169,
            "revenue": 1215374,
            "common_shares": 3770536,
            "book_valuer_per_share": 15.36,
            "book_valuer_per_share_4q_avg": 15.61,
            "equity": 5766089,
            "current_ratio": 127.13,
            "debt_ratio": 45.3,
            "inventory_turnover_ratio": 0.59,
            "account_receivable_turnover_ratio": 0.76,
            "reinvestment_rate": null,
            "research_to_sale_ratio": 1.92,
            "price_fair": 9.8,
            "eps_avg_yearly": 0.28,
            "eps_latest_yearly": 0.52,
            "eps_growth_yearly": 811.26
        },
        "20111": {
            "year_quarter": 20111,
            "year": 2011,
            "quarter": 1,
            "eps": -0.03,
            "eps_growth_year": -160,
            "eps_4q": -0,
            "eps_4q_growth_year": null,
            "roe": -0.2,
            "roe_4q": -0.16,
            "gross_profit": 314108,
            "gross_margin": 25.84,
            "gross_margin_4q_avg": 24.55,
            "net_income": -11507,
            "revenue": 1215603,
            "common_shares": 3770536,
            "book_valuer_per_share": 15.08,
            "book_valuer_per_share_4q_avg": 15.49,
            "equity": 5658797,
            "current_ratio": 124.17,
            "debt_ratio": 46.53,
            "inventory_turnover_ratio": 0.56,
            "account_receivable_turnover_ratio": 0.76,
            "reinvestment_rate": null,
            "research_to_sale_ratio": 1.82,
            "price_fair": 9.8,
            "eps_avg_yearly": 0.28,
            "eps_latest_yearly": 0.52,
            "eps_growth_yearly": 1130.16
        },
        "20112": {
            "year_quarter": 20112,
            "year": 2011,
            "quarter": 2,
            "eps": 0.11,
            "eps_growth_year": null,
            "eps_4q": 0.14,
            "eps_4q_growth_year": null,
            "roe": 0.7,
            "roe_4q": 0.74,
            "gross_profit": 368444,
            "gross_margin": 27.49,
            "gross_margin_4q_avg": 25.03,
            "net_income": 39727,
            "revenue": 1340482,
            "common_shares": 3770536,
            "book_valuer_per_share": 15.03,
            "book_valuer_per_share_4q_avg": 15.29,
            "equity": 5642061,
            "current_ratio": 119.88,
            "debt_ratio": 45.83,
            "inventory_turnover_ratio": 0.59,
            "account_receivable_turnover_ratio": 0.83,
            "reinvestment_rate": null,
            "research_to_sale_ratio": 2.49,
            "price_fair": 14,
            "eps_avg_yearly": 0.4,
            "eps_latest_yearly": 0.52,
            "eps_growth_yearly": 1866.67
        },
        "20113": {
            "year_quarter": 20113,
            "year": 2011,
            "quarter": 3,
            "eps": 0.05,
            "eps_growth_year": null,
            "eps_4q": 0.19,
            "eps_4q_growth_year": null,
            "roe": 0.3,
            "roe_4q": 1.1300000000000001,
            "gross_profit": 397433,
            "gross_margin": 27.65,
            "gross_margin_4q_avg": 25.55,
            "net_income": 16643,
            "revenue": 1437590,
            "common_shares": 3770536,
            "book_valuer_per_share": 14.82,
            "book_valuer_per_share_4q_avg": 15.07,
            "equity": 5564628,
            "current_ratio": 115.4,
            "debt_ratio": 48.35,
            "inventory_turnover_ratio": 0.59,
            "account_receivable_turnover_ratio": 0.85,
            "reinvestment_rate": null,
            "research_to_sale_ratio": 2.1,
            "price_fair": 12.6,
            "eps_avg_yearly": 0.36,
            "eps_latest_yearly": 0.2,
            "eps_growth_yearly": 557.58
        },
        "20114": {
            "year_quarter": 20114,
            "year": 2011,
            "quarter": 4,
            "eps": -0.01,
            "eps_growth_year": -118.54,
            "eps_4q": 0.12,
            "eps_4q_growth_year": 73.11,
            "roe": -0.09,
            "roe_4q": 0.71,
            "gross_profit": 421787,
            "gross_margin": 28.01,
            "gross_margin_4q_avg": 27.25,
            "net_income": -5155,
            "revenue": 1505666,
            "common_shares": 3698536,
            "book_valuer_per_share": 14.65,
            "book_valuer_per_share_4q_avg": 14.9,
            "equity": 5529976,
            "current_ratio": 140.62,
            "debt_ratio": 47.97,
            "inventory_turnover_ratio": 0.59,
            "account_receivable_turnover_ratio": 0.85,
            "reinvestment_rate": null,
            "research_to_sale_ratio": 0.58,
            "price_fair": 12.6,
            "eps_avg_yearly": 0.36,
            "eps_latest_yearly": 0.2,
            "eps_growth_yearly": 557.58
        },
        "20121": {
            "year_quarter": 20121,
            "year": 2012,
            "quarter": 1,
            "eps": -0.02,
            "eps_growth_year": null,
            "eps_4q": 0.13,
            "eps_4q_growth_year": null,
            "roe": -0.13,
            "roe_4q": 0.7799999999999999,
            "gross_profit": 285416,
            "gross_margin": 23.65,
            "gross_margin_4q_avg": 26.7,
            "net_income": -7350,
            "revenue": 1207081,
            "common_shares": 3698536,
            "book_valuer_per_share": 15.02,
            "book_valuer_per_share_4q_avg": 14.88,
            "equity": 5666558,
            "current_ratio": 146.11,
            "debt_ratio": 46.76,
            "inventory_turnover_ratio": 0.5,
            "account_receivable_turnover_ratio": 0.67,
            "reinvestment_rate": null,
            "research_to_sale_ratio": 2.04,
            "price_fair": 12.6,
            "eps_avg_yearly": 0.36,
            "eps_latest_yearly": 0.2,
            "eps_growth_yearly": 557.58
        },
        "20122": {
            "year_quarter": 20122,
            "year": 2012,
            "quarter": 2,
            "eps": 0,
            "eps_growth_year": -97.07,
            "eps_4q": 0.02,
            "eps_4q_growth_year": -81.8,
            "roe": -0.01,
            "roe_4q": 0.06999999999999998,
            "gross_profit": 334768,
            "gross_margin": 24.76,
            "gross_margin_4q_avg": 26.02,
            "net_income": -330,
            "revenue": 1352235,
            "common_shares": 3698536,
            "book_valuer_per_share": 14.79,
            "book_valuer_per_share_4q_avg": 14.82,
            "equity": 5583733,
            "current_ratio": 143.01,
            "debt_ratio": 47.68,
            "inventory_turnover_ratio": 0.55,
            "account_receivable_turnover_ratio": 0.76,
            "reinvestment_rate": null,
            "research_to_sale_ratio": 2.49,
            "price_fair": 0.6,
            "eps_avg_yearly": 0.2,
            "eps_latest_yearly": 0.2,
            "eps_growth_yearly": -218.18
        },
        "20123": {
            "year_quarter": 20123,
            "year": 2012,
            "quarter": 3,
            "eps": 0.17,
            "eps_growth_year": 263.63,
            "eps_4q": 0.15,
            "eps_4q_growth_year": -20.77,
            "roe": 1.08,
            "roe_4q": 0.8500000000000001,
            "gross_profit": 459793,
            "gross_margin": 30.37,
            "gross_margin_4q_avg": 26.7,
            "net_income": 60400,
            "revenue": 1513890,
            "common_shares": 3698536,
            "book_valuer_per_share": 14.77,
            "book_valuer_per_share_4q_avg": 14.81,
            "equity": 5567084,
            "current_ratio": 137.37,
            "debt_ratio": 48.63,
            "inventory_turnover_ratio": 0.56,
            "account_receivable_turnover_ratio": 0.83,
            "reinvestment_rate": null,
            "research_to_sale_ratio": 2.08,
            "price_fair": 0.6,
            "eps_avg_yearly": 0.2,
            "eps_latest_yearly": 0.2,
            "eps_growth_yearly": -218.18
        },
        "20124": {
            "year_quarter": 20124,
            "year": 2012,
            "quarter": 4,
            "eps": -0.04,
            "eps_growth_year": null,
            "eps_4q": 0.12,
            "eps_4q_growth_year": -5.55,
            "roe": -0.31,
            "roe_4q": 0.63,
            "gross_profit": 446123,
            "gross_margin": 27.47,
            "gross_margin_4q_avg": 26.56,
            "net_income": -17343,
            "revenue": 1624049,
            "common_shares": 3698536,
            "book_valuer_per_share": 14.71,
            "book_valuer_per_share_4q_avg": 14.82,
            "equity": 5542888,
            "current_ratio": 141.41,
            "debt_ratio": 49.59,
            "inventory_turnover_ratio": 0.61,
            "account_receivable_turnover_ratio": 0.84,
            "reinvestment_rate": null,
            "research_to_sale_ratio": 2.11,
            "price_fair": 0.6,
            "eps_avg_yearly": 0.2,
            "eps_latest_yearly": 0.2,
            "eps_growth_yearly": -218.18
        },
        "20131": {
            "year_quarter": 20131,
            "year": 2013,
            "quarter": 1,
            "eps": 0.05,
            "eps_growth_year": null,
            "eps_4q": 0.18,
            "eps_4q_growth_year": 37.54,
            "roe": 0.32,
            "roe_4q": 1.08,
            "gross_profit": 305558,
            "gross_margin": 24.74,
            "gross_margin_4q_avg": 26.84,
            "net_income": 17951,
            "revenue": 1234885,
            "common_shares": 3698536,
            "book_valuer_per_share": 14.76,
            "book_valuer_per_share_4q_avg": 14.76,
            "equity": 5552351,
            "current_ratio": 144.94,
            "debt_ratio": 50.05,
            "inventory_turnover_ratio": 0.47,
            "account_receivable_turnover_ratio": 0.63,
            "reinvestment_rate": null,
            "research_to_sale_ratio": 2.28,
            "price_fair": 0.6,
            "eps_avg_yearly": 0.2,
            "eps_latest_yearly": 0.2,
            "eps_growth_yearly": -218.18
        },
        "20132": {
            "year_quarter": 20132,
            "year": 2013,
            "quarter": 2,
            "eps": 0.04,
            "eps_growth_year": 1118.03,
            "eps_4q": 0.22,
            "eps_4q_growth_year": 782.52,
            "roe": 0.2,
            "roe_4q": 1.29,
            "gross_profit": 360403,
            "gross_margin": 24.61,
            "gross_margin_4q_avg": 26.8,
            "net_income": 10896,
            "revenue": 1464638,
            "common_shares": 3698536,
            "book_valuer_per_share": 14.51,
            "book_valuer_per_share_4q_avg": 14.69,
            "equity": 5457235,
            "current_ratio": 130.07,
            "debt_ratio": 51.86,
            "inventory_turnover_ratio": 0.56,
            "account_receivable_turnover_ratio": 0.76,
            "reinvestment_rate": 5136.06,
            "research_to_sale_ratio": 2.29,
            "price_fair": 0.54,
            "eps_avg_yearly": 0.18,
            "eps_latest_yearly": 0.16,
            "eps_growth_yearly": -149.09
        },
        "20133": {
            "year_quarter": 20133,
            "year": 2013,
            "quarter": 3,
            "eps": 0.2,
            "eps_growth_year": 17.18,
            "eps_4q": 0.25,
            "eps_4q_growth_year": 65.48,
            "roe": 1.33,
            "roe_4q": 1.54,
            "gross_profit": 474471,
            "gross_margin": 29.78,
            "gross_margin_4q_avg": 26.65,
            "net_income": 72731,
            "revenue": 1593193,
            "common_shares": 3698536,
            "book_valuer_per_share": 14.57,
            "book_valuer_per_share_4q_avg": 14.64,
            "equity": 5477716,
            "current_ratio": 133.16,
            "debt_ratio": 51.69,
            "inventory_turnover_ratio": 0.58,
            "account_receivable_turnover_ratio": 0.8,
            "reinvestment_rate": 574.12,
            "research_to_sale_ratio": 2.07,
            "price_fair": 13.53,
            "eps_avg_yearly": 0.39,
            "eps_latest_yearly": 0.8,
            "eps_growth_yearly": 433.94
        },
        "20134": {
            "year_quarter": 20134,
            "year": 2013,
            "quarter": 4,
            "eps": 0.2,
            "eps_growth_year": null,
            "eps_4q": 0.49,
            "eps_4q_growth_year": 319.32,
            "roe": 1.35,
            "roe_4q": 3.2,
            "gross_profit": 537238,
            "gross_margin": 31.12,
            "gross_margin_4q_avg": 27.56,
            "net_income": 75048,
            "revenue": 1726301,
            "common_shares": 3698536,
            "book_valuer_per_share": 14.97,
            "book_valuer_per_share_4q_avg": 14.7,
            "equity": 5617762,
            "current_ratio": 131.53,
            "debt_ratio": 50.87,
            "inventory_turnover_ratio": 0.63,
            "account_receivable_turnover_ratio": 0.86,
            "reinvestment_rate": 139.1,
            "research_to_sale_ratio": 2.13,
            "price_fair": 17.15,
            "eps_avg_yearly": 0.49,
            "eps_latest_yearly": 0.8,
            "eps_growth_yearly": 325.45
        },
        "20141": {
            "year_quarter": 20141,
            "year": 2014,
            "quarter": 1,
            "eps": 0.03,
            "eps_growth_year": -40,
            "eps_4q": 0.46,
            "eps_4q_growth_year": 152.48,
            "roe": 0.18,
            "roe_4q": 3.0600000000000005,
            "gross_profit": 320346,
            "gross_margin": 24.22,
            "gross_margin_4q_avg": 27.43,
            "net_income": 10059,
            "revenue": 1322733,
            "common_shares": 3698536,
            "book_valuer_per_share": 15.2,
            "book_valuer_per_share_4q_avg": 14.81,
            "equity": 5702413,
            "current_ratio": 133.61,
            "debt_ratio": 49.66,
            "inventory_turnover_ratio": 0.55,
            "account_receivable_turnover_ratio": 0.69,
            "reinvestment_rate": 163.51,
            "research_to_sale_ratio": 2.08,
            "price_fair": 14.56,
            "eps_avg_yearly": 0.42,
            "eps_latest_yearly": 0.12,
            "eps_growth_yearly": 192.36
        },
        "20142": {
            "year_quarter": 20142,
            "year": 2014,
            "quarter": 2,
            "eps": 0.42,
            "eps_growth_year": 950,
            "eps_4q": 0.85,
            "eps_4q_growth_year": 288.76,
            "roe": 2.73,
            "roe_4q": 5.59,
            "gross_profit": 504386,
            "gross_margin": 29.77,
            "gross_margin_4q_avg": 28.72,
            "net_income": 156282,
            "revenue": 1694037,
            "common_shares": 3698536,
            "book_valuer_per_share": 15.29,
            "book_valuer_per_share_4q_avg": 15.01,
            "equity": 5736337,
            "current_ratio": 130.5,
            "debt_ratio": 49.96,
            "inventory_turnover_ratio": 0.67,
            "account_receivable_turnover_ratio": 0.9,
            "reinvestment_rate": 57.54,
            "research_to_sale_ratio": 2.18,
            "price_fair": 21.93,
            "eps_avg_yearly": 0.63,
            "eps_latest_yearly": 1.68,
            "eps_growth_yearly": 1026.97
        },
        "20143": {
            "year_quarter": 20143,
            "year": 2014,
            "quarter": 3,
            "eps": 0.04,
            "eps_growth_year": -80,
            "eps_4q": 0.68,
            "eps_4q_growth_year": 178.73,
            "roe": 0.27,
            "roe_4q": 4.53,
            "gross_profit": 389536,
            "gross_margin": 26.71,
            "gross_margin_4q_avg": 27.96,
            "net_income": 15541,
            "revenue": 1458162,
            "common_shares": 3698536,
            "book_valuer_per_share": 15.44,
            "book_valuer_per_share_4q_avg": 15.23,
            "equity": 5793985,
            "current_ratio": 128.85,
            "debt_ratio": 49.47,
            "inventory_turnover_ratio": 0.6,
            "account_receivable_turnover_ratio": 0.78,
            "reinvestment_rate": 81.17,
            "research_to_sale_ratio": 2.25,
            "price_fair": 19.6,
            "eps_avg_yearly": 0.56,
            "eps_latest_yearly": 0.16,
            "eps_growth_yearly": 828.56
        },
        "20144": {
            "year_quarter": 20144,
            "year": 2014,
            "quarter": 4,
            "eps": 0.01,
            "eps_growth_year": -96.03,
            "eps_4q": 0.49,
            "eps_4q_growth_year": 1.3,
            "roe": 0.09,
            "roe_4q": 3.27,
            "gross_profit": 402829,
            "gross_margin": 26.69,
            "gross_margin_4q_avg": 26.85,
            "net_income": 5395,
            "revenue": 1509395,
            "common_shares": 3698536,
            "book_valuer_per_share": 15.71,
            "book_valuer_per_share_4q_avg": 15.41,
            "equity": 5897980,
            "current_ratio": 127.76,
            "debt_ratio": 49.32,
            "inventory_turnover_ratio": 0.59,
            "account_receivable_turnover_ratio": 0.81,
            "reinvestment_rate": 97.77,
            "research_to_sale_ratio": 2.31,
            "price_fair": 17.33,
            "eps_avg_yearly": 0.5,
            "eps_latest_yearly": 0.04,
            "eps_growth_yearly": 687.49
        },
        "20151": {
            "year_quarter": 20151,
            "year": 2015,
            "quarter": 1,
            "eps": 0.04,
            "eps_growth_year": 33.33,
            "eps_4q": 0.5,
            "eps_4q_growth_year": 8.93,
            "roe": 0.22,
            "roe_4q": 3.31,
            "gross_profit": 362552,
            "gross_margin": 26.31,
            "gross_margin_4q_avg": 27.37,
            "net_income": 13135,
            "revenue": 1377752,
            "common_shares": 3698536,
            "book_valuer_per_share": 15.77,
            "book_valuer_per_share_4q_avg": 15.55,
            "equity": 5920351,
            "current_ratio": 129.25,
            "debt_ratio": 48.23,
            "inventory_turnover_ratio": 0.54,
            "account_receivable_turnover_ratio": 0.77,
            "reinvestment_rate": 94.09,
            "research_to_sale_ratio": 2.31,
            "price_fair": 16.02,
            "eps_avg_yearly": 0.46,
            "eps_latest_yearly": 0.16,
            "eps_growth_yearly": 744.43
        },
        "20152": {
            "year_quarter": 20152,
            "year": 2015,
            "quarter": 2,
            "eps": 0.14,
            "eps_growth_year": -66.67,
            "eps_4q": 0.23,
            "eps_4q_growth_year": -73.21,
            "roe": 0.88,
            "roe_4q": 1.4600000000000002,
            "gross_profit": 447270,
            "gross_margin": 28.88,
            "gross_margin_4q_avg": 27.15,
            "net_income": 51103,
            "revenue": 1548924,
            "common_shares": 3698536,
            "book_valuer_per_share": 15.22,
            "book_valuer_per_share_4q_avg": 15.54,
            "equity": 5712120,
            "current_ratio": 123.15,
            "debt_ratio": 49.42,
            "inventory_turnover_ratio": 0.59,
            "account_receivable_turnover_ratio": 0.88,
            "reinvestment_rate": 103.6,
            "research_to_sale_ratio": 2.28,
            "price_fair": 16.38,
            "eps_avg_yearly": 0.47,
            "eps_latest_yearly": 0.56,
            "eps_growth_yearly": 769.99
        },
        "20153": {
            "year_quarter": 20153,
            "year": 2015,
            "quarter": 3,
            "eps": 0.12,
            "eps_growth_year": 200,
            "eps_4q": 0.3,
            "eps_4q_growth_year": -55.47,
            "roe": 0.72,
            "roe_4q": 1.9100000000000001,
            "gross_profit": 369870,
            "gross_margin": 27.41,
            "gross_margin_4q_avg": 27.32,
            "net_income": 41008,
            "revenue": 1349433,
            "common_shares": 3698536,
            "book_valuer_per_share": 15.11,
            "book_valuer_per_share_4q_avg": 15.45,
            "equity": 5673293,
            "current_ratio": 126.43,
            "debt_ratio": 49.66,
            "inventory_turnover_ratio": 0.5,
            "account_receivable_turnover_ratio": 0.76,
            "reinvestment_rate": 100.02,
            "research_to_sale_ratio": 2.43,
            "price_fair": 17.36,
            "eps_avg_yearly": 0.5,
            "eps_latest_yearly": 0.48,
            "eps_growth_yearly": 786.1
        },
        "20154": {
            "year_quarter": 20154,
            "year": 2015,
            "quarter": 4,
            "eps": 0.05,
            "eps_growth_year": 523.87,
            "eps_4q": 0.35,
            "eps_4q_growth_year": -29.81,
            "roe": 0.3,
            "roe_4q": 2.12,
            "gross_profit": 499324,
            "gross_margin": 29.43,
            "gross_margin_4q_avg": 28.01,
            "net_income": 17099,
            "revenue": 1696557,
            "common_shares": 3698536,
            "book_valuer_per_share": 15.03,
            "book_valuer_per_share_4q_avg": 15.28,
            "equity": 5640197,
            "current_ratio": 132.66,
            "debt_ratio": 49.98,
            "inventory_turnover_ratio": 0.6,
            "account_receivable_turnover_ratio": 0.96,
            "reinvestment_rate": 89.17,
            "research_to_sale_ratio": 2.48,
            "price_fair": 16.42,
            "eps_avg_yearly": 0.47,
            "eps_latest_yearly": 0.2,
            "eps_growth_yearly": 693.42
        },
        "20161": {
            "year_quarter": 20161,
            "year": 2016,
            "quarter": 1,
            "eps": -0.1,
            "eps_growth_year": -350,
            "eps_4q": 0.2,
            "eps_4q_growth_year": -59.7,
            "roe": -0.72,
            "roe_4q": 1.18,
            "gross_profit": 288440,
            "gross_margin": 21.69,
            "gross_margin_4q_avg": 26.85,
            "net_income": -40419,
            "revenue": 1329955,
            "common_shares": 3698536,
            "book_valuer_per_share": 14.83,
            "book_valuer_per_share_4q_avg": 15.05,
            "equity": 5563684,
            "current_ratio": 131.33,
            "debt_ratio": 49.47,
            "inventory_turnover_ratio": 0.55,
            "account_receivable_turnover_ratio": 0.76,
            "reinvestment_rate": 61.53,
            "research_to_sale_ratio": 3.04,
            "price_fair": 16.42,
            "eps_avg_yearly": 0.47,
            "eps_latest_yearly": 0.2,
            "eps_growth_yearly": 693.42
        },
        "20162": {
            "year_quarter": 20162,
            "year": 2016,
            "quarter": 2,
            "eps": 0.05,
            "eps_growth_year": -64.29,
            "eps_4q": 0.11,
            "eps_4q_growth_year": -51.19,
            "roe": 0.29,
            "roe_4q": 0.59,
            "gross_profit": 389460,
            "gross_margin": 27.35,
            "gross_margin_4q_avg": 26.47,
            "net_income": 15868,
            "revenue": 1424231,
            "common_shares": 3698536,
            "book_valuer_per_share": 14.42,
            "book_valuer_per_share_4q_avg": 14.85,
            "equity": 5410745,
            "current_ratio": 115.48,
            "debt_ratio": 50.53,
            "inventory_turnover_ratio": 0.55,
            "account_receivable_turnover_ratio": 0.89,
            "reinvestment_rate": 54.63,
            "research_to_sale_ratio": 2.54,
            "price_fair": 16.42,
            "eps_avg_yearly": 0.47,
            "eps_latest_yearly": 0.2,
            "eps_growth_yearly": 693.42
        },
        "20163": {
            "year_quarter": 20163,
            "year": 2016,
            "quarter": 3,
            "eps": 0.86,
            "eps_growth_year": 616.67,
            "eps_4q": 0.86,
            "eps_4q_growth_year": 181.56,
            "roe": 5.68,
            "roe_4q": 5.55,
            "gross_profit": 376211,
            "gross_margin": 25.35,
            "gross_margin_4q_avg": 25.96,
            "net_income": 316087,
            "revenue": 1483811,
            "common_shares": 3698536,
            "book_valuer_per_share": 15.27,
            "book_valuer_per_share_4q_avg": 14.89,
            "equity": 5722796,
            "current_ratio": 126.08,
            "debt_ratio": 49.28,
            "inventory_turnover_ratio": 0.58,
            "account_receivable_turnover_ratio": 0.89,
            "reinvestment_rate": 8.54,
            "research_to_sale_ratio": 2.5,
            "price_fair": 25.08,
            "eps_avg_yearly": 0.72,
            "eps_latest_yearly": 3.44,
            "eps_growth_yearly": 1175.63
        },
        "20164": {
            "year_quarter": 20164,
            "year": 2016,
            "quarter": 4,
            "eps": -0,
            "eps_growth_year": -105.83,
            "eps_4q": 0.81,
            "eps_4q_growth_year": 132.77,
            "roe": -0,
            "roe_4q": 5.25,
            "gross_profit": 442291,
            "gross_margin": 26.28,
            "gross_margin_4q_avg": 25.17,
            "net_income": -253,
            "revenue": 1683069,
            "common_shares": 3698536,
            "book_valuer_per_share": 15.24,
            "book_valuer_per_share_4q_avg": 14.94,
            "equity": 5713537,
            "current_ratio": 114.58,
            "debt_ratio": 50.51,
            "inventory_turnover_ratio": 0.66,
            "account_receivable_turnover_ratio": 0.89,
            "reinvestment_rate": 10.59,
            "research_to_sale_ratio": 2.73,
            "price_fair": 25.08,
            "eps_avg_yearly": 0.72,
            "eps_latest_yearly": 3.44,
            "eps_growth_yearly": 1175.63
        },
        "20171": {
            "year_quarter": 20171,
            "year": 2017,
            "quarter": 1,
            "eps": 0.06,
            "eps_growth_year": null,
            "eps_4q": 0.97,
            "eps_4q_growth_year": 375.01,
            "roe": 0.33,
            "roe_4q": 6.3,
            "gross_profit": 309970,
            "gross_margin": 24.55,
            "gross_margin_4q_avg": 25.88,
            "net_income": 19023,
            "revenue": 1262535,
            "common_shares": 3698536,
            "book_valuer_per_share": 15.07,
            "book_valuer_per_share_4q_avg": 15,
            "equity": 5645193,
            "current_ratio": 113.33,
            "debt_ratio": 49.27,
            "inventory_turnover_ratio": 0.52,
            "account_receivable_turnover_ratio": 0.69,
            "reinvestment_rate": -5.84,
            "research_to_sale_ratio": 2.49,
            "price_fair": 25.08,
            "eps_avg_yearly": 0.72,
            "eps_latest_yearly": 3.44,
            "eps_growth_yearly": 1175.63
        },
        "20172": {
            "year_quarter": 20172,
            "year": 2017,
            "quarter": 2,
            "eps": 0.07,
            "eps_growth_year": 40,
            "eps_4q": 0.99,
            "eps_4q_growth_year": 795.06,
            "roe": 0.44,
            "roe_4q": 6.449999999999999,
            "gross_profit": 393499,
            "gross_margin": 27.27,
            "gross_margin_4q_avg": 25.86,
            "net_income": 24751,
            "revenue": 1443220,
            "common_shares": 3698536,
            "book_valuer_per_share": 15.23,
            "book_valuer_per_share_4q_avg": 15.2,
            "equity": 5703872,
            "current_ratio": 113.31,
            "debt_ratio": 49,
            "inventory_turnover_ratio": 0.57,
            "account_receivable_turnover_ratio": 0.85,
            "reinvestment_rate": -25.24,
            "research_to_sale_ratio": 2.67,
            "price_fair": 25.43,
            "eps_avg_yearly": 0.73,
            "eps_latest_yearly": 0.28,
            "eps_growth_yearly": 1187.86
        },
        "20173": {
            "year_quarter": 20173,
            "year": 2017,
            "quarter": 3,
            "eps": 0.15,
            "eps_growth_year": -82.56,
            "eps_4q": 0.28,
            "eps_4q_growth_year": -67.33,
            "roe": 0.96,
            "roe_4q": 1.73,
            "gross_profit": 378527,
            "gross_margin": 26.76,
            "gross_margin_4q_avg": 26.22,
            "net_income": 54891,
            "revenue": 1414515,
            "common_shares": 3698536,
            "book_valuer_per_share": 15.46,
            "book_valuer_per_share_4q_avg": 15.25,
            "equity": 5784575,
            "current_ratio": 116.26,
            "debt_ratio": 48.51,
            "inventory_turnover_ratio": 0.54,
            "account_receivable_turnover_ratio": 0.85,
            "reinvestment_rate": -20.19,
            "research_to_sale_ratio": 2.78,
            "price_fair": 24.85,
            "eps_avg_yearly": 0.71,
            "eps_latest_yearly": 0.6,
            "eps_growth_yearly": 1092.62
        },
        "20174": {
            "year_quarter": 20174,
            "year": 2017,
            "quarter": 4,
            "eps": 0.17,
            "eps_growth_year": null,
            "eps_4q": 0.46,
            "eps_4q_growth_year": -43.36,
            "roe": 1.05,
            "roe_4q": 2.78,
            "gross_profit": 456547,
            "gross_margin": 28.73,
            "gross_margin_4q_avg": 26.83,
            "net_income": 61220,
            "revenue": 1589099,
            "common_shares": 3698536,
            "book_valuer_per_share": 15.61,
            "book_valuer_per_share_4q_avg": 15.34,
            "equity": 5836591,
            "current_ratio": 146.15,
            "debt_ratio": 47.92,
            "inventory_turnover_ratio": 0.59,
            "account_receivable_turnover_ratio": 0.94,
            "reinvestment_rate": -34.54,
            "research_to_sale_ratio": 2.44,
            "price_fair": 24.5,
            "eps_avg_yearly": 0.7,
            "eps_latest_yearly": 0.68,
            "eps_growth_yearly": 1097.06
        },
        "20181": {
            "year_quarter": 20181,
            "year": 2018,
            "quarter": 1,
            "eps": -0.01,
            "eps_growth_year": -116.67,
            "eps_4q": 0.39,
            "eps_4q_growth_year": -59.55,
            "roe": -0.09,
            "roe_4q": 2.36,
            "gross_profit": 301773,
            "gross_margin": 24.49,
            "gross_margin_4q_avg": 26.81,
            "net_income": -5163,
            "revenue": 1232333,
            "common_shares": 3698536,
            "book_valuer_per_share": 15.52,
            "book_valuer_per_share_4q_avg": 15.46,
            "equity": 5801656,
            "current_ratio": 144.01,
            "debt_ratio": 47.19,
            "inventory_turnover_ratio": 0.48,
            "account_receivable_turnover_ratio": 0.75,
            "reinvestment_rate": -144.21,
            "research_to_sale_ratio": 2.7,
            "price_fair": 26.35,
            "eps_avg_yearly": 0.75,
            "eps_latest_yearly": 0.68,
            "eps_growth_yearly": 1227.71
        },
        "20182": {
            "year_quarter": 20182,
            "year": 2018,
            "quarter": 2,
            "eps": -0.05,
            "eps_growth_year": -171.43,
            "eps_4q": 0.27,
            "eps_4q_growth_year": -72.89,
            "roe": -0.35,
            "roe_4q": 1.57,
            "gross_profit": 339699,
            "gross_margin": 24.83,
            "gross_margin_4q_avg": 26.2,
            "net_income": -20125,
            "revenue": 1368312,
            "common_shares": 3698536,
            "book_valuer_per_share": 15.21,
            "book_valuer_per_share_4q_avg": 15.45,
            "equity": 5685190,
            "current_ratio": 138.15,
            "debt_ratio": 48.09,
            "inventory_turnover_ratio": 0.53,
            "account_receivable_turnover_ratio": 0.88,
            "reinvestment_rate": -173.83,
            "research_to_sale_ratio": 2.57,
            "price_fair": 23.1,
            "eps_avg_yearly": 0.66,
            "eps_latest_yearly": 0.68,
            "eps_growth_yearly": 830.48
        },
        "20183": {
            "year_quarter": 20183,
            "year": 2018,
            "quarter": 3,
            "eps": -0.03,
            "eps_growth_year": -120,
            "eps_4q": 0.09,
            "eps_4q_growth_year": -69.07,
            "roe": -0.2,
            "roe_4q": 0.41000000000000003,
            "gross_profit": 309346,
            "gross_margin": 23.59,
            "gross_margin_4q_avg": 25.41,
            "net_income": -11568,
            "revenue": 1311303,
            "common_shares": 3698536,
            "book_valuer_per_share": 15.02,
            "book_valuer_per_share_4q_avg": 15.34,
            "equity": 5615115,
            "current_ratio": 134.98,
            "debt_ratio": 48.17,
            "inventory_turnover_ratio": 0.5,
            "account_receivable_turnover_ratio": 0.86,
            "reinvestment_rate": -184.34,
            "research_to_sale_ratio": 3.33,
            "price_fair": 25.04,
            "eps_avg_yearly": 0.72,
            "eps_latest_yearly": 0.68,
            "eps_growth_yearly": 962.96
        },
        "20184": {
            "year_quarter": 20184,
            "year": 2018,
            "quarter": 4,
            "eps": -0.09,
            "eps_growth_year": -152.91,
            "eps_4q": -0.18,
            "eps_4q_growth_year": -139.01,
            "roe": -0.72,
            "roe_4q": -1.36,
            "gross_profit": 352639,
            "gross_margin": 22.69,
            "gross_margin_4q_avg": 23.9,
            "net_income": -40376,
            "revenue": 1554226,
            "common_shares": 3698536,
            "book_valuer_per_share": 14.84,
            "book_valuer_per_share_4q_avg": 15.15,
            "equity": 5542052,
            "current_ratio": 133.24,
            "debt_ratio": 48.62,
            "inventory_turnover_ratio": 0.6,
            "account_receivable_turnover_ratio": 1.02,
            "reinvestment_rate": -213.63,
            "research_to_sale_ratio": 2.52,
            "price_fair": 28,
            "eps_avg_yearly": 0.8,
            "eps_latest_yearly": 0.68,
            "eps_growth_yearly": 1120.83
        },
        "20191": {
            "year_quarter": 20191,
            "year": 2019,
            "quarter": 1,
            "eps": 0.1,
            "eps_growth_year": null,
            "eps_4q": -0.27,
            "eps_4q_growth_year": -169.11,
            "roe": -0.74,
            "roe_4q": -2.01,
            "gross_profit": 268433,
            "gross_margin": 22.3,
            "gross_margin_4q_avg": 23.35,
            "net_income": -41113,
            "revenue": 1203616,
            "common_shares": 3698536,
            "book_valuer_per_share": 15.1,
            "book_valuer_per_share_4q_avg": 15.04,
            "equity": 5635089,
            "current_ratio": 133.57,
            "debt_ratio": 48.03,
            "inventory_turnover_ratio": 0.46,
            "account_receivable_turnover_ratio": 0.82,
            "reinvestment_rate": -235.28,
            "research_to_sale_ratio": 2.63,
            "price_fair": 31.2,
            "eps_avg_yearly": 0.89,
            "eps_latest_yearly": 0.68,
            "eps_growth_yearly": 1109.52
        },
        "20192": {
            "year_quarter": 20192,
            "year": 2019,
            "quarter": 2,
            "eps": -0.01,
            "eps_growth_year": null,
            "eps_4q": -0.23,
            "eps_4q_growth_year": -184.28,
            "roe": -0.1,
            "roe_4q": -1.76,
            "gross_profit": 333880,
            "gross_margin": 24.29,
            "gross_margin_4q_avg": 23.22,
            "net_income": -5611,
            "revenue": 1374745,
            "common_shares": 3698536,
            "book_valuer_per_share": 14.97,
            "book_valuer_per_share_4q_avg": 14.98,
            "equity": 5586135,
            "current_ratio": 133.58,
            "debt_ratio": 48.97,
            "inventory_turnover_ratio": 0.5,
            "account_receivable_turnover_ratio": 1,
            "reinvestment_rate": -241.36,
            "research_to_sale_ratio": 2.78,
            "price_fair": 33.13,
            "eps_avg_yearly": 0.95,
            "eps_latest_yearly": 0.68,
            "eps_growth_yearly": 1127.78
        },
        "20193": {
            "year_quarter": 20193,
            "year": 2019,
            "quarter": 3,
            "eps": 0.19,
            "eps_growth_year": null,
            "eps_4q": -0.01,
            "eps_4q_growth_year": -108.72,
            "roe": 1.21,
            "roe_4q": -0.3500000000000001,
            "gross_profit": 422886,
            "gross_margin": 29.07,
            "gross_margin_4q_avg": 24.59,
            "net_income": 67793,
            "revenue": 1454663,
            "common_shares": 3698536,
            "book_valuer_per_share": 15.06,
            "book_valuer_per_share_4q_avg": 14.99,
            "equity": 5614781,
            "current_ratio": 134.22,
            "debt_ratio": 48.83,
            "inventory_turnover_ratio": 0.48,
            "account_receivable_turnover_ratio": 1,
            "reinvestment_rate": -224,
            "research_to_sale_ratio": 2.95,
            "price_fair": 36.4,
            "eps_avg_yearly": 1.04,
            "eps_latest_yearly": 0.68,
            "eps_growth_yearly": 1364.76
        },
        "20194": {
            "year_quarter": 20194,
            "year": 2019,
            "quarter": 4,
            "eps": 0.05,
            "eps_growth_year": null,
            "eps_4q": 0.13,
            "eps_4q_growth_year": null,
            "roe": 0.26,
            "roe_4q": 0.6299999999999999,
            "gross_profit": 363308,
            "gross_margin": 24.33,
            "gross_margin_4q_avg": 25,
            "net_income": 14873,
            "revenue": 1493228,
            "common_shares": 3698536,
            "book_valuer_per_share": 15.31,
            "book_valuer_per_share_4q_avg": 15.11,
            "equity": 5706510,
            "current_ratio": 123.5,
            "debt_ratio": 47.71,
            "inventory_turnover_ratio": 0.54,
            "account_receivable_turnover_ratio": 1.04,
            "reinvestment_rate": -216.35,
            "research_to_sale_ratio": 2.44,
            "price_fair": 36.4,
            "eps_avg_yearly": 1.04,
            "eps_latest_yearly": 0.2,
            "eps_growth_yearly": 1352.48
        },
        "20201": {
            "year_quarter": 20201,
            "year": 2020,
            "quarter": 1,
            "eps": 0,
            "eps_growth_year": -100,
            "eps_4q": 0.23,
            "eps_4q_growth_year": null,
            "roe": -0.04,
            "roe_4q": 1.3299999999999998,
            "gross_profit": 311880,
            "gross_margin": 25.75,
            "gross_margin_4q_avg": 25.86,
            "net_income": -2368,
            "revenue": 1211279,
            "common_shares": 3698536,
            "book_valuer_per_share": 14.72,
            "book_valuer_per_share_4q_avg": 15.02,
            "equity": 5483843,
            "current_ratio": 122.63,
            "debt_ratio": 48.43,
            "inventory_turnover_ratio": 0.45,
            "account_receivable_turnover_ratio": 0.92,
            "reinvestment_rate": -191.79,
            "research_to_sale_ratio": 2.79,
            "price_fair": 36.4,
            "eps_avg_yearly": 1.04,
            "eps_latest_yearly": 0.2,
            "eps_growth_yearly": 1352.48
        },
        "20202": {
            "year_quarter": 20202,
            "year": 2020,
            "quarter": 2,
            "eps": 0.11,
            "eps_growth_year": null,
            "eps_4q": 0.35,
            "eps_4q_growth_year": null,
            "roe": 0.68,
            "roe_4q": 2.11,
            "gross_profit": 310788,
            "gross_margin": 25.81,
            "gross_margin_4q_avg": 26.24,
            "net_income": 37729,
            "revenue": 1203973,
            "common_shares": 3698536,
            "book_valuer_per_share": 15.19,
            "book_valuer_per_share_4q_avg": 15.07,
            "equity": 5658130,
            "current_ratio": 121.37,
            "debt_ratio": 47.44,
            "inventory_turnover_ratio": 0.45,
            "account_receivable_turnover_ratio": 0.94,
            "reinvestment_rate": -176.69,
            "research_to_sale_ratio": 2.6,
            "price_fair": 36.4,
            "eps_avg_yearly": 1.04,
            "eps_latest_yearly": 0.2,
            "eps_growth_yearly": 1352.48
        },
        "20203": {
            "year_quarter": 20203,
            "year": 2020,
            "quarter": 3,
            "eps": 0.01,
            "eps_growth_year": -94.74,
            "eps_4q": 0.17,
            "eps_4q_growth_year": null,
            "roe": 0.04,
            "roe_4q": 0.9400000000000001,
            "gross_profit": 274265,
            "gross_margin": 20.3,
            "gross_margin_4q_avg": 24.05,
            "net_income": 2509,
            "revenue": 1351097,
            "common_shares": 3698536,
            "book_valuer_per_share": 15.36,
            "book_valuer_per_share_4q_avg": 15.15,
            "equity": 5717038,
            "current_ratio": 122.01,
            "debt_ratio": 47.21,
            "inventory_turnover_ratio": 0.57,
            "account_receivable_turnover_ratio": 1,
            "reinvestment_rate": -382.06,
            "research_to_sale_ratio": 2.67,
            "price_fair": 1.08,
            "eps_avg_yearly": 0.36,
            "eps_latest_yearly": 0.04,
            "eps_growth_yearly": -16.25
        },
        "20204": {
            "year_quarter": 20204,
            "year": 2020,
            "quarter": 4,
            "eps": 0.11,
            "eps_growth_year": 147.76,
            "eps_4q": 0.24,
            "eps_4q_growth_year": 81.14,
            "roe": 0.71,
            "roe_4q": 1.3900000000000001,
            "gross_profit": 357853,
            "gross_margin": 26.79,
            "gross_margin_4q_avg": 24.66,
            "net_income": 41534,
            "revenue": 1335858,
            "common_shares": 3698536,
            "book_valuer_per_share": 16,
            "book_valuer_per_share_4q_avg": 15.32,
            "equity": 5951582,
            "current_ratio": 132.63,
            "debt_ratio": 44.58,
            "inventory_turnover_ratio": 0.57,
            "account_receivable_turnover_ratio": 1.01,
            "reinvestment_rate": -505.36,
            "research_to_sale_ratio": 2.61,
            "price_fair": 13.07,
            "eps_avg_yearly": 0.37,
            "eps_latest_yearly": 0.44,
            "eps_growth_yearly": 653.13
        },
        "20211": {
            "year_quarter": 20211,
            "year": 2021,
            "quarter": 1,
            "eps": -0.03,
            "eps_growth_year": null,
            "eps_4q": 0.2,
            "eps_4q_growth_year": -12.33,
            "roe": -0.25,
            "roe_4q": 1.18,
            "gross_profit": 287948,
            "gross_margin": 24.28,
            "gross_margin_4q_avg": 24.3,
            "net_income": -14861,
            "revenue": 1185829,
            "common_shares": 3698536,
            "book_valuer_per_share": 16.37,
            "book_valuer_per_share_4q_avg": 15.73,
            "equity": 6085634,
            "current_ratio": 134.24,
            "debt_ratio": 42.53,
            "inventory_turnover_ratio": 0.57,
            "account_receivable_turnover_ratio": 0.97,
            "reinvestment_rate": -625.6,
            "research_to_sale_ratio": 2.45,
            "price_fair": 13.07,
            "eps_avg_yearly": 0.37,
            "eps_latest_yearly": 0.44,
            "eps_growth_yearly": 653.13
        },
        "20212": {
            "year_quarter": 20212,
            "year": 2021,
            "quarter": 2,
            "eps": 0.19,
            "eps_growth_year": 72.73,
            "eps_4q": 0.28,
            "eps_4q_growth_year": -18.21,
            "roe": 1.09,
            "roe_4q": 1.59,
            "gross_profit": 350638,
            "gross_margin": 25.93,
            "gross_margin_4q_avg": 24.33,
            "net_income": 66365,
            "revenue": 1352322,
            "common_shares": 3698536,
            "book_valuer_per_share": 16.29,
            "book_valuer_per_share_4q_avg": 16.01,
            "equity": 6052487,
            "current_ratio": 132.43,
            "debt_ratio": 43.5,
            "inventory_turnover_ratio": 0.65,
            "account_receivable_turnover_ratio": 1.11,
            "reinvestment_rate": -552.2,
            "research_to_sale_ratio": 2.43,
            "price_fair": 13.72,
            "eps_avg_yearly": 0.39,
            "eps_latest_yearly": 0.44,
            "eps_growth_yearly": 770.42
        },
        "20213": {
            "year_quarter": 20213,
            "year": 2021,
            "quarter": 3,
            "eps": 2.87,
            "eps_growth_year": 28600,
            "eps_4q": 3.14,
            "eps_4q_growth_year": 1773.98,
            "roe": 23.24,
            "roe_4q": 24.79,
            "gross_profit": 297822,
            "gross_margin": 24.66,
            "gross_margin_4q_avg": 25.42,
            "net_income": 1584015,
            "revenue": 1207887,
            "common_shares": 3698536,
            "book_valuer_per_share": 19,
            "book_valuer_per_share_4q_avg": 16.92,
            "equity": 7578678,
            "current_ratio": 191.32,
            "debt_ratio": 35.03,
            "inventory_turnover_ratio": 0.57,
            "account_receivable_turnover_ratio": 1.01,
            "reinvestment_rate": -117.34,
            "research_to_sale_ratio": 3.71,
            "price_fair": 89.88,
            "eps_avg_yearly": 2.57,
            "eps_latest_yearly": 11.48,
            "eps_growth_yearly": 1807.41
        },
        "20214": {
            "year_quarter": 20214,
            "year": 2021,
            "quarter": 4,
            "eps": 0.3,
            "eps_growth_year": 162.79,
            "eps_4q": 3.33,
            "eps_4q_growth_year": 1311.17,
            "roe": 1.48,
            "roe_4q": 25.56,
            "gross_profit": 420959,
            "gross_margin": 26.86,
            "gross_margin_4q_avg": 25.43,
            "net_income": 110408,
            "revenue": 1567281,
            "common_shares": 3698536,
            "book_valuer_per_share": 19.71,
            "book_valuer_per_share_4q_avg": 17.84,
            "equity": 7359295,
            "current_ratio": 178.63,
            "debt_ratio": 35.84,
            "inventory_turnover_ratio": 0.71,
            "account_receivable_turnover_ratio": 1.27,
            "reinvestment_rate": -112.19,
            "research_to_sale_ratio": 1.56,
            "price_fair": 93.52,
            "eps_avg_yearly": 2.67,
            "eps_latest_yearly": 1.2,
            "eps_growth_yearly": 1725.11
        },
        "20221": {
            "year_quarter": 20221,
            "year": 2022,
            "quarter": 1,
            "eps": 0.26,
            "eps_growth_year": null,
            "eps_4q": 3.62,
            "eps_4q_growth_year": 1685.61,
            "roe": 1.29,
            "roe_4q": 27.099999999999998,
            "gross_profit": 336825,
            "gross_margin": 26.78,
            "gross_margin_4q_avg": 26.06,
            "net_income": 94855,
            "revenue": 1257767,
            "common_shares": 3698536,
            "book_valuer_per_share": 19.87,
            "book_valuer_per_share_4q_avg": 18.72,
            "equity": 7376191,
            "current_ratio": 185.5,
            "debt_ratio": 34.05,
            "inventory_turnover_ratio": 0.58,
            "account_receivable_turnover_ratio": 1,
            "reinvestment_rate": -37.98,
            "research_to_sale_ratio": 2.33,
            "price_fair": 84,
            "eps_avg_yearly": 2.4,
            "eps_latest_yearly": 1.04,
            "eps_growth_yearly": 1428.7
        },
        "20222": {
            "year_quarter": 20222,
            "year": 2022,
            "quarter": 2,
            "eps": 0.14,
            "eps_growth_year": -26.32,
            "eps_4q": 3.57,
            "eps_4q_growth_year": 1165.81,
            "roe": 0.72,
            "roe_4q": 26.729999999999997,
            "gross_profit": 346244,
            "gross_margin": 25.76,
            "gross_margin_4q_avg": 26.02,
            "net_income": 52456,
            "revenue": 1344325,
            "common_shares": 3698536,
            "book_valuer_per_share": 19.2,
            "book_valuer_per_share_4q_avg": 19.45,
            "equity": 7129257,
            "current_ratio": 192.43,
            "debt_ratio": 33.29,
            "inventory_turnover_ratio": 0.62,
            "account_receivable_turnover_ratio": 1.09,
            "reinvestment_rate": -39.83,
            "research_to_sale_ratio": 2.17,
            "price_fair": 74.8,
            "eps_avg_yearly": 2.14,
            "eps_latest_yearly": 0.56,
            "eps_growth_yearly": 1198.23
        },
        "20223": {
            "year_quarter": 20223,
            "year": 2022,
            "quarter": 3,
            "eps": 0.02,
            "eps_growth_year": -99.3,
            "eps_4q": 0.87,
            "eps_4q_growth_year": -72.21,
            "roe": 0.08,
            "roe_4q": 3.57,
            "gross_profit": 295280,
            "gross_margin": 25.41,
            "gross_margin_4q_avg": 26.2,
            "net_income": 5717,
            "revenue": 1162236,
            "common_shares": 3032800,
            "book_valuer_per_share": 20.93,
            "book_valuer_per_share_4q_avg": 19.93,
            "equity": 6376125,
            "current_ratio": 158.48,
            "debt_ratio": 38.59,
            "inventory_turnover_ratio": 0.51,
            "account_receivable_turnover_ratio": 0.97,
            "reinvestment_rate": -45.56,
            "research_to_sale_ratio": 2.53,
            "price_fair": 65.8,
            "eps_avg_yearly": 1.88,
            "eps_latest_yearly": 0.08,
            "eps_growth_yearly": 1005.59
        },
        "20224": {
            "year_quarter": 20224,
            "year": 2022,
            "quarter": 4,
            "eps": 0.01,
            "eps_growth_year": -95.19,
            "eps_4q": 0.52,
            "eps_4q_growth_year": -84.34,
            "roe": 0.08,
            "roe_4q": 2.17,
            "gross_profit": 330305,
            "gross_margin": 26.64,
            "gross_margin_4q_avg": 26.15,
            "net_income": 5104,
            "revenue": 1240116,
            "common_shares": 3032800,
            "book_valuer_per_share": 21.36,
            "book_valuer_per_share_4q_avg": 20.34,
            "equity": 6508692,
            "current_ratio": 171.35,
            "debt_ratio": 34.02,
            "inventory_turnover_ratio": 0.5,
            "account_receivable_turnover_ratio": 1.08,
            "reinvestment_rate": -44.06,
            "research_to_sale_ratio": 1.87,
            "price_fair": 58.64,
            "eps_avg_yearly": 1.68,
            "eps_latest_yearly": 0.04,
            "eps_growth_yearly": 871.64
        },
        "20231": {
            "year_quarter": 20231,
            "year": 2023,
            "quarter": 1,
            "eps": -0.04,
            "eps_growth_year": -115.38,
            "eps_4q": 0.16,
            "eps_4q_growth_year": -95.5,
            "roe": -0.19,
            "roe_4q": 0.69,
            "gross_profit": 264224,
            "gross_margin": 24.13,
            "gross_margin_4q_avg": 25.49,
            "net_income": -12308,
            "revenue": 1095000,
            "common_shares": 3032800,
            "book_valuer_per_share": 21.61,
            "book_valuer_per_share_4q_avg": 20.78,
            "equity": 6584622,
            "current_ratio": 165.9,
            "debt_ratio": 34.03,
            "inventory_turnover_ratio": 0.44,
            "account_receivable_turnover_ratio": 0.98,
            "reinvestment_rate": -44.36,
            "research_to_sale_ratio": 2.11,
            "price_fair": 58.64,
            "eps_avg_yearly": 1.68,
            "eps_latest_yearly": 0.04,
            "eps_growth_yearly": 871.64
        }
    },
    "months": {
        "2001-06": {
            "month": "2001-06",
            "price": "11.42",
            "revenue": 225471
        },
        "2001-07": {
            "month": "2001-07",
            "price": "11.10",
            "revenue": 217261
        },
        "2001-08": {
            "month": "2001-08",
            "price": "10.41",
            "revenue": 239174
        },
        "2001-09": {
            "month": "2001-09",
            "price": "8.92",
            "revenue": 168046
        },
        "2001-10": {
            "month": "2001-10",
            "price": "6.16",
            "revenue": 186161
        },
        "2001-11": {
            "month": "2001-11",
            "price": "6.45",
            "revenue": 214871
        },
        "2001-12": {
            "month": "2001-12",
            "price": "6.84",
            "revenue": 228956
        },
        "2002-01": {
            "month": "2002-01",
            "price": "7.33",
            "revenue": 243556
        },
        "2002-02": {
            "month": "2002-02",
            "price": "7.03",
            "revenue": 154309
        },
        "2002-03": {
            "month": "2002-03",
            "price": "7.66",
            "revenue": 199186
        },
        "2002-04": {
            "month": "2002-04",
            "price": "8.58",
            "revenue": 219124
        },
        "2002-05": {
            "month": "2002-05",
            "price": "8.29",
            "revenue": 216051
        },
        "2002-06": {
            "month": "2002-06",
            "price": "8.04",
            "revenue": 192670
        },
        "2002-07": {
            "month": "2002-07",
            "price": "7.71",
            "revenue": 222150
        },
        "2002-08": {
            "month": "2002-08",
            "price": "7.06",
            "revenue": 222121
        },
        "2002-09": {
            "month": "2002-09",
            "price": "6.00",
            "revenue": 174921
        },
        "2002-10": {
            "month": "2002-10",
            "price": "5.57",
            "revenue": 226547
        },
        "2002-11": {
            "month": "2002-11",
            "price": "7.08",
            "revenue": 202307
        },
        "2002-12": {
            "month": "2002-12",
            "price": "8.17",
            "revenue": 246440
        },
        "2003-01": {
            "month": "2003-01",
            "price": "9.63",
            "revenue": 210607
        },
        "2003-02": {
            "month": "2003-02",
            "price": "8.54",
            "revenue": 146421
        },
        "2003-03": {
            "month": "2003-03",
            "price": "7.59",
            "revenue": 192205
        },
        "2003-04": {
            "month": "2003-04",
            "price": "7.00",
            "revenue": 180533
        },
        "2003-05": {
            "month": "2003-05",
            "price": "6.15",
            "revenue": 204694
        },
        "2003-06": {
            "month": "2003-06",
            "price": "6.97",
            "revenue": 201295
        },
        "2003-07": {
            "month": "2003-07",
            "price": "7.30",
            "revenue": 221984
        },
        "2003-08": {
            "month": "2003-08",
            "price": "8.21",
            "revenue": 223111
        },
        "2003-09": {
            "month": "2003-09",
            "price": "8.16",
            "revenue": 233328
        },
        "2003-10": {
            "month": "2003-10",
            "price": "9.72",
            "revenue": 203928
        },
        "2003-11": {
            "month": "2003-11",
            "price": "9.98",
            "revenue": 213152
        },
        "2003-12": {
            "month": "2003-12",
            "price": "9.70",
            "revenue": 304468
        },
        "2004-01": {
            "month": "2004-01",
            "price": "10.98",
            "revenue": 187002
        },
        "2004-02": {
            "month": "2004-02",
            "price": "13.73",
            "revenue": 203103
        },
        "2004-03": {
            "month": "2004-03",
            "price": "14.00",
            "revenue": 278134
        },
        "2004-04": {
            "month": "2004-04",
            "price": "12.50",
            "revenue": 295372
        },
        "2004-05": {
            "month": "2004-05",
            "price": "9.90",
            "revenue": 247464
        },
        "2004-06": {
            "month": "2004-06",
            "price": "10.06",
            "revenue": 263502
        },
        "2004-07": {
            "month": "2004-07",
            "price": "9.73",
            "revenue": 230168
        },
        "2004-08": {
            "month": "2004-08",
            "price": "8.44",
            "revenue": 239641
        },
        "2004-09": {
            "month": "2004-09",
            "price": "9.33",
            "revenue": 249487
        },
        "2004-10": {
            "month": "2004-10",
            "price": "9.26",
            "revenue": 238036
        },
        "2004-11": {
            "month": "2004-11",
            "price": "8.45",
            "revenue": 253338
        },
        "2004-12": {
            "month": "2004-12",
            "price": "8.91",
            "revenue": 273066
        },
        "2005-01": {
            "month": "2005-01",
            "price": "10.14",
            "revenue": 301236
        },
        "2005-02": {
            "month": "2005-02",
            "price": "9.53",
            "revenue": 162977
        },
        "2005-03": {
            "month": "2005-03",
            "price": "9.24",
            "revenue": 257747
        },
        "2005-04": {
            "month": "2005-04",
            "price": "8.11",
            "revenue": 223259
        },
        "2005-05": {
            "month": "2005-05",
            "price": "7.80",
            "revenue": 248832
        },
        "2005-06": {
            "month": "2005-06",
            "price": "8.39",
            "revenue": 252227
        },
        "2005-07": {
            "month": "2005-07",
            "price": "8.01",
            "revenue": 214872
        },
        "2005-08": {
            "month": "2005-08",
            "price": "7.92",
            "revenue": 254710
        },
        "2005-09": {
            "month": "2005-09",
            "price": "7.65",
            "revenue": 263013
        },
        "2005-10": {
            "month": "2005-10",
            "price": "6.84",
            "revenue": 230027
        },
        "2005-11": {
            "month": "2005-11",
            "price": "6.77",
            "revenue": 276778
        },
        "2005-12": {
            "month": "2005-12",
            "price": "7.28",
            "revenue": 293041
        },
        "2006-01": {
            "month": "2006-01",
            "price": "7.02",
            "revenue": 266652
        },
        "2006-02": {
            "month": "2006-02",
            "price": "6.69",
            "revenue": 194283
        },
        "2006-03": {
            "month": "2006-03",
            "price": "6.50",
            "revenue": 287903
        },
        "2006-04": {
            "month": "2006-04",
            "price": "7.11",
            "revenue": 305230
        },
        "2006-05": {
            "month": "2006-05",
            "price": "8.34",
            "revenue": 358920
        },
        "2006-06": {
            "month": "2006-06",
            "price": "7.38",
            "revenue": 345775
        },
        "2006-07": {
            "month": "2006-07",
            "price": "7.07",
            "revenue": 244767
        },
        "2006-08": {
            "month": "2006-08",
            "price": "7.00",
            "revenue": 249540
        },
        "2006-09": {
            "month": "2006-09",
            "price": "7.19",
            "revenue": 246517
        },
        "2006-10": {
            "month": "2006-10",
            "price": "8.78",
            "revenue": 269940
        },
        "2006-11": {
            "month": "2006-11",
            "price": "9.65",
            "revenue": 279953
        },
        "2006-12": {
            "month": "2006-12",
            "price": "12.72",
            "revenue": 269802
        },
        "2007-01": {
            "month": "2007-01",
            "price": "14.52",
            "revenue": 314601
        },
        "2007-02": {
            "month": "2007-02",
            "price": "13.93",
            "revenue": 173888
        },
        "2007-03": {
            "month": "2007-03",
            "price": "13.47",
            "revenue": 305625
        },
        "2007-04": {
            "month": "2007-04",
            "price": "14.22",
            "revenue": 267564
        },
        "2007-05": {
            "month": "2007-05",
            "price": "13.03",
            "revenue": 296500
        },
        "2007-06": {
            "month": "2007-06",
            "price": "13.26",
            "revenue": 265923
        },
        "2007-07": {
            "month": "2007-07",
            "price": "15.74",
            "revenue": 259213
        },
        "2007-08": {
            "month": "2007-08",
            "price": "16.21",
            "revenue": 262677
        },
        "2007-09": {
            "month": "2007-09",
            "price": "15.98",
            "revenue": 267060
        },
        "2007-10": {
            "month": "2007-10",
            "price": "15.10",
            "revenue": 289645
        },
        "2007-11": {
            "month": "2007-11",
            "price": "11.64",
            "revenue": 313408
        },
        "2007-12": {
            "month": "2007-12",
            "price": "10.08",
            "revenue": 317773
        },
        "2008-01": {
            "month": "2008-01",
            "price": "10.10",
            "revenue": 274959
        },
        "2008-02": {
            "month": "2008-02",
            "price": "10.12",
            "revenue": 198270
        },
        "2008-03": {
            "month": "2008-03",
            "price": "11.94",
            "revenue": 271487
        },
        "2008-04": {
            "month": "2008-04",
            "price": "12.81",
            "revenue": 285414
        },
        "2008-05": {
            "month": "2008-05",
            "price": "14.51",
            "revenue": 338412
        },
        "2008-06": {
            "month": "2008-06",
            "price": "12.78",
            "revenue": 328670
        },
        "2008-07": {
            "month": "2008-07",
            "price": "10.68",
            "revenue": 214234
        },
        "2008-08": {
            "month": "2008-08",
            "price": "9.95",
            "revenue": 203700
        },
        "2008-09": {
            "month": "2008-09",
            "price": "7.10",
            "revenue": 205799
        },
        "2008-10": {
            "month": "2008-10",
            "price": "6.44",
            "revenue": 205706
        },
        "2008-11": {
            "month": "2008-11",
            "price": "6.62",
            "revenue": 238849
        },
        "2008-12": {
            "month": "2008-12",
            "price": "6.37",
            "revenue": 240644
        },
        "2009-01": {
            "month": "2009-01",
            "price": "6.27",
            "revenue": 156850
        },
        "2009-02": {
            "month": "2009-02",
            "price": "6.35",
            "revenue": 153332
        },
        "2009-03": {
            "month": "2009-03",
            "price": "7.13",
            "revenue": 194131
        },
        "2009-04": {
            "month": "2009-04",
            "price": "8.14",
            "revenue": 163692
        },
        "2009-05": {
            "month": "2009-05",
            "price": "8.35",
            "revenue": 184504
        },
        "2009-06": {
            "month": "2009-06",
            "price": "7.97",
            "revenue": 201217
        },
        "2009-07": {
            "month": "2009-07",
            "price": "8.13",
            "revenue": 220193
        },
        "2009-08": {
            "month": "2009-08",
            "price": "8.52",
            "revenue": 188959
        },
        "2009-09": {
            "month": "2009-09",
            "price": "9.79",
            "revenue": 174202
        },
        "2009-10": {
            "month": "2009-10",
            "price": "10.28",
            "revenue": 196701
        },
        "2009-11": {
            "month": "2009-11",
            "price": "10.76",
            "revenue": 211395
        },
        "2009-12": {
            "month": "2009-12",
            "price": "10.77",
            "revenue": 175905
        },
        "2010-01": {
            "month": "2010-01",
            "price": "11.06",
            "revenue": 230319
        },
        "2010-02": {
            "month": "2010-02",
            "price": "10.66",
            "revenue": 193444
        },
        "2010-03": {
            "month": "2010-03",
            "price": "11.10",
            "revenue": 231300
        },
        "2010-04": {
            "month": "2010-04",
            "price": "11.37",
            "revenue": 212943
        },
        "2010-05": {
            "month": "2010-05",
            "price": "10.68",
            "revenue": 206685
        },
        "2010-06": {
            "month": "2010-06",
            "price": "10.80",
            "revenue": 259978
        },
        "2010-07": {
            "month": "2010-07",
            "price": "11.18",
            "revenue": 222660
        },
        "2010-08": {
            "month": "2010-08",
            "price": "12.06",
            "revenue": 229923
        },
        "2010-09": {
            "month": "2010-09",
            "price": "11.26",
            "revenue": 271228
        },
        "2010-10": {
            "month": "2010-10",
            "price": "11.51",
            "revenue": 250828
        },
        "2010-11": {
            "month": "2010-11",
            "price": "10.96",
            "revenue": 253075
        },
        "2010-12": {
            "month": "2010-12",
            "price": "12.14",
            "revenue": 295507
        },
        "2011-01": {
            "month": "2011-01",
            "price": "11.87",
            "revenue": 255290
        },
        "2011-02": {
            "month": "2011-02",
            "price": "11.21",
            "revenue": 198997
        },
        "2011-03": {
            "month": "2011-03",
            "price": "11.53",
            "revenue": 234066
        },
        "2011-04": {
            "month": "2011-04",
            "price": "11.83",
            "revenue": 240113
        },
        "2011-05": {
            "month": "2011-05",
            "price": "11.22",
            "revenue": 244519
        },
        "2011-06": {
            "month": "2011-06",
            "price": "11.12",
            "revenue": 253277
        },
        "2011-07": {
            "month": "2011-07",
            "price": "11.05",
            "revenue": 243735
        },
        "2011-08": {
            "month": "2011-08",
            "price": "9.82",
            "revenue": 251381
        },
        "2011-09": {
            "month": "2011-09",
            "price": "9.19",
            "revenue": 224580
        },
        "2011-10": {
            "month": "2011-10",
            "price": "8.90",
            "revenue": 243298
        },
        "2011-11": {
            "month": "2011-11",
            "price": "8.30",
            "revenue": 336203
        },
        "2011-12": {
            "month": "2011-12",
            "price": "7.13",
            "revenue": 300653
        },
        "2012-01": {
            "month": "2012-01",
            "price": "7.12",
            "revenue": 211168
        },
        "2012-02": {
            "month": "2012-02",
            "price": "8.50",
            "revenue": 203570
        },
        "2012-03": {
            "month": "2012-03",
            "price": "9.98",
            "revenue": 273541
        },
        "2012-04": {
            "month": "2012-04",
            "price": "9.35",
            "revenue": 232861
        },
        "2012-05": {
            "month": "2012-05",
            "price": "8.65",
            "revenue": 233886
        },
        "2012-06": {
            "month": "2012-06",
            "price": "7.87",
            "revenue": 241680
        },
        "2012-07": {
            "month": "2012-07",
            "price": "7.90",
            "revenue": 412425
        },
        "2012-08": {
            "month": "2012-08",
            "price": "8.09",
            "revenue": 254239
        },
        "2012-09": {
            "month": "2012-09",
            "price": "8.91",
            "revenue": 223909
        },
        "2012-10": {
            "month": "2012-10",
            "price": "9.01",
            "revenue": 287153
        },
        "2012-11": {
            "month": "2012-11",
            "price": "8.87",
            "revenue": 253272
        },
        "2012-12": {
            "month": "2012-12",
            "price": "9.18",
            "revenue": 314848
        },
        "2013-01": {
            "month": "2013-01",
            "price": "9.32",
            "revenue": 433973
        },
        "2013-02": {
            "month": "2013-02",
            "price": "9.30",
            "revenue": 319601
        },
        "2013-03": {
            "month": "2013-03",
            "price": "9.16",
            "revenue": 457224
        },
        "2013-04": {
            "month": "2013-04",
            "price": "8.82",
            "revenue": 499068
        },
        "2013-05": {
            "month": "2013-05",
            "price": "9.11",
            "revenue": 496871
        },
        "2013-06": {
            "month": "2013-06",
            "price": "9.76",
            "revenue": 490819
        },
        "2013-07": {
            "month": "2013-07",
            "price": "9.90",
            "revenue": 537252
        },
        "2013-08": {
            "month": "2013-08",
            "price": "9.54",
            "revenue": 447089
        },
        "2013-09": {
            "month": "2013-09",
            "price": "9.58",
            "revenue": 594749
        },
        "2013-10": {
            "month": "2013-10",
            "price": "10.27",
            "revenue": 664698
        },
        "2013-11": {
            "month": "2013-11",
            "price": "10.73",
            "revenue": 509359
        },
        "2013-12": {
            "month": "2013-12",
            "price": "10.61",
            "revenue": 565952
        },
        "2014-01": {
            "month": "2014-01",
            "price": "10.54",
            "revenue": 421758
        },
        "2014-02": {
            "month": "2014-02",
            "price": "10.15",
            "revenue": 378699
        },
        "2014-03": {
            "month": "2014-03",
            "price": "10.72",
            "revenue": 518118
        },
        "2014-04": {
            "month": "2014-04",
            "price": "10.45",
            "revenue": 676640
        },
        "2014-05": {
            "month": "2014-05",
            "price": "10.30",
            "revenue": 498287
        },
        "2014-06": {
            "month": "2014-06",
            "price": "10.18",
            "revenue": 519028
        },
        "2014-07": {
            "month": "2014-07",
            "price": "10.16",
            "revenue": 501213
        },
        "2014-08": {
            "month": "2014-08",
            "price": "10.68",
            "revenue": 458597
        },
        "2014-09": {
            "month": "2014-09",
            "price": "11.49",
            "revenue": 494249
        },
        "2014-10": {
            "month": "2014-10",
            "price": "10.82",
            "revenue": 499798
        },
        "2014-11": {
            "month": "2014-11",
            "price": "10.19",
            "revenue": 488247
        },
        "2014-12": {
            "month": "2014-12",
            "price": "10.31",
            "revenue": 528890
        },
        "2015-01": {
            "month": "2015-01",
            "price": "10.24",
            "revenue": 465360
        },
        "2015-02": {
            "month": "2015-02",
            "price": "10.22",
            "revenue": 345577
        },
        "2015-03": {
            "month": "2015-03",
            "price": "10.38",
            "revenue": 573157
        },
        "2015-04": {
            "month": "2015-04",
            "price": "10.33",
            "revenue": 475097
        },
        "2015-05": {
            "month": "2015-05",
            "price": "9.71",
            "revenue": 485327
        },
        "2015-06": {
            "month": "2015-06",
            "price": "8.79",
            "revenue": 596194
        },
        "2015-07": {
            "month": "2015-07",
            "price": "8.61",
            "revenue": 468388
        },
        "2015-08": {
            "month": "2015-08",
            "price": "7.74",
            "revenue": 454738
        },
        "2015-09": {
            "month": "2015-09",
            "price": "8.15",
            "revenue": 426440
        },
        "2015-10": {
            "month": "2015-10",
            "price": "8.41",
            "revenue": 636530
        },
        "2015-11": {
            "month": "2015-11",
            "price": "8.26",
            "revenue": 480024
        },
        "2015-12": {
            "month": "2015-12",
            "price": "8.17",
            "revenue": 582147
        },
        "2016-01": {
            "month": "2016-01",
            "price": "8.06",
            "revenue": 440424
        },
        "2016-02": {
            "month": "2016-02",
            "price": "8.14",
            "revenue": 383097
        },
        "2016-03": {
            "month": "2016-03",
            "price": "8.51",
            "revenue": 507048
        },
        "2016-04": {
            "month": "2016-04",
            "price": "8.16",
            "revenue": 462765
        },
        "2016-05": {
            "month": "2016-05",
            "price": "7.65",
            "revenue": 471820
        },
        "2016-06": {
            "month": "2016-06",
            "price": "7.54",
            "revenue": 491126
        },
        "2016-07": {
            "month": "2016-07",
            "price": "7.79",
            "revenue": 475988
        },
        "2016-08": {
            "month": "2016-08",
            "price": "7.96",
            "revenue": 493592
        },
        "2016-09": {
            "month": "2016-09",
            "price": "8.05",
            "revenue": 530597
        },
        "2016-10": {
            "month": "2016-10",
            "price": "8.14",
            "revenue": 518636
        },
        "2016-11": {
            "month": "2016-11",
            "price": "8.54",
            "revenue": 584160
        },
        "2016-12": {
            "month": "2016-12",
            "price": "9.15",
            "revenue": 604992
        },
        "2017-01": {
            "month": "2017-01",
            "price": "9.39",
            "revenue": 388452
        },
        "2017-02": {
            "month": "2017-02",
            "price": "10.07",
            "revenue": 370031
        },
        "2017-03": {
            "month": "2017-03",
            "price": "10.04",
            "revenue": 493042
        },
        "2017-04": {
            "month": "2017-04",
            "price": "9.27",
            "revenue": 503905
        },
        "2017-05": {
            "month": "2017-05",
            "price": "9.22",
            "revenue": 475146
        },
        "2017-06": {
            "month": "2017-06",
            "price": "9.19",
            "revenue": 510510
        },
        "2017-07": {
            "month": "2017-07",
            "price": "9.14",
            "revenue": 469904
        },
        "2017-08": {
            "month": "2017-08",
            "price": "9.14",
            "revenue": 495515
        },
        "2017-09": {
            "month": "2017-09",
            "price": "9.63",
            "revenue": 457134
        },
        "2017-10": {
            "month": "2017-10",
            "price": "9.48",
            "revenue": 456328
        },
        "2017-11": {
            "month": "2017-11",
            "price": "9.47",
            "revenue": 497687
        },
        "2017-12": {
            "month": "2017-12",
            "price": "9.63",
            "revenue": 641112
        },
        "2018-01": {
            "month": "2018-01",
            "price": "9.94",
            "revenue": 444241
        },
        "2018-02": {
            "month": "2018-02",
            "price": "9.50",
            "revenue": 280031
        },
        "2018-03": {
            "month": "2018-03",
            "price": "9.50",
            "revenue": 519674
        },
        "2018-04": {
            "month": "2018-04",
            "price": "9.76",
            "revenue": 429987
        },
        "2018-05": {
            "month": "2018-05",
            "price": "9.65",
            "revenue": 476444
        },
        "2018-06": {
            "month": "2018-06",
            "price": "9.58",
            "revenue": 452850
        },
        "2018-07": {
            "month": "2018-07",
            "price": "9.07",
            "revenue": 428999
        },
        "2018-08": {
            "month": "2018-08",
            "price": "9.01",
            "revenue": 465722
        },
        "2018-09": {
            "month": "2018-09",
            "price": "8.83",
            "revenue": 446184
        },
        "2018-10": {
            "month": "2018-10",
            "price": "8.18",
            "revenue": 491329
        },
        "2018-11": {
            "month": "2018-11",
            "price": "7.96",
            "revenue": 526209
        },
        "2018-12": {
            "month": "2018-12",
            "price": "7.95",
            "revenue": 507601
        },
        "2019-01": {
            "month": "2019-01",
            "price": "7.84",
            "revenue": 418531
        },
        "2019-02": {
            "month": "2019-02",
            "price": "7.94",
            "revenue": 311660
        },
        "2019-03": {
            "month": "2019-03",
            "price": "7.95",
            "revenue": 464758
        },
        "2019-04": {
            "month": "2019-04",
            "price": "7.97",
            "revenue": 454667
        },
        "2019-05": {
            "month": "2019-05",
            "price": "7.88",
            "revenue": 467660
        },
        "2019-06": {
            "month": "2019-06",
            "price": "7.90",
            "revenue": 412239
        },
        "2019-07": {
            "month": "2019-07",
            "price": "7.85",
            "revenue": 484479
        },
        "2019-08": {
            "month": "2019-08",
            "price": "7.61",
            "revenue": 457511
        },
        "2019-09": {
            "month": "2019-09",
            "price": "7.60",
            "revenue": 538641
        },
        "2019-10": {
            "month": "2019-10",
            "price": "7.76",
            "revenue": 448020
        },
        "2019-11": {
            "month": "2019-11",
            "price": "7.98",
            "revenue": 530843
        },
        "2019-12": {
            "month": "2019-12",
            "price": "8.21",
            "revenue": 541205
        },
        "2020-01": {
            "month": "2020-01",
            "price": "8.20",
            "revenue": 330885
        },
        "2020-02": {
            "month": "2020-02",
            "price": "7.86",
            "revenue": 374465
        },
        "2020-03": {
            "month": "2020-03",
            "price": "6.57",
            "revenue": 505063
        },
        "2020-04": {
            "month": "2020-04",
            "price": "6.86",
            "revenue": 380992
        },
        "2020-05": {
            "month": "2020-05",
            "price": "7.33",
            "revenue": 366179
        },
        "2020-06": {
            "month": "2020-06",
            "price": "7.42",
            "revenue": 457922
        },
        "2020-07": {
            "month": "2020-07",
            "price": "8.29",
            "revenue": 423362
        },
        "2020-08": {
            "month": "2020-08",
            "price": "8.63",
            "revenue": 367048
        },
        "2020-09": {
            "month": "2020-09",
            "price": "9.50",
            "revenue": 558710
        },
        "2020-10": {
            "month": "2020-10",
            "price": "9.41",
            "revenue": 411014
        },
        "2020-11": {
            "month": "2020-11",
            "price": "9.14",
            "revenue": 476721
        },
        "2020-12": {
            "month": "2020-12",
            "price": "9.80",
            "revenue": 446003
        },
        "2021-01": {
            "month": "2021-01",
            "price": "9.43",
            "revenue": 415635
        },
        "2021-02": {
            "month": "2021-02",
            "price": "9.30",
            "revenue": 322490
        },
        "2021-03": {
            "month": "2021-03",
            "price": "10.03",
            "revenue": 447710
        },
        "2021-04": {
            "month": "2021-04",
            "price": "12.56",
            "revenue": 455094
        },
        "2021-05": {
            "month": "2021-05",
            "price": "11.55",
            "revenue": 499694
        },
        "2021-06": {
            "month": "2021-06",
            "price": "11.88",
            "revenue": 400043
        },
        "2021-07": {
            "month": "2021-07",
            "price": "12.00",
            "revenue": 406366
        },
        "2021-08": {
            "month": "2021-08",
            "price": "11.25",
            "revenue": 431913
        },
        "2021-09": {
            "month": "2021-09",
            "price": "12.30",
            "revenue": 378269
        },
        "2021-10": {
            "month": "2021-10",
            "price": "13.60",
            "revenue": 467468
        },
        "2021-11": {
            "month": "2021-11",
            "price": "15.42",
            "revenue": 588898
        },
        "2021-12": {
            "month": "2021-12",
            "price": "17.04",
            "revenue": 516832
        },
        "2022-01": {
            "month": "2022-01",
            "price": "16.13",
            "revenue": 366759
        },
        "2022-02": {
            "month": "2022-02",
            "price": "15.18",
            "revenue": 427350
        },
        "2022-03": {
            "month": "2022-03",
            "price": "15.92",
            "revenue": 462061
        },
        "2022-04": {
            "month": "2022-04",
            "price": "15.03",
            "revenue": 395729
        },
        "2022-05": {
            "month": "2022-05",
            "price": "13.03",
            "revenue": 424431
        },
        "2022-06": {
            "month": "2022-06",
            "price": "12.20",
            "revenue": 520641
        },
        "2022-07": {
            "month": "2022-07",
            "price": "11.35",
            "revenue": 371422
        },
        "2022-08": {
            "month": "2022-08",
            "price": "11.13",
            "revenue": 395188
        },
        "2022-09": {
            "month": "2022-09",
            "price": "10.47",
            "revenue": 398827
        },
        "2022-10": {
            "month": "2022-10",
            "price": "10.39",
            "revenue": 391742
        },
        "2022-11": {
            "month": "2022-11",
            "price": "14.52",
            "revenue": 422761
        },
        "2022-12": {
            "month": "2022-12",
            "price": "19.56",
            "revenue": 424453
        },
        "2023-01": {
            "month": "2023-01",
            "price": "17.85",
            "revenue": 281415
        },
        "2023-02": {
            "month": "2023-02",
            "price": "19.04",
            "revenue": 405548
        },
        "2023-03": {
            "month": "2023-03",
            "price": "18.41",
            "revenue": 412978
        },
        "2023-04": {
            "month": "2023-04",
            "price": "23.98",
            "revenue": 370266
        }
    }
}
