{
    "summary": {
        "stock_name": "寶利徠",
        "stock_id": "1813",
        "category": "生技醫療",
        "main_business": "鏡片、鏡框、清洗器具製造加工進出口買賣<br>磁碟光碟片、光學儀器研究開發製造加工進出口買賣<br>隱形眼鏡、清潔液、醫療器材進出口買賣",
        "website_url": "http://www.gialens.com.tw",
        "ceo": "李瑞賢",
        "pe_ratio": -212,
        "report_year_from": 2001,
        "report_year_to": 2023,
        "age": 22,
        "eps_negative_percentage": 12,
        "eps_growth_avg": {
            "last_all": -10.73,
            "last_2y": -100,
            "last_4y": -7.79,
            "last_8y": -24.36,
            "last_12y": -9.6,
            "last_16y": null,
            "last_20y": null,
            "at_2006_last_3y": null,
            "at_2007_last_3y": null,
            "at_2008_last_3y": null,
            "at_2009_last_3y": null,
            "at_2010_last_3y": null,
            "at_2011_last_3y": -4.64,
            "at_2012_last_3y": 20.1,
            "at_2013_last_3y": 16.22,
            "at_2014_last_3y": 19.37,
            "at_2015_last_3y": 11.94,
            "at_2016_last_3y": -21.6,
            "at_2017_last_3y": -36.79,
            "at_2018_last_3y": -10.98,
            "at_2019_last_3y": -17.18,
            "at_2020_last_3y": -29.91,
            "at_2021_last_3y": -7.79,
            "at_2022_last_3y": -61.68,
            "at_2023_last_3y": -61.68,
            "at_2006_last_all": null,
            "at_2007_last_all": null,
            "at_2008_last_all": null,
            "at_2009_last_all": -16.93,
            "at_2010_last_all": -16.57,
            "at_2011_last_all": -4.64,
            "at_2012_last_all": 13.3,
            "at_2013_last_all": 5.17,
            "at_2014_last_all": 3.97,
            "at_2015_last_all": 3.65,
            "at_2016_last_all": -2.21,
            "at_2017_last_all": -11.62,
            "at_2018_last_all": -1.47,
            "at_2019_last_all": -3.29,
            "at_2020_last_all": -10.73,
            "at_2021_last_all": -10.73,
            "at_2022_last_all": -10.73,
            "at_2023_last_all": -10.73
        },
        "latest_eps": -0.1,
        "latest_price": 21.2,
        "latest_roe": -2.48,
        "latest_gross_margin": 1.69,
        "latest_equity": 799440,
        "latest_revenue": 89837,
        "latest_gross_profit": 1516,
        "latest_net_income": 947,
        "latest_debt_ratio": 30.42,
        "latest_current_ratio": 147.97,
        "latest_account_receivable_turnover_ratio": 0.84,
        "latest_inventory_turnover_ratio": 0.55,
        "latest_reinvestment_rate": 59.58,
        "latest_research_to_sale_ratio": 0.71
    },
    "eps_dividends": {
        "2001": {
            "cash": 0,
            "stock": 0,
            "eps": 0
        },
        "2002": {
            "cash": 0,
            "stock": 0,
            "eps": 0
        },
        "2003": {
            "cash": 0,
            "stock": 0.18,
            "eps": 0
        },
        "2004": {
            "cash": 0.1,
            "stock": 2.52,
            "eps": 0
        },
        "2005": {
            "cash": 0,
            "stock": 0,
            "eps": 0
        },
        "2006": {
            "cash": 1.4,
            "stock": 0,
            "eps": 0
        },
        "2007": {
            "cash": 1.27,
            "stock": 0,
            "eps": 2.38
        },
        "2008": {
            "cash": 0,
            "stock": 1.05,
            "eps": 2.05
        },
        "2009": {
            "cash": 0.5,
            "stock": 0,
            "eps": 1.64
        },
        "2010": {
            "cash": 1,
            "stock": 0,
            "eps": 1.38
        },
        "2011": {
            "cash": 1.5,
            "stock": 0,
            "eps": 1.81
        },
        "2012": {
            "cash": 1.2,
            "stock": 0,
            "eps": 3.35
        },
        "2013": {
            "cash": 2.12,
            "stock": 0,
            "eps": 2.16
        },
        "2014": {
            "cash": 2,
            "stock": 0,
            "eps": 2.09
        },
        "2015": {
            "cash": 1,
            "stock": 0,
            "eps": 2.12
        },
        "2016": {
            "cash": 2,
            "stock": 0,
            "eps": 1.08
        },
        "2017": {
            "cash": 1,
            "stock": 0,
            "eps": 0.04
        },
        "2018": {
            "cash": 1,
            "stock": 0,
            "eps": 1.37
        },
        "2019": {
            "cash": 2,
            "stock": 0,
            "eps": 1.05
        },
        "2020": {
            "cash": 1,
            "stock": 0,
            "eps": -0.01
        },
        "2021": {
            "cash": 0,
            "stock": 0,
            "eps": -0.29
        },
        "2022": {
            "cash": 0.5,
            "stock": 0,
            "eps": 0.14
        },
        "2023": {
            "cash": 0.5,
            "stock": 0,
            "eps": 0.08
        }
    },
    "dividends": {
        "2003-06-05": {
            "cash": 0,
            "stock": 0.18
        },
        "2004-03-22": {
            "cash": 0.1,
            "stock": 2.52
        },
        "2006-04-20": {
            "cash": 1.4,
            "stock": 0
        },
        "2007-06-21": {
            "cash": 1.27,
            "stock": 0
        },
        "2008-03-07": {
            "cash": 0,
            "stock": 1.05
        },
        "2009-04-02": {
            "cash": 0.5,
            "stock": 0
        },
        "2010-03-30": {
            "cash": 1,
            "stock": 0
        },
        "2011-03-29": {
            "cash": 1.5,
            "stock": 0
        },
        "2012-03-20": {
            "cash": 1.2,
            "stock": 0
        },
        "2013-06-18": {
            "cash": 2.12,
            "stock": 0
        },
        "2014-06-17": {
            "cash": 2,
            "stock": 0
        },
        "2015-07-09": {
            "cash": 1,
            "stock": 0
        },
        "2016-08-05": {
            "cash": 2,
            "stock": 0
        },
        "2017-08-15": {
            "cash": 1,
            "stock": 0
        },
        "2018-07-13": {
            "cash": 1,
            "stock": 0
        },
        "2019-08-06": {
            "cash": 2,
            "stock": 0
        },
        "2020-08-25": {
            "cash": 1,
            "stock": 0
        },
        "2022-08-30": {
            "cash": 0.5,
            "stock": 0
        },
        "2023-02-23": {
            "cash": 0.5,
            "stock": 0
        }
    },
    "prices": {
        "200101": "無",
        "200102": "無",
        "200103": "無",
        "200104": "無",
        "200105": "無",
        "200106": "無",
        "200107": "無",
        "200108": "無",
        "200109": "無",
        "200110": "無",
        "200111": "無",
        "200112": "無",
        "200201": "無",
        "200202": "無",
        "200203": "無",
        "200204": "無",
        "200205": "無",
        "200206": "無",
        "200207": "無",
        "200208": "無",
        "200209": "無",
        "200210": "無",
        "200211": "無",
        "200212": "無",
        "200301": "無",
        "200302": "無",
        "200303": "無",
        "200304": "無",
        "200305": "無",
        "200306": "無",
        "200307": "無",
        "200308": "無",
        "200309": "無",
        "200310": "無",
        "200311": "無",
        "200312": "無",
        "200401": "無",
        "200402": "無",
        "200403": "無",
        "200404": "無",
        "200405": "無",
        "200406": "無",
        "200407": "無",
        "200408": "無",
        "200409": "無",
        "200410": "無",
        "200411": "無",
        "200412": "無",
        "200501": "無",
        "200502": "無",
        "200503": "無",
        "200504": "無",
        "200505": "無",
        "200506": "無",
        "200507": "無",
        "200508": "無",
        "200509": "無",
        "200510": "無",
        "200511": "無",
        "200512": "無",
        "200601": "無",
        "200602": "無",
        "200603": "無",
        "200604": "無",
        "200605": "無",
        "200606": "無",
        "200607": "無",
        "200608": "無",
        "200609": "無",
        "200610": "無",
        "200611": "無",
        "200612": "無",
        "200701": "無",
        "200702": "無",
        "200703": "無",
        "200704": "無",
        "200705": "無",
        "200706": "無",
        "200707": "無",
        "200708": "無",
        "200709": "無",
        "200710": "無",
        "200711": "28.30",
        "200712": "26.59",
        "200801": "26.99",
        "200802": "26.35",
        "200803": "25.45",
        "200804": "27.30",
        "200805": "29.19",
        "200806": "32.88",
        "200807": "28.99",
        "200808": "25.85",
        "200809": "無",
        "200810": "21.85",
        "200811": "18.64",
        "200812": "17.31",
        "200901": "17.59",
        "200902": "18.12",
        "200903": "23.06",
        "200904": "26.17",
        "200905": "28.74",
        "200906": "28.53",
        "200907": "41.87",
        "200908": "36.72",
        "200909": "37.98",
        "200910": "38.50",
        "200911": "37.56",
        "200912": "40.77",
        "201001": "46.28",
        "201002": "43.60",
        "201003": "49.11",
        "201004": "50.62",
        "201005": "46.36",
        "201006": "43.30",
        "201007": "44.10",
        "201008": "45.45",
        "201009": "43.68",
        "201010": "41.82",
        "201011": "38.68",
        "201012": "41.04",
        "201101": "40.04",
        "201102": "39.01",
        "201103": "38.76",
        "201104": "41.20",
        "201105": "50.32",
        "201106": "44.64",
        "201107": "41.69",
        "201108": "33.76",
        "201109": "34.77",
        "201110": "32.85",
        "201111": "30.58",
        "201112": "26.35",
        "201201": "26.54",
        "201202": "31.42",
        "201203": "32.97",
        "201204": "34.92",
        "201205": "38.76",
        "201206": "37.57",
        "201207": "34.41",
        "201208": "37.03",
        "201209": "39.18",
        "201210": "37.74",
        "201211": "38.44",
        "201212": "42.90",
        "201301": "42.34",
        "201302": "43.32",
        "201303": "48.64",
        "201304": "48.17",
        "201305": "45.15",
        "201306": "43.20",
        "201307": "47.09",
        "201308": "46.51",
        "201309": "44.13",
        "201310": "40.41",
        "201311": "36.46",
        "201312": "34.66",
        "201401": "37.92",
        "201402": "37.94",
        "201403": "36.95",
        "201404": "37.09",
        "201405": "37.22",
        "201406": "38.22",
        "201407": "40.25",
        "201408": "36.00",
        "201409": "34.59",
        "201410": "32.90",
        "201411": "32.44",
        "201412": "33.57",
        "201501": "32.22",
        "201502": "32.29",
        "201503": "30.66",
        "201504": "30.70",
        "201505": "29.72",
        "201506": "27.07",
        "201507": "25.02",
        "201508": "23.07",
        "201509": "23.54",
        "201510": "25.63",
        "201511": "27.40",
        "201512": "27.64",
        "201601": "26.07",
        "201602": "26.87",
        "201603": "29.15",
        "201604": "28.19",
        "201605": "27.32",
        "201606": "27.82",
        "201607": "25.45",
        "201608": "24.92",
        "201609": "24.40",
        "201610": "23.18",
        "201611": "22.85",
        "201612": "23.59",
        "201701": "23.70",
        "201702": "24.13",
        "201703": "24.15",
        "201704": "23.34",
        "201705": "23.56",
        "201706": "23.17",
        "201707": "22.54",
        "201708": "21.44",
        "201709": "21.02",
        "201710": "20.28",
        "201711": "20.17",
        "201712": "20.24",
        "201801": "20.40",
        "201802": "19.56",
        "201803": "19.96",
        "201804": "19.79",
        "201805": "19.40",
        "201806": "19.35",
        "201807": "18.67",
        "201808": "19.71",
        "201809": "21.34",
        "201810": "20.27",
        "201811": "19.23",
        "201812": "19.00",
        "201901": "19.19",
        "201902": "20.47",
        "201903": "24.70",
        "201904": "25.28",
        "201905": "26.46",
        "201906": "27.87",
        "201907": "25.78",
        "201908": "23.93",
        "201909": "27.41",
        "201910": "27.88",
        "201911": "29.17",
        "201912": "27.60",
        "202001": "27.03",
        "202002": "25.92",
        "202003": "21.22",
        "202004": "20.14",
        "202005": "21.36",
        "202006": "22.14",
        "202007": "22.49",
        "202008": "20.22",
        "202009": "19.58",
        "202010": "19.33",
        "202011": "19.19",
        "202012": "19.29",
        "202101": "18.82",
        "202102": "18.50",
        "202103": "18.83",
        "202104": "19.32",
        "202105": "18.43",
        "202106": "18.80",
        "202107": "19.30",
        "202108": "18.55",
        "202109": "17.70",
        "202110": "17.48",
        "202111": "17.93",
        "202112": "18.10",
        "202201": "18.04",
        "202202": "17.90",
        "202203": "19.00",
        "202204": "19.20",
        "202205": "19.11",
        "202206": "19.10",
        "202207": "18.81",
        "202208": "20.42",
        "202209": "21.68",
        "202210": "21.76",
        "202211": "23.15",
        "202212": "22.96",
        "202301": "22.32",
        "202302": "21.83",
        "202303": "22.52",
        "202304": "22.28",
        "202305": "22.43",
        "202306": "21.41"
    },
    "quarters": {
        "20011": {
            "year_quarter": 20011,
            "year": 2001,
            "quarter": 1,
            "eps": null,
            "eps_growth_year": null,
            "eps_4q": null,
            "eps_4q_growth_year": null,
            "roe": null,
            "roe_4q": 0,
            "gross_profit": null,
            "gross_margin": null,
            "gross_margin_4q_avg": 0,
            "net_income": null,
            "revenue": null,
            "common_shares": null,
            "book_valuer_per_share": null,
            "book_valuer_per_share_4q_avg": 0,
            "equity": null,
            "current_ratio": null,
            "debt_ratio": null,
            "inventory_turnover_ratio": null,
            "account_receivable_turnover_ratio": null,
            "reinvestment_rate": null,
            "research_to_sale_ratio": null,
            "price_fair": 0,
            "eps_avg_yearly": 0,
            "eps_latest_yearly": 0,
            "eps_growth_yearly": 0
        },
        "20012": {
            "year_quarter": 20012,
            "year": 2001,
            "quarter": 2,
            "eps": null,
            "eps_growth_year": null,
            "eps_4q": null,
            "eps_4q_growth_year": null,
            "roe": null,
            "roe_4q": 0,
            "gross_profit": null,
            "gross_margin": null,
            "gross_margin_4q_avg": 0,
            "net_income": null,
            "revenue": null,
            "common_shares": null,
            "book_valuer_per_share": null,
            "book_valuer_per_share_4q_avg": 0,
            "equity": null,
            "current_ratio": null,
            "debt_ratio": null,
            "inventory_turnover_ratio": null,
            "account_receivable_turnover_ratio": null,
            "reinvestment_rate": null,
            "research_to_sale_ratio": null,
            "price_fair": 0,
            "eps_avg_yearly": 0,
            "eps_latest_yearly": 0,
            "eps_growth_yearly": 0
        },
        "20013": {
            "year_quarter": 20013,
            "year": 2001,
            "quarter": 3,
            "eps": null,
            "eps_growth_year": null,
            "eps_4q": null,
            "eps_4q_growth_year": null,
            "roe": null,
            "roe_4q": 0,
            "gross_profit": null,
            "gross_margin": null,
            "gross_margin_4q_avg": 0,
            "net_income": null,
            "revenue": null,
            "common_shares": null,
            "book_valuer_per_share": null,
            "book_valuer_per_share_4q_avg": 0,
            "equity": null,
            "current_ratio": null,
            "debt_ratio": null,
            "inventory_turnover_ratio": null,
            "account_receivable_turnover_ratio": null,
            "reinvestment_rate": null,
            "research_to_sale_ratio": null,
            "price_fair": 0,
            "eps_avg_yearly": 0,
            "eps_latest_yearly": 0,
            "eps_growth_yearly": 0
        },
        "20014": {
            "year_quarter": 20014,
            "year": 2001,
            "quarter": 4,
            "eps": null,
            "eps_growth_year": null,
            "eps_4q": null,
            "eps_4q_growth_year": null,
            "roe": null,
            "roe_4q": 0,
            "gross_profit": null,
            "gross_margin": null,
            "gross_margin_4q_avg": 0,
            "net_income": null,
            "revenue": null,
            "common_shares": 266000,
            "book_valuer_per_share": 7.65,
            "book_valuer_per_share_4q_avg": 1.91,
            "equity": 210332,
            "current_ratio": 134.47,
            "debt_ratio": 63.07,
            "inventory_turnover_ratio": null,
            "account_receivable_turnover_ratio": null,
            "reinvestment_rate": null,
            "research_to_sale_ratio": null,
            "price_fair": 0,
            "eps_avg_yearly": 0,
            "eps_latest_yearly": 0,
            "eps_growth_yearly": 0
        },
        "20021": {
            "year_quarter": 20021,
            "year": 2002,
            "quarter": 1,
            "eps": null,
            "eps_growth_year": null,
            "eps_4q": null,
            "eps_4q_growth_year": null,
            "roe": null,
            "roe_4q": 0,
            "gross_profit": null,
            "gross_margin": null,
            "gross_margin_4q_avg": 0,
            "net_income": null,
            "revenue": null,
            "common_shares": null,
            "book_valuer_per_share": null,
            "book_valuer_per_share_4q_avg": 1.91,
            "equity": null,
            "current_ratio": null,
            "debt_ratio": null,
            "inventory_turnover_ratio": null,
            "account_receivable_turnover_ratio": null,
            "reinvestment_rate": null,
            "research_to_sale_ratio": null,
            "price_fair": 0,
            "eps_avg_yearly": 0,
            "eps_latest_yearly": 0,
            "eps_growth_yearly": 0
        },
        "20022": {
            "year_quarter": 20022,
            "year": 2002,
            "quarter": 2,
            "eps": null,
            "eps_growth_year": null,
            "eps_4q": null,
            "eps_4q_growth_year": null,
            "roe": null,
            "roe_4q": 0,
            "gross_profit": null,
            "gross_margin": null,
            "gross_margin_4q_avg": 0,
            "net_income": null,
            "revenue": null,
            "common_shares": null,
            "book_valuer_per_share": null,
            "book_valuer_per_share_4q_avg": 1.91,
            "equity": null,
            "current_ratio": null,
            "debt_ratio": null,
            "inventory_turnover_ratio": null,
            "account_receivable_turnover_ratio": null,
            "reinvestment_rate": null,
            "research_to_sale_ratio": null,
            "price_fair": 0,
            "eps_avg_yearly": 0,
            "eps_latest_yearly": 0,
            "eps_growth_yearly": 0
        },
        "20023": {
            "year_quarter": 20023,
            "year": 2002,
            "quarter": 3,
            "eps": null,
            "eps_growth_year": null,
            "eps_4q": null,
            "eps_4q_growth_year": null,
            "roe": null,
            "roe_4q": 0,
            "gross_profit": null,
            "gross_margin": null,
            "gross_margin_4q_avg": 0,
            "net_income": null,
            "revenue": null,
            "common_shares": null,
            "book_valuer_per_share": null,
            "book_valuer_per_share_4q_avg": 1.91,
            "equity": null,
            "current_ratio": null,
            "debt_ratio": null,
            "inventory_turnover_ratio": null,
            "account_receivable_turnover_ratio": null,
            "reinvestment_rate": null,
            "research_to_sale_ratio": null,
            "price_fair": 0,
            "eps_avg_yearly": 0,
            "eps_latest_yearly": 0,
            "eps_growth_yearly": 0
        },
        "20024": {
            "year_quarter": 20024,
            "year": 2002,
            "quarter": 4,
            "eps": null,
            "eps_growth_year": null,
            "eps_4q": null,
            "eps_4q_growth_year": null,
            "roe": null,
            "roe_4q": 0,
            "gross_profit": null,
            "gross_margin": null,
            "gross_margin_4q_avg": 0,
            "net_income": null,
            "revenue": null,
            "common_shares": 266000,
            "book_valuer_per_share": 9.83,
            "book_valuer_per_share_4q_avg": 2.46,
            "equity": 261469,
            "current_ratio": 219.11,
            "debt_ratio": 53.06,
            "inventory_turnover_ratio": null,
            "account_receivable_turnover_ratio": null,
            "reinvestment_rate": null,
            "research_to_sale_ratio": null,
            "price_fair": 0,
            "eps_avg_yearly": 0,
            "eps_latest_yearly": 0,
            "eps_growth_yearly": 0
        },
        "20031": {
            "year_quarter": 20031,
            "year": 2003,
            "quarter": 1,
            "eps": null,
            "eps_growth_year": null,
            "eps_4q": null,
            "eps_4q_growth_year": null,
            "roe": null,
            "roe_4q": 0,
            "gross_profit": null,
            "gross_margin": null,
            "gross_margin_4q_avg": 0,
            "net_income": null,
            "revenue": null,
            "common_shares": null,
            "book_valuer_per_share": null,
            "book_valuer_per_share_4q_avg": 2.46,
            "equity": null,
            "current_ratio": null,
            "debt_ratio": null,
            "inventory_turnover_ratio": null,
            "account_receivable_turnover_ratio": null,
            "reinvestment_rate": null,
            "research_to_sale_ratio": null,
            "price_fair": 0,
            "eps_avg_yearly": 0,
            "eps_latest_yearly": 0,
            "eps_growth_yearly": 0
        },
        "20032": {
            "year_quarter": 20032,
            "year": 2003,
            "quarter": 2,
            "eps": null,
            "eps_growth_year": null,
            "eps_4q": null,
            "eps_4q_growth_year": null,
            "roe": null,
            "roe_4q": 0,
            "gross_profit": null,
            "gross_margin": null,
            "gross_margin_4q_avg": 0,
            "net_income": null,
            "revenue": null,
            "common_shares": null,
            "book_valuer_per_share": null,
            "book_valuer_per_share_4q_avg": 2.46,
            "equity": null,
            "current_ratio": null,
            "debt_ratio": null,
            "inventory_turnover_ratio": null,
            "account_receivable_turnover_ratio": null,
            "reinvestment_rate": null,
            "research_to_sale_ratio": null,
            "price_fair": 0,
            "eps_avg_yearly": 0,
            "eps_latest_yearly": 0,
            "eps_growth_yearly": 0
        },
        "20033": {
            "year_quarter": 20033,
            "year": 2003,
            "quarter": 3,
            "eps": null,
            "eps_growth_year": null,
            "eps_4q": null,
            "eps_4q_growth_year": null,
            "roe": null,
            "roe_4q": 0,
            "gross_profit": null,
            "gross_margin": null,
            "gross_margin_4q_avg": 0,
            "net_income": null,
            "revenue": null,
            "common_shares": null,
            "book_valuer_per_share": null,
            "book_valuer_per_share_4q_avg": 2.46,
            "equity": null,
            "current_ratio": null,
            "debt_ratio": null,
            "inventory_turnover_ratio": null,
            "account_receivable_turnover_ratio": null,
            "reinvestment_rate": null,
            "research_to_sale_ratio": null,
            "price_fair": 0,
            "eps_avg_yearly": 0,
            "eps_latest_yearly": 0,
            "eps_growth_yearly": 0
        },
        "20034": {
            "year_quarter": 20034,
            "year": 2003,
            "quarter": 4,
            "eps": null,
            "eps_growth_year": null,
            "eps_4q": null,
            "eps_4q_growth_year": null,
            "roe": null,
            "roe_4q": 0,
            "gross_profit": null,
            "gross_margin": null,
            "gross_margin_4q_avg": 0,
            "net_income": null,
            "revenue": null,
            "common_shares": 270788,
            "book_valuer_per_share": 12.86,
            "book_valuer_per_share_4q_avg": 3.22,
            "equity": 348117,
            "current_ratio": 149.42,
            "debt_ratio": 43.89,
            "inventory_turnover_ratio": null,
            "account_receivable_turnover_ratio": null,
            "reinvestment_rate": null,
            "research_to_sale_ratio": null,
            "price_fair": 0,
            "eps_avg_yearly": 0,
            "eps_latest_yearly": 0,
            "eps_growth_yearly": 0
        },
        "20041": {
            "year_quarter": 20041,
            "year": 2004,
            "quarter": 1,
            "eps": null,
            "eps_growth_year": null,
            "eps_4q": null,
            "eps_4q_growth_year": null,
            "roe": null,
            "roe_4q": 0,
            "gross_profit": null,
            "gross_margin": null,
            "gross_margin_4q_avg": 0,
            "net_income": null,
            "revenue": null,
            "common_shares": null,
            "book_valuer_per_share": null,
            "book_valuer_per_share_4q_avg": 3.22,
            "equity": null,
            "current_ratio": null,
            "debt_ratio": null,
            "inventory_turnover_ratio": null,
            "account_receivable_turnover_ratio": null,
            "reinvestment_rate": null,
            "research_to_sale_ratio": null,
            "price_fair": 0,
            "eps_avg_yearly": 0,
            "eps_latest_yearly": 0,
            "eps_growth_yearly": 0
        },
        "20042": {
            "year_quarter": 20042,
            "year": 2004,
            "quarter": 2,
            "eps": null,
            "eps_growth_year": null,
            "eps_4q": null,
            "eps_4q_growth_year": null,
            "roe": null,
            "roe_4q": 0,
            "gross_profit": null,
            "gross_margin": null,
            "gross_margin_4q_avg": 0,
            "net_income": null,
            "revenue": null,
            "common_shares": null,
            "book_valuer_per_share": null,
            "book_valuer_per_share_4q_avg": 3.22,
            "equity": null,
            "current_ratio": null,
            "debt_ratio": null,
            "inventory_turnover_ratio": null,
            "account_receivable_turnover_ratio": null,
            "reinvestment_rate": null,
            "research_to_sale_ratio": null,
            "price_fair": 0,
            "eps_avg_yearly": 0,
            "eps_latest_yearly": 0,
            "eps_growth_yearly": 0
        },
        "20043": {
            "year_quarter": 20043,
            "year": 2004,
            "quarter": 3,
            "eps": null,
            "eps_growth_year": null,
            "eps_4q": null,
            "eps_4q_growth_year": null,
            "roe": null,
            "roe_4q": 0,
            "gross_profit": null,
            "gross_margin": null,
            "gross_margin_4q_avg": 0,
            "net_income": null,
            "revenue": null,
            "common_shares": null,
            "book_valuer_per_share": null,
            "book_valuer_per_share_4q_avg": 3.22,
            "equity": null,
            "current_ratio": null,
            "debt_ratio": null,
            "inventory_turnover_ratio": null,
            "account_receivable_turnover_ratio": null,
            "reinvestment_rate": null,
            "research_to_sale_ratio": null,
            "price_fair": 0,
            "eps_avg_yearly": 0,
            "eps_latest_yearly": 0,
            "eps_growth_yearly": 0
        },
        "20044": {
            "year_quarter": 20044,
            "year": 2004,
            "quarter": 4,
            "eps": null,
            "eps_growth_year": null,
            "eps_4q": null,
            "eps_4q_growth_year": null,
            "roe": null,
            "roe_4q": 0,
            "gross_profit": null,
            "gross_margin": null,
            "gross_margin_4q_avg": 0,
            "net_income": null,
            "revenue": null,
            "common_shares": 339123,
            "book_valuer_per_share": 10.43,
            "book_valuer_per_share_4q_avg": 2.61,
            "equity": 353813,
            "current_ratio": 182.72,
            "debt_ratio": 40.52,
            "inventory_turnover_ratio": null,
            "account_receivable_turnover_ratio": null,
            "reinvestment_rate": null,
            "research_to_sale_ratio": null,
            "price_fair": 0,
            "eps_avg_yearly": 0,
            "eps_latest_yearly": 0,
            "eps_growth_yearly": 0
        },
        "20051": {
            "year_quarter": 20051,
            "year": 2005,
            "quarter": 1,
            "eps": null,
            "eps_growth_year": null,
            "eps_4q": null,
            "eps_4q_growth_year": null,
            "roe": null,
            "roe_4q": 0,
            "gross_profit": null,
            "gross_margin": null,
            "gross_margin_4q_avg": 0,
            "net_income": null,
            "revenue": null,
            "common_shares": null,
            "book_valuer_per_share": null,
            "book_valuer_per_share_4q_avg": 2.61,
            "equity": null,
            "current_ratio": null,
            "debt_ratio": null,
            "inventory_turnover_ratio": null,
            "account_receivable_turnover_ratio": null,
            "reinvestment_rate": null,
            "research_to_sale_ratio": null,
            "price_fair": 0,
            "eps_avg_yearly": 0,
            "eps_latest_yearly": 0,
            "eps_growth_yearly": 0
        },
        "20052": {
            "year_quarter": 20052,
            "year": 2005,
            "quarter": 2,
            "eps": null,
            "eps_growth_year": null,
            "eps_4q": null,
            "eps_4q_growth_year": null,
            "roe": null,
            "roe_4q": 0,
            "gross_profit": null,
            "gross_margin": null,
            "gross_margin_4q_avg": 0,
            "net_income": null,
            "revenue": null,
            "common_shares": null,
            "book_valuer_per_share": null,
            "book_valuer_per_share_4q_avg": 2.61,
            "equity": null,
            "current_ratio": null,
            "debt_ratio": null,
            "inventory_turnover_ratio": null,
            "account_receivable_turnover_ratio": null,
            "reinvestment_rate": null,
            "research_to_sale_ratio": null,
            "price_fair": 0,
            "eps_avg_yearly": 0,
            "eps_latest_yearly": 0,
            "eps_growth_yearly": 0
        },
        "20053": {
            "year_quarter": 20053,
            "year": 2005,
            "quarter": 3,
            "eps": null,
            "eps_growth_year": null,
            "eps_4q": null,
            "eps_4q_growth_year": null,
            "roe": null,
            "roe_4q": 0,
            "gross_profit": null,
            "gross_margin": null,
            "gross_margin_4q_avg": 0,
            "net_income": null,
            "revenue": null,
            "common_shares": null,
            "book_valuer_per_share": null,
            "book_valuer_per_share_4q_avg": 2.61,
            "equity": null,
            "current_ratio": null,
            "debt_ratio": null,
            "inventory_turnover_ratio": null,
            "account_receivable_turnover_ratio": null,
            "reinvestment_rate": null,
            "research_to_sale_ratio": null,
            "price_fair": 0,
            "eps_avg_yearly": 0,
            "eps_latest_yearly": 0,
            "eps_growth_yearly": 0
        },
        "20054": {
            "year_quarter": 20054,
            "year": 2005,
            "quarter": 4,
            "eps": null,
            "eps_growth_year": null,
            "eps_4q": null,
            "eps_4q_growth_year": null,
            "roe": null,
            "roe_4q": 0,
            "gross_profit": null,
            "gross_margin": null,
            "gross_margin_4q_avg": 0,
            "net_income": null,
            "revenue": null,
            "common_shares": 339123,
            "book_valuer_per_share": 11.74,
            "book_valuer_per_share_4q_avg": 2.94,
            "equity": 398231,
            "current_ratio": 194.44,
            "debt_ratio": 40.61,
            "inventory_turnover_ratio": null,
            "account_receivable_turnover_ratio": null,
            "reinvestment_rate": null,
            "research_to_sale_ratio": null,
            "price_fair": 0,
            "eps_avg_yearly": 0,
            "eps_latest_yearly": 0,
            "eps_growth_yearly": 0
        },
        "20061": {
            "year_quarter": 20061,
            "year": 2006,
            "quarter": 1,
            "eps": null,
            "eps_growth_year": null,
            "eps_4q": null,
            "eps_4q_growth_year": null,
            "roe": null,
            "roe_4q": 0,
            "gross_profit": null,
            "gross_margin": null,
            "gross_margin_4q_avg": 0,
            "net_income": null,
            "revenue": null,
            "common_shares": null,
            "book_valuer_per_share": null,
            "book_valuer_per_share_4q_avg": 2.94,
            "equity": null,
            "current_ratio": null,
            "debt_ratio": null,
            "inventory_turnover_ratio": null,
            "account_receivable_turnover_ratio": null,
            "reinvestment_rate": null,
            "research_to_sale_ratio": null,
            "price_fair": 0,
            "eps_avg_yearly": 0,
            "eps_latest_yearly": 0,
            "eps_growth_yearly": 0
        },
        "20062": {
            "year_quarter": 20062,
            "year": 2006,
            "quarter": 2,
            "eps": null,
            "eps_growth_year": null,
            "eps_4q": null,
            "eps_4q_growth_year": null,
            "roe": null,
            "roe_4q": 0,
            "gross_profit": null,
            "gross_margin": null,
            "gross_margin_4q_avg": 0,
            "net_income": null,
            "revenue": null,
            "common_shares": null,
            "book_valuer_per_share": null,
            "book_valuer_per_share_4q_avg": 2.94,
            "equity": null,
            "current_ratio": null,
            "debt_ratio": null,
            "inventory_turnover_ratio": null,
            "account_receivable_turnover_ratio": null,
            "reinvestment_rate": null,
            "research_to_sale_ratio": null,
            "price_fair": 0,
            "eps_avg_yearly": 0,
            "eps_latest_yearly": 0,
            "eps_growth_yearly": 0
        },
        "20063": {
            "year_quarter": 20063,
            "year": 2006,
            "quarter": 3,
            "eps": null,
            "eps_growth_year": null,
            "eps_4q": null,
            "eps_4q_growth_year": null,
            "roe": null,
            "roe_4q": 0,
            "gross_profit": null,
            "gross_margin": null,
            "gross_margin_4q_avg": 0,
            "net_income": null,
            "revenue": null,
            "common_shares": null,
            "book_valuer_per_share": null,
            "book_valuer_per_share_4q_avg": 2.94,
            "equity": null,
            "current_ratio": null,
            "debt_ratio": null,
            "inventory_turnover_ratio": null,
            "account_receivable_turnover_ratio": null,
            "reinvestment_rate": null,
            "research_to_sale_ratio": null,
            "price_fair": 0,
            "eps_avg_yearly": 0,
            "eps_latest_yearly": 0,
            "eps_growth_yearly": 0
        },
        "20064": {
            "year_quarter": 20064,
            "year": 2006,
            "quarter": 4,
            "eps": null,
            "eps_growth_year": null,
            "eps_4q": null,
            "eps_4q_growth_year": null,
            "roe": null,
            "roe_4q": 0,
            "gross_profit": null,
            "gross_margin": null,
            "gross_margin_4q_avg": 0,
            "net_income": null,
            "revenue": null,
            "common_shares": 339123,
            "book_valuer_per_share": 11.85,
            "book_valuer_per_share_4q_avg": 2.96,
            "equity": 401966,
            "current_ratio": 282.8,
            "debt_ratio": 27.98,
            "inventory_turnover_ratio": null,
            "account_receivable_turnover_ratio": null,
            "reinvestment_rate": null,
            "research_to_sale_ratio": null,
            "price_fair": 0,
            "eps_avg_yearly": 0,
            "eps_latest_yearly": 0,
            "eps_growth_yearly": 0
        },
        "20071": {
            "year_quarter": 20071,
            "year": 2007,
            "quarter": 1,
            "eps": 0.72,
            "eps_growth_year": null,
            "eps_4q": null,
            "eps_4q_growth_year": null,
            "roe": 5.86,
            "roe_4q": 5.86,
            "gross_profit": 33986,
            "gross_margin": 48.22,
            "gross_margin_4q_avg": 12.06,
            "net_income": 24391,
            "revenue": 70479,
            "common_shares": 339123,
            "book_valuer_per_share": 12.67,
            "book_valuer_per_share_4q_avg": 6.13,
            "equity": 429821,
            "current_ratio": 192.29,
            "debt_ratio": 31.39,
            "inventory_turnover_ratio": 0.54,
            "account_receivable_turnover_ratio": null,
            "reinvestment_rate": null,
            "research_to_sale_ratio": null,
            "price_fair": 0,
            "eps_avg_yearly": 0,
            "eps_latest_yearly": 0,
            "eps_growth_yearly": 0
        },
        "20072": {
            "year_quarter": 20072,
            "year": 2007,
            "quarter": 2,
            "eps": 0.85,
            "eps_growth_year": null,
            "eps_4q": null,
            "eps_4q_growth_year": null,
            "roe": 6.82,
            "roe_4q": 12.68,
            "gross_profit": 41117,
            "gross_margin": 47.91,
            "gross_margin_4q_avg": 24.03,
            "net_income": 28721,
            "revenue": 85828,
            "common_shares": 339123,
            "book_valuer_per_share": 12.15,
            "book_valuer_per_share_4q_avg": 9.17,
            "equity": 412003,
            "current_ratio": 143.92,
            "debt_ratio": 36.84,
            "inventory_turnover_ratio": 0.71,
            "account_receivable_turnover_ratio": null,
            "reinvestment_rate": null,
            "research_to_sale_ratio": null,
            "price_fair": 119,
            "eps_avg_yearly": 3.4,
            "eps_latest_yearly": 3.4,
            "eps_growth_yearly": 72.22
        },
        "20073": {
            "year_quarter": 20073,
            "year": 2007,
            "quarter": 3,
            "eps": 0.47,
            "eps_growth_year": null,
            "eps_4q": null,
            "eps_4q_growth_year": null,
            "roe": 4.15,
            "roe_4q": 16.830000000000002,
            "gross_profit": 29862,
            "gross_margin": 43.51,
            "gross_margin_4q_avg": 34.91,
            "net_income": 17528,
            "revenue": 68625,
            "common_shares": 339123,
            "book_valuer_per_share": 12.76,
            "book_valuer_per_share_4q_avg": 12.36,
            "equity": 432755,
            "current_ratio": 193.08,
            "debt_ratio": 26.95,
            "inventory_turnover_ratio": 0.62,
            "account_receivable_turnover_ratio": null,
            "reinvestment_rate": null,
            "research_to_sale_ratio": null,
            "price_fair": 7.92,
            "eps_avg_yearly": 2.64,
            "eps_latest_yearly": 1.88,
            "eps_growth_yearly": -53.3
        },
        "20074": {
            "year_quarter": 20074,
            "year": 2007,
            "quarter": 4,
            "eps": 0.34,
            "eps_growth_year": null,
            "eps_4q": 2.44,
            "eps_4q_growth_year": null,
            "roe": 2.62,
            "roe_4q": 19.45,
            "gross_profit": 28994,
            "gross_margin": 48.19,
            "gross_margin_4q_avg": 46.96,
            "net_income": 11443,
            "revenue": 60167,
            "common_shares": 339123,
            "book_valuer_per_share": 13.02,
            "book_valuer_per_share_4q_avg": 12.65,
            "equity": 441684,
            "current_ratio": 183.42,
            "debt_ratio": 28.2,
            "inventory_turnover_ratio": 0.47,
            "account_receivable_turnover_ratio": null,
            "reinvestment_rate": null,
            "research_to_sale_ratio": null,
            "price_fair": 6.64,
            "eps_avg_yearly": 2.21,
            "eps_latest_yearly": 1.36,
            "eps_growth_yearly": -72.41
        },
        "20081": {
            "year_quarter": 20081,
            "year": 2008,
            "quarter": 1,
            "eps": 0.62,
            "eps_growth_year": -13.89,
            "eps_4q": 2.32,
            "eps_4q_growth_year": null,
            "roe": 4.66,
            "roe_4q": 18.25,
            "gross_profit": 29839,
            "gross_margin": 43.54,
            "gross_margin_4q_avg": 45.79,
            "net_income": 21007,
            "revenue": 68535,
            "common_shares": 339123,
            "book_valuer_per_share": 13.54,
            "book_valuer_per_share_4q_avg": 12.87,
            "equity": 459165,
            "current_ratio": 213.77,
            "debt_ratio": 32.49,
            "inventory_turnover_ratio": 0.54,
            "account_receivable_turnover_ratio": null,
            "reinvestment_rate": null,
            "research_to_sale_ratio": null,
            "price_fair": 79.8,
            "eps_avg_yearly": 2.28,
            "eps_latest_yearly": 2.48,
            "eps_growth_yearly": 28.04
        },
        "20082": {
            "year_quarter": 20082,
            "year": 2008,
            "quarter": 2,
            "eps": 0.62,
            "eps_growth_year": -27.06,
            "eps_4q": 2.09,
            "eps_4q_growth_year": null,
            "roe": 4.67,
            "roe_4q": 16.1,
            "gross_profit": 34110,
            "gross_margin": 45.02,
            "gross_margin_4q_avg": 45.07,
            "net_income": 21113,
            "revenue": 75762,
            "common_shares": 339123,
            "book_valuer_per_share": 13.11,
            "book_valuer_per_share_4q_avg": 13.11,
            "equity": 444443,
            "current_ratio": 161.07,
            "debt_ratio": 35.91,
            "inventory_turnover_ratio": 0.54,
            "account_receivable_turnover_ratio": null,
            "reinvestment_rate": null,
            "research_to_sale_ratio": null,
            "price_fair": 75.25,
            "eps_avg_yearly": 2.32,
            "eps_latest_yearly": 2.48,
            "eps_growth_yearly": 22.43
        },
        "20083": {
            "year_quarter": 20083,
            "year": 2008,
            "quarter": 3,
            "eps": 0.5,
            "eps_growth_year": 6.38,
            "eps_4q": 1.94,
            "eps_4q_growth_year": null,
            "roe": 4.1,
            "roe_4q": 16.05,
            "gross_profit": 24408,
            "gross_margin": 38.05,
            "gross_margin_4q_avg": 43.7,
            "net_income": 18634,
            "revenue": 64141,
            "common_shares": 374731,
            "book_valuer_per_share": 12.4,
            "book_valuer_per_share_4q_avg": 13.02,
            "equity": 464701,
            "current_ratio": 148.42,
            "debt_ratio": 34,
            "inventory_turnover_ratio": 0.47,
            "account_receivable_turnover_ratio": null,
            "reinvestment_rate": null,
            "research_to_sale_ratio": null,
            "price_fair": 35.8,
            "eps_avg_yearly": 2.27,
            "eps_latest_yearly": 2,
            "eps_growth_yearly": 5.79
        },
        "20084": {
            "year_quarter": 20084,
            "year": 2008,
            "quarter": 4,
            "eps": 0.31,
            "eps_growth_year": -8.82,
            "eps_4q": 1.92,
            "eps_4q_growth_year": -21.35,
            "roe": 2.49,
            "roe_4q": 15.92,
            "gross_profit": 22911,
            "gross_margin": 38.46,
            "gross_margin_4q_avg": 41.27,
            "net_income": 11712,
            "revenue": 59574,
            "common_shares": 374731,
            "book_valuer_per_share": 12.74,
            "book_valuer_per_share_4q_avg": 12.95,
            "equity": 477404,
            "current_ratio": 136.33,
            "debt_ratio": 32.38,
            "inventory_turnover_ratio": 0.39,
            "account_receivable_turnover_ratio": 2.4,
            "reinvestment_rate": null,
            "research_to_sale_ratio": null,
            "price_fair": 6.36,
            "eps_avg_yearly": 2.12,
            "eps_latest_yearly": 1.24,
            "eps_growth_yearly": -16.75
        },
        "20091": {
            "year_quarter": 20091,
            "year": 2009,
            "quarter": 1,
            "eps": 0.33,
            "eps_growth_year": -46.77,
            "eps_4q": 1.71,
            "eps_4q_growth_year": -26.36,
            "roe": 2.55,
            "roe_4q": 13.81,
            "gross_profit": 28631,
            "gross_margin": 42.5,
            "gross_margin_4q_avg": 41.01,
            "net_income": 12301,
            "revenue": 67362,
            "common_shares": 374731,
            "book_valuer_per_share": 12.98,
            "book_valuer_per_share_4q_avg": 12.81,
            "equity": 486446,
            "current_ratio": 158.26,
            "debt_ratio": 34.72,
            "inventory_turnover_ratio": 0.4,
            "account_receivable_turnover_ratio": 1.23,
            "reinvestment_rate": null,
            "research_to_sale_ratio": null,
            "price_fair": 6.06,
            "eps_avg_yearly": 2.02,
            "eps_latest_yearly": 1.32,
            "eps_growth_yearly": -11.43
        },
        "20092": {
            "year_quarter": 20092,
            "year": 2009,
            "quarter": 2,
            "eps": 0.49,
            "eps_growth_year": -20.97,
            "eps_4q": 1.62,
            "eps_4q_growth_year": -22.44,
            "roe": 3.8,
            "roe_4q": 12.94,
            "gross_profit": 30858,
            "gross_margin": 37.9,
            "gross_margin_4q_avg": 39.23,
            "net_income": 18506,
            "revenue": 81414,
            "common_shares": 374731,
            "book_valuer_per_share": 13.04,
            "book_valuer_per_share_4q_avg": 12.79,
            "equity": 488629,
            "current_ratio": 113.48,
            "debt_ratio": 37.17,
            "inventory_turnover_ratio": 0.55,
            "account_receivable_turnover_ratio": 1.3,
            "reinvestment_rate": null,
            "research_to_sale_ratio": null,
            "price_fair": 43.06,
            "eps_avg_yearly": 2.01,
            "eps_latest_yearly": 1.96,
            "eps_growth_yearly": 11.39
        },
        "20093": {
            "year_quarter": 20093,
            "year": 2009,
            "quarter": 3,
            "eps": 0.53,
            "eps_growth_year": 6,
            "eps_4q": 1.65,
            "eps_4q_growth_year": -14.81,
            "roe": 3.81,
            "roe_4q": 12.65,
            "gross_profit": 32830,
            "gross_margin": 39.17,
            "gross_margin_4q_avg": 39.51,
            "net_income": 20116,
            "revenue": 83806,
            "common_shares": 411131,
            "book_valuer_per_share": 13.81,
            "book_valuer_per_share_4q_avg": 13.14,
            "equity": 567603,
            "current_ratio": 155.23,
            "debt_ratio": 31.73,
            "inventory_turnover_ratio": 0.57,
            "account_receivable_turnover_ratio": 1.28,
            "reinvestment_rate": null,
            "research_to_sale_ratio": null,
            "price_fair": 47.59,
            "eps_avg_yearly": 2.02,
            "eps_latest_yearly": 2.12,
            "eps_growth_yearly": 13.52
        },
        "20094": {
            "year_quarter": 20094,
            "year": 2009,
            "quarter": 4,
            "eps": 0.29,
            "eps_growth_year": -6.45,
            "eps_4q": 1.52,
            "eps_4q_growth_year": -21,
            "roe": 1.99,
            "roe_4q": 12.149999999999999,
            "gross_profit": 31172,
            "gross_margin": 38.53,
            "gross_margin_4q_avg": 39.53,
            "net_income": 11374,
            "revenue": 80906,
            "common_shares": 411131,
            "book_valuer_per_share": 14.06,
            "book_valuer_per_share_4q_avg": 13.47,
            "equity": 577953,
            "current_ratio": 147.86,
            "debt_ratio": 31.43,
            "inventory_turnover_ratio": 0.5,
            "account_receivable_turnover_ratio": 2.8,
            "reinvestment_rate": null,
            "research_to_sale_ratio": null,
            "price_fair": 5.84,
            "eps_avg_yearly": 1.95,
            "eps_latest_yearly": 1.16,
            "eps_growth_yearly": -4.18
        },
        "20101": {
            "year_quarter": 20101,
            "year": 2010,
            "quarter": 1,
            "eps": 0.57,
            "eps_growth_year": 72.73,
            "eps_4q": 1.78,
            "eps_4q_growth_year": 4.3,
            "roe": 3.96,
            "roe_4q": 13.559999999999999,
            "gross_profit": 36430,
            "gross_margin": 34.63,
            "gross_margin_4q_avg": 37.56,
            "net_income": 23355,
            "revenue": 105192,
            "common_shares": 411131,
            "book_valuer_per_share": 14.61,
            "book_valuer_per_share_4q_avg": 13.88,
            "equity": 600621,
            "current_ratio": 128.76,
            "debt_ratio": 32.72,
            "inventory_turnover_ratio": 0.64,
            "account_receivable_turnover_ratio": 1.56,
            "reinvestment_rate": null,
            "research_to_sale_ratio": 1.04,
            "price_fair": 69.07,
            "eps_avg_yearly": 1.97,
            "eps_latest_yearly": 2.28,
            "eps_growth_yearly": 28.35
        },
        "20102": {
            "year_quarter": 20102,
            "year": 2010,
            "quarter": 2,
            "eps": 0.43,
            "eps_growth_year": -11.54,
            "eps_4q": 1.77,
            "eps_4q_growth_year": 9.16,
            "roe": 2.87,
            "roe_4q": 12.63,
            "gross_profit": 48387,
            "gross_margin": 39.04,
            "gross_margin_4q_avg": 37.84,
            "net_income": 17821,
            "revenue": 123940,
            "common_shares": 411131,
            "book_valuer_per_share": 15.65,
            "book_valuer_per_share_4q_avg": 14.53,
            "equity": 643322,
            "current_ratio": 257.6,
            "debt_ratio": 43.88,
            "inventory_turnover_ratio": 0.75,
            "account_receivable_turnover_ratio": 1.53,
            "reinvestment_rate": null,
            "research_to_sale_ratio": 0.85,
            "price_fair": 55.91,
            "eps_avg_yearly": 1.95,
            "eps_latest_yearly": 1.72,
            "eps_growth_yearly": 18.61
        },
        "20103": {
            "year_quarter": 20103,
            "year": 2010,
            "quarter": 3,
            "eps": 0.59,
            "eps_growth_year": 12,
            "eps_4q": 1.87,
            "eps_4q_growth_year": 13.42,
            "roe": 3.72,
            "roe_4q": 12.540000000000001,
            "gross_profit": 29685,
            "gross_margin": 31.11,
            "gross_margin_4q_avg": 35.83,
            "net_income": 24405,
            "revenue": 95431,
            "common_shares": 411131,
            "book_valuer_per_share": 16.31,
            "book_valuer_per_share_4q_avg": 15.16,
            "equity": 670397,
            "current_ratio": 269.5,
            "debt_ratio": 42.07,
            "inventory_turnover_ratio": 0.64,
            "account_receivable_turnover_ratio": 1.2,
            "reinvestment_rate": null,
            "research_to_sale_ratio": 1.06,
            "price_fair": 69.4,
            "eps_avg_yearly": 1.98,
            "eps_latest_yearly": 2.36,
            "eps_growth_yearly": 27.92
        },
        "20104": {
            "year_quarter": 20104,
            "year": 2010,
            "quarter": 4,
            "eps": -0.21,
            "eps_growth_year": -174.01,
            "eps_4q": 1.38,
            "eps_4q_growth_year": -8.89,
            "roe": -1.33,
            "roe_4q": 9.219999999999999,
            "gross_profit": 29354,
            "gross_margin": 28.76,
            "gross_margin_4q_avg": 33.39,
            "net_income": -8824,
            "revenue": 102073,
            "common_shares": 411131,
            "book_valuer_per_share": 15.87,
            "book_valuer_per_share_4q_avg": 15.61,
            "equity": 652617,
            "current_ratio": 221.68,
            "debt_ratio": 44.46,
            "inventory_turnover_ratio": 0.66,
            "account_receivable_turnover_ratio": 1.23,
            "reinvestment_rate": 157.04,
            "research_to_sale_ratio": 1.54,
            "price_fair": 69.4,
            "eps_avg_yearly": 1.98,
            "eps_latest_yearly": 2.36,
            "eps_growth_yearly": 27.92
        },
        "20111": {
            "year_quarter": 20111,
            "year": 2011,
            "quarter": 1,
            "eps": 0.18,
            "eps_growth_year": -68.42,
            "eps_4q": 1,
            "eps_4q_growth_year": -44.17,
            "roe": 1.15,
            "roe_4q": 6.41,
            "gross_profit": 25947,
            "gross_margin": 27.41,
            "gross_margin_4q_avg": 31.58,
            "net_income": 7547,
            "revenue": 94667,
            "common_shares": 411131,
            "book_valuer_per_share": 16.15,
            "book_valuer_per_share_4q_avg": 16,
            "equity": 663883,
            "current_ratio": 238.79,
            "debt_ratio": 41.91,
            "inventory_turnover_ratio": 0.59,
            "account_receivable_turnover_ratio": 1.1,
            "reinvestment_rate": 175.84,
            "research_to_sale_ratio": 1.09,
            "price_fair": 69.4,
            "eps_avg_yearly": 1.98,
            "eps_latest_yearly": 2.36,
            "eps_growth_yearly": 27.92
        },
        "20112": {
            "year_quarter": 20112,
            "year": 2011,
            "quarter": 2,
            "eps": 0.9,
            "eps_growth_year": 107.32,
            "eps_4q": 1.46,
            "eps_4q_growth_year": -17.33,
            "roe": 5.68,
            "roe_4q": 9.22,
            "gross_profit": 38615,
            "gross_margin": 31,
            "gross_margin_4q_avg": 29.57,
            "net_income": 36946,
            "revenue": 124573,
            "common_shares": 411131,
            "book_valuer_per_share": 15.52,
            "book_valuer_per_share_4q_avg": 15.96,
            "equity": 637993,
            "current_ratio": 85.85,
            "debt_ratio": 45.53,
            "inventory_turnover_ratio": 0.75,
            "account_receivable_turnover_ratio": 1.35,
            "reinvestment_rate": 179.19,
            "research_to_sale_ratio": 0.87,
            "price_fair": 69.9,
            "eps_avg_yearly": 2,
            "eps_latest_yearly": 3.6,
            "eps_growth_yearly": 137.04
        },
        "20113": {
            "year_quarter": 20113,
            "year": 2011,
            "quarter": 3,
            "eps": 0.02,
            "eps_growth_year": -96.3,
            "eps_4q": 0.89,
            "eps_4q_growth_year": -52.47,
            "roe": 0.14,
            "roe_4q": 5.639999999999999,
            "gross_profit": 32693,
            "gross_margin": 30.72,
            "gross_margin_4q_avg": 29.47,
            "net_income": 904,
            "revenue": 106416,
            "common_shares": 411131,
            "book_valuer_per_share": 15.58,
            "book_valuer_per_share_4q_avg": 15.78,
            "equity": 640584,
            "current_ratio": 81.24,
            "debt_ratio": 43.51,
            "inventory_turnover_ratio": 0.68,
            "account_receivable_turnover_ratio": 1,
            "reinvestment_rate": 196.1,
            "research_to_sale_ratio": 1.07,
            "price_fair": 65.4,
            "eps_avg_yearly": 1.87,
            "eps_latest_yearly": 0.08,
            "eps_growth_yearly": 121.88
        },
        "20114": {
            "year_quarter": 20114,
            "year": 2011,
            "quarter": 4,
            "eps": 0.71,
            "eps_growth_year": null,
            "eps_4q": 1.82,
            "eps_4q_growth_year": 31.62,
            "roe": 4.49,
            "roe_4q": 11.459999999999999,
            "gross_profit": 45116,
            "gross_margin": 44.5,
            "gross_margin_4q_avg": 33.41,
            "net_income": 29307,
            "revenue": 101374,
            "common_shares": 411131,
            "book_valuer_per_share": 16.15,
            "book_valuer_per_share_4q_avg": 15.85,
            "equity": 664000,
            "current_ratio": 83.85,
            "debt_ratio": 38.78,
            "inventory_turnover_ratio": 0.48,
            "account_receivable_turnover_ratio": 0.98,
            "reinvestment_rate": 169.36,
            "research_to_sale_ratio": 1.63,
            "price_fair": 69.1,
            "eps_avg_yearly": 1.97,
            "eps_latest_yearly": 2.84,
            "eps_growth_yearly": 1115.5
        },
        "20121": {
            "year_quarter": 20121,
            "year": 2012,
            "quarter": 1,
            "eps": 0.79,
            "eps_growth_year": 338.89,
            "eps_4q": 2.42,
            "eps_4q_growth_year": 143.19,
            "roe": 4.76,
            "roe_4q": 15.07,
            "gross_profit": 43901,
            "gross_margin": 35.09,
            "gross_margin_4q_avg": 35.33,
            "net_income": 32428,
            "revenue": 125124,
            "common_shares": 411131,
            "book_valuer_per_share": 16.96,
            "book_valuer_per_share_4q_avg": 16.05,
            "equity": 697125,
            "current_ratio": 88.78,
            "debt_ratio": 36.6,
            "inventory_turnover_ratio": 0.67,
            "account_receivable_turnover_ratio": 1.2,
            "reinvestment_rate": 148.77,
            "research_to_sale_ratio": 1.57,
            "price_fair": 70.8,
            "eps_avg_yearly": 2.02,
            "eps_latest_yearly": 3.16,
            "eps_growth_yearly": 1095.19
        },
        "20122": {
            "year_quarter": 20122,
            "year": 2012,
            "quarter": 2,
            "eps": 0.95,
            "eps_growth_year": 5.41,
            "eps_4q": 2.47,
            "eps_4q_growth_year": 69.1,
            "roe": 5.63,
            "roe_4q": 15.020000000000001,
            "gross_profit": 48532,
            "gross_margin": 38.85,
            "gross_margin_4q_avg": 37.29,
            "net_income": 38945,
            "revenue": 124929,
            "common_shares": 411131,
            "book_valuer_per_share": 16.72,
            "book_valuer_per_share_4q_avg": 16.35,
            "equity": 687301,
            "current_ratio": 86.54,
            "debt_ratio": 39.4,
            "inventory_turnover_ratio": 0.63,
            "account_receivable_turnover_ratio": 1.09,
            "reinvestment_rate": 140.73,
            "research_to_sale_ratio": 1.25,
            "price_fair": 74.1,
            "eps_avg_yearly": 2.12,
            "eps_latest_yearly": 3.8,
            "eps_growth_yearly": 1100.97
        },
        "20123": {
            "year_quarter": 20123,
            "year": 2012,
            "quarter": 3,
            "eps": 0.9,
            "eps_growth_year": 3999.69,
            "eps_4q": 3.35,
            "eps_4q_growth_year": 276.62,
            "roe": 5.25,
            "roe_4q": 20.13,
            "gross_profit": 49852,
            "gross_margin": 42.71,
            "gross_margin_4q_avg": 40.29,
            "net_income": 37061,
            "revenue": 116719,
            "common_shares": 411131,
            "book_valuer_per_share": 17.61,
            "book_valuer_per_share_4q_avg": 16.86,
            "equity": 724009,
            "current_ratio": 100.44,
            "debt_ratio": 35.19,
            "inventory_turnover_ratio": 0.52,
            "account_receivable_turnover_ratio": 1.04,
            "reinvestment_rate": 121.97,
            "research_to_sale_ratio": 3.04,
            "price_fair": 78.1,
            "eps_avg_yearly": 2.23,
            "eps_latest_yearly": 3.6,
            "eps_growth_yearly": 1105
        },
        "20124": {
            "year_quarter": 20124,
            "year": 2012,
            "quarter": 4,
            "eps": 0.71,
            "eps_growth_year": -0.71,
            "eps_4q": 3.34,
            "eps_4q_growth_year": 84.05,
            "roe": 3.99,
            "roe_4q": 19.630000000000003,
            "gross_profit": 35709,
            "gross_margin": 31.26,
            "gross_margin_4q_avg": 36.98,
            "net_income": 29108,
            "revenue": 114233,
            "common_shares": 411273,
            "book_valuer_per_share": 17.88,
            "book_valuer_per_share_4q_avg": 17.29,
            "equity": 735530,
            "current_ratio": 110.46,
            "debt_ratio": 34.04,
            "inventory_turnover_ratio": 0.62,
            "account_receivable_turnover_ratio": 1.03,
            "reinvestment_rate": 95.3,
            "research_to_sale_ratio": 1.33,
            "price_fair": 82.1,
            "eps_avg_yearly": 2.35,
            "eps_latest_yearly": 2.84,
            "eps_growth_yearly": 1109.82
        },
        "20131": {
            "year_quarter": 20131,
            "year": 2013,
            "quarter": 1,
            "eps": 0.79,
            "eps_growth_year": 0,
            "eps_4q": 3,
            "eps_4q_growth_year": 23.87,
            "roe": 3.88,
            "roe_4q": 18.75,
            "gross_profit": 44841,
            "gross_margin": 35.89,
            "gross_margin_4q_avg": 37.18,
            "net_income": 33157,
            "revenue": 124942,
            "common_shares": 460845,
            "book_valuer_per_share": 21.14,
            "book_valuer_per_share_4q_avg": 18.34,
            "equity": 974066,
            "current_ratio": 301.98,
            "debt_ratio": 15.15,
            "inventory_turnover_ratio": 0.69,
            "account_receivable_turnover_ratio": 1.08,
            "reinvestment_rate": 81.54,
            "research_to_sale_ratio": 6.77,
            "price_fair": 86.7,
            "eps_avg_yearly": 2.48,
            "eps_latest_yearly": 3.16,
            "eps_growth_yearly": 1111.2
        },
        "20132": {
            "year_quarter": 20132,
            "year": 2013,
            "quarter": 2,
            "eps": 0.63,
            "eps_growth_year": -33.49,
            "eps_4q": 2.76,
            "eps_4q_growth_year": 11.62,
            "roe": 3.07,
            "roe_4q": 16.189999999999998,
            "gross_profit": 37683,
            "gross_margin": 30.76,
            "gross_margin_4q_avg": 35.16,
            "net_income": 29296,
            "revenue": 122523,
            "common_shares": 466355,
            "book_valuer_per_share": 20,
            "book_valuer_per_share_4q_avg": 19.16,
            "equity": 932707,
            "current_ratio": 256.27,
            "debt_ratio": 18.38,
            "inventory_turnover_ratio": 0.83,
            "account_receivable_turnover_ratio": 1.08,
            "reinvestment_rate": 58.28,
            "research_to_sale_ratio": 4.35,
            "price_fair": 88.1,
            "eps_avg_yearly": 2.52,
            "eps_latest_yearly": 2.52,
            "eps_growth_yearly": 1091.56
        },
        "20133": {
            "year_quarter": 20133,
            "year": 2013,
            "quarter": 3,
            "eps": 0.28,
            "eps_growth_year": -68.94,
            "eps_4q": 2.24,
            "eps_4q_growth_year": -33.11,
            "roe": 1.38,
            "roe_4q": 12.319999999999999,
            "gross_profit": 16783,
            "gross_margin": 17.65,
            "gross_margin_4q_avg": 28.89,
            "net_income": 12953,
            "revenue": 95086,
            "common_shares": 466355,
            "book_valuer_per_share": 20.27,
            "book_valuer_per_share_4q_avg": 19.82,
            "equity": 945102,
            "current_ratio": 394.39,
            "debt_ratio": 12.08,
            "inventory_turnover_ratio": 0.85,
            "account_receivable_turnover_ratio": 0.87,
            "reinvestment_rate": 59.43,
            "research_to_sale_ratio": 6.05,
            "price_fair": 85.6,
            "eps_avg_yearly": 2.45,
            "eps_latest_yearly": 1.12,
            "eps_growth_yearly": 1073.36
        },
        "20134": {
            "year_quarter": 20134,
            "year": 2013,
            "quarter": 4,
            "eps": 0.46,
            "eps_growth_year": -34.55,
            "eps_4q": 2.08,
            "eps_4q_growth_year": -37.8,
            "roe": 2.26,
            "roe_4q": 10.59,
            "gross_profit": 17825,
            "gross_margin": 22.27,
            "gross_margin_4q_avg": 26.64,
            "net_income": 21603,
            "revenue": 80036,
            "common_shares": 466355,
            "book_valuer_per_share": 20.76,
            "book_valuer_per_share_4q_avg": 20.54,
            "equity": 968356,
            "current_ratio": 691.78,
            "debt_ratio": 8.19,
            "inventory_turnover_ratio": 0.71,
            "account_receivable_turnover_ratio": 0.86,
            "reinvestment_rate": 20.5,
            "research_to_sale_ratio": 8.99,
            "price_fair": 87.3,
            "eps_avg_yearly": 2.49,
            "eps_latest_yearly": 1.84,
            "eps_growth_yearly": 1104.66
        },
        "20141": {
            "year_quarter": 20141,
            "year": 2014,
            "quarter": 1,
            "eps": 0.61,
            "eps_growth_year": -22.78,
            "eps_4q": 1.98,
            "eps_4q_growth_year": -34.1,
            "roe": 2.89,
            "roe_4q": 9.6,
            "gross_profit": 28259,
            "gross_margin": 26.22,
            "gross_margin_4q_avg": 24.23,
            "net_income": 28365,
            "revenue": 107788,
            "common_shares": 466355,
            "book_valuer_per_share": 21.39,
            "book_valuer_per_share_4q_avg": 20.61,
            "equity": 997607,
            "current_ratio": 600.85,
            "debt_ratio": 8.45,
            "inventory_turnover_ratio": 0.93,
            "account_receivable_turnover_ratio": 1.16,
            "reinvestment_rate": 10.91,
            "research_to_sale_ratio": 2.13,
            "price_fair": 87.7,
            "eps_avg_yearly": 2.51,
            "eps_latest_yearly": 2.44,
            "eps_growth_yearly": 1086.39
        },
        "20142": {
            "year_quarter": 20142,
            "year": 2014,
            "quarter": 2,
            "eps": 0.5,
            "eps_growth_year": -20.63,
            "eps_4q": 1.85,
            "eps_4q_growth_year": -32.78,
            "roe": 2.45,
            "roe_4q": 8.98,
            "gross_profit": 29306,
            "gross_margin": 27.54,
            "gross_margin_4q_avg": 23.42,
            "net_income": 23535,
            "revenue": 106424,
            "common_shares": 466355,
            "book_valuer_per_share": 19.88,
            "book_valuer_per_share_4q_avg": 20.58,
            "equity": 927098,
            "current_ratio": 279.81,
            "debt_ratio": 17.46,
            "inventory_turnover_ratio": 0.91,
            "account_receivable_turnover_ratio": 1.04,
            "reinvestment_rate": -16.54,
            "research_to_sale_ratio": 2.4,
            "price_fair": 88.4,
            "eps_avg_yearly": 2.53,
            "eps_latest_yearly": 2,
            "eps_growth_yearly": 1088.26
        },
        "20143": {
            "year_quarter": 20143,
            "year": 2014,
            "quarter": 3,
            "eps": 0.31,
            "eps_growth_year": 10.71,
            "eps_4q": 1.89,
            "eps_4q_growth_year": -15.65,
            "roe": 1.57,
            "roe_4q": 9.17,
            "gross_profit": 11813,
            "gross_margin": 15.23,
            "gross_margin_4q_avg": 22.82,
            "net_income": 14656,
            "revenue": 77576,
            "common_shares": 466355,
            "book_valuer_per_share": 20.21,
            "book_valuer_per_share_4q_avg": 20.56,
            "equity": 942376,
            "current_ratio": 510.75,
            "debt_ratio": 9.86,
            "inventory_turnover_ratio": 0.72,
            "account_receivable_turnover_ratio": 0.82,
            "reinvestment_rate": -21.45,
            "research_to_sale_ratio": 0.27,
            "price_fair": 85.6,
            "eps_avg_yearly": 2.45,
            "eps_latest_yearly": 1.24,
            "eps_growth_yearly": 1066.77
        },
        "20144": {
            "year_quarter": 20144,
            "year": 2014,
            "quarter": 4,
            "eps": 0.67,
            "eps_growth_year": 43.93,
            "eps_4q": 2.09,
            "eps_4q_growth_year": 0.66,
            "roe": 3.25,
            "roe_4q": 10.16,
            "gross_profit": 18847,
            "gross_margin": 23.16,
            "gross_margin_4q_avg": 23.04,
            "net_income": 31093,
            "revenue": 81390,
            "common_shares": 466355,
            "book_valuer_per_share": 20.86,
            "book_valuer_per_share_4q_avg": 20.59,
            "equity": 972628,
            "current_ratio": 612.44,
            "debt_ratio": 9.03,
            "inventory_turnover_ratio": 0.63,
            "account_receivable_turnover_ratio": 0.88,
            "reinvestment_rate": -19.11,
            "research_to_sale_ratio": 3.79,
            "price_fair": 86.15,
            "eps_avg_yearly": 2.46,
            "eps_latest_yearly": 2.68,
            "eps_growth_yearly": 1026.62
        },
        "20151": {
            "year_quarter": 20151,
            "year": 2015,
            "quarter": 1,
            "eps": 0.44,
            "eps_growth_year": -27.87,
            "eps_4q": 1.92,
            "eps_4q_growth_year": -2.67,
            "roe": 2.08,
            "roe_4q": 9.350000000000001,
            "gross_profit": 25114,
            "gross_margin": 23.13,
            "gross_margin_4q_avg": 22.27,
            "net_income": 20473,
            "revenue": 108564,
            "common_shares": 466355,
            "book_valuer_per_share": 21.29,
            "book_valuer_per_share_4q_avg": 20.56,
            "equity": 992681,
            "current_ratio": 651.29,
            "debt_ratio": 8.64,
            "inventory_turnover_ratio": 0.89,
            "account_receivable_turnover_ratio": 1.09,
            "reinvestment_rate": -24.04,
            "research_to_sale_ratio": 1.37,
            "price_fair": 84.61,
            "eps_avg_yearly": 2.42,
            "eps_latest_yearly": 1.76,
            "eps_growth_yearly": 953.87
        },
        "20152": {
            "year_quarter": 20152,
            "year": 2015,
            "quarter": 2,
            "eps": 0.41,
            "eps_growth_year": -18,
            "eps_4q": 1.83,
            "eps_4q_growth_year": -1.51,
            "roe": 1.93,
            "roe_4q": 8.83,
            "gross_profit": 29329,
            "gross_margin": 28.71,
            "gross_margin_4q_avg": 22.56,
            "net_income": 18929,
            "revenue": 102155,
            "common_shares": 466355,
            "book_valuer_per_share": 20.68,
            "book_valuer_per_share_4q_avg": 20.76,
            "equity": 964448,
            "current_ratio": 384.3,
            "debt_ratio": 13.78,
            "inventory_turnover_ratio": 0.84,
            "account_receivable_turnover_ratio": 0.88,
            "reinvestment_rate": -40.44,
            "research_to_sale_ratio": 1.45,
            "price_fair": 80.33,
            "eps_avg_yearly": 2.3,
            "eps_latest_yearly": 1.64,
            "eps_growth_yearly": 852.17
        },
        "20153": {
            "year_quarter": 20153,
            "year": 2015,
            "quarter": 3,
            "eps": 0.81,
            "eps_growth_year": 161.29,
            "eps_4q": 2.32,
            "eps_4q_growth_year": 22.78,
            "roe": 3.83,
            "roe_4q": 11.09,
            "gross_profit": 30501,
            "gross_margin": 32.78,
            "gross_margin_4q_avg": 26.95,
            "net_income": 37745,
            "revenue": 93055,
            "common_shares": 466355,
            "book_valuer_per_share": 21.54,
            "book_valuer_per_share_4q_avg": 21.09,
            "equity": 1004592,
            "current_ratio": 560.24,
            "debt_ratio": 10,
            "inventory_turnover_ratio": 0.66,
            "account_receivable_turnover_ratio": 0.79,
            "reinvestment_rate": -34.99,
            "research_to_sale_ratio": 1.54,
            "price_fair": 87.24,
            "eps_avg_yearly": 2.49,
            "eps_latest_yearly": 3.24,
            "eps_growth_yearly": 901
        },
        "20154": {
            "year_quarter": 20154,
            "year": 2015,
            "quarter": 4,
            "eps": 0.46,
            "eps_growth_year": -30.5,
            "eps_4q": 2.12,
            "eps_4q_growth_year": 1.13,
            "roe": 2.13,
            "roe_4q": 9.969999999999999,
            "gross_profit": 26717,
            "gross_margin": 30.28,
            "gross_margin_4q_avg": 28.73,
            "net_income": 21610,
            "revenue": 88237,
            "common_shares": 466355,
            "book_valuer_per_share": 21.88,
            "book_valuer_per_share_4q_avg": 21.35,
            "equity": 1020340,
            "current_ratio": 597.84,
            "debt_ratio": 9.8,
            "inventory_turnover_ratio": 0.57,
            "account_receivable_turnover_ratio": 0.81,
            "reinvestment_rate": -35.49,
            "research_to_sale_ratio": 1.41,
            "price_fair": 85.05,
            "eps_avg_yearly": 2.43,
            "eps_latest_yearly": 1.84,
            "eps_growth_yearly": 27.7
        },
        "20161": {
            "year_quarter": 20161,
            "year": 2016,
            "quarter": 1,
            "eps": 0.41,
            "eps_growth_year": -6.82,
            "eps_4q": 2.09,
            "eps_4q_growth_year": 8.58,
            "roe": 1.86,
            "roe_4q": 9.75,
            "gross_profit": 30508,
            "gross_margin": 31.49,
            "gross_margin_4q_avg": 30.82,
            "net_income": 19170,
            "revenue": 96873,
            "common_shares": 466355,
            "book_valuer_per_share": 22.28,
            "book_valuer_per_share_4q_avg": 21.6,
            "equity": 1039076,
            "current_ratio": 538.87,
            "debt_ratio": 10.62,
            "inventory_turnover_ratio": 0.56,
            "account_receivable_turnover_ratio": 0.93,
            "reinvestment_rate": -34.69,
            "research_to_sale_ratio": 1.29,
            "price_fair": 75.11,
            "eps_avg_yearly": 2.34,
            "eps_latest_yearly": 1.64,
            "eps_growth_yearly": 22.17
        },
        "20162": {
            "year_quarter": 20162,
            "year": 2016,
            "quarter": 2,
            "eps": 0.45,
            "eps_growth_year": 9.76,
            "eps_4q": 2.13,
            "eps_4q_growth_year": 16.68,
            "roe": 2.08,
            "roe_4q": 9.9,
            "gross_profit": 24311,
            "gross_margin": 34.54,
            "gross_margin_4q_avg": 32.27,
            "net_income": 20826,
            "revenue": 70385,
            "common_shares": 466355,
            "book_valuer_per_share": 20.73,
            "book_valuer_per_share_4q_avg": 21.61,
            "equity": 966747,
            "current_ratio": 356.72,
            "debt_ratio": 16.18,
            "inventory_turnover_ratio": 0.36,
            "account_receivable_turnover_ratio": 0.76,
            "reinvestment_rate": -48.75,
            "research_to_sale_ratio": 1.8,
            "price_fair": 65.29,
            "eps_avg_yearly": 2.21,
            "eps_latest_yearly": 1.8,
            "eps_growth_yearly": 19.54
        },
        "20163": {
            "year_quarter": 20163,
            "year": 2016,
            "quarter": 3,
            "eps": 0.16,
            "eps_growth_year": -80.25,
            "eps_4q": 1.48,
            "eps_4q_growth_year": -36.08,
            "roe": 0.6,
            "roe_4q": 6.67,
            "gross_profit": 21656,
            "gross_margin": 33.85,
            "gross_margin_4q_avg": 32.54,
            "net_income": 6226,
            "revenue": 63979,
            "common_shares": 466355,
            "book_valuer_per_share": 20.88,
            "book_valuer_per_share_4q_avg": 21.44,
            "equity": 1093117,
            "current_ratio": 296.09,
            "debt_ratio": 13.66,
            "inventory_turnover_ratio": 0.3,
            "account_receivable_turnover_ratio": 0.85,
            "reinvestment_rate": -31.52,
            "research_to_sale_ratio": 2.04,
            "price_fair": 29.86,
            "eps_avg_yearly": 2.03,
            "eps_latest_yearly": 0.64,
            "eps_growth_yearly": 4.75
        },
        "20164": {
            "year_quarter": 20164,
            "year": 2016,
            "quarter": 4,
            "eps": 0.06,
            "eps_growth_year": -87.95,
            "eps_4q": 1.08,
            "eps_4q_growth_year": -49.19,
            "roe": -0.19,
            "roe_4q": 4.3500000000000005,
            "gross_profit": 3717,
            "gross_margin": 4.22,
            "gross_margin_4q_avg": 26.03,
            "net_income": -2122,
            "revenue": 88184,
            "common_shares": 466355,
            "book_valuer_per_share": 21.04,
            "book_valuer_per_share_4q_avg": 21.23,
            "equity": 1099040,
            "current_ratio": 373.61,
            "debt_ratio": 11.28,
            "inventory_turnover_ratio": 0.64,
            "account_receivable_turnover_ratio": 1.23,
            "reinvestment_rate": -21.32,
            "research_to_sale_ratio": 1.52,
            "price_fair": 5.59,
            "eps_avg_yearly": 1.86,
            "eps_latest_yearly": 0.24,
            "eps_growth_yearly": -5.6
        },
        "20171": {
            "year_quarter": 20171,
            "year": 2017,
            "quarter": 1,
            "eps": -0.03,
            "eps_growth_year": -107.32,
            "eps_4q": 0.63,
            "eps_4q_growth_year": -69.74,
            "roe": -0.52,
            "roe_4q": 1.9700000000000002,
            "gross_profit": 26740,
            "gross_margin": 23.51,
            "gross_margin_4q_avg": 24.03,
            "net_income": -5699,
            "revenue": 113755,
            "common_shares": 466355,
            "book_valuer_per_share": 20.82,
            "book_valuer_per_share_4q_avg": 20.87,
            "equity": 1077730,
            "current_ratio": 287.65,
            "debt_ratio": 14.52,
            "inventory_turnover_ratio": 0.76,
            "account_receivable_turnover_ratio": 1.33,
            "reinvestment_rate": -18.14,
            "research_to_sale_ratio": 1.1,
            "price_fair": 5.33,
            "eps_avg_yearly": 1.78,
            "eps_latest_yearly": 0.24,
            "eps_growth_yearly": -8.98
        },
        "20172": {
            "year_quarter": 20172,
            "year": 2017,
            "quarter": 2,
            "eps": 0.21,
            "eps_growth_year": -53.33,
            "eps_4q": 0.4,
            "eps_4q_growth_year": -81.41,
            "roe": 0.61,
            "roe_4q": 0.49999999999999994,
            "gross_profit": 20702,
            "gross_margin": 21.12,
            "gross_margin_4q_avg": 20.68,
            "net_income": 6485,
            "revenue": 98001,
            "common_shares": 466355,
            "book_valuer_per_share": 20.03,
            "book_valuer_per_share_4q_avg": 20.69,
            "equity": 1037998,
            "current_ratio": 267.33,
            "debt_ratio": 16.7,
            "inventory_turnover_ratio": 0.69,
            "account_receivable_turnover_ratio": 1.07,
            "reinvestment_rate": -23.44,
            "research_to_sale_ratio": 1.27,
            "price_fair": 5.17,
            "eps_avg_yearly": 1.72,
            "eps_latest_yearly": 0.24,
            "eps_growth_yearly": -3.83
        },
        "20173": {
            "year_quarter": 20173,
            "year": 2017,
            "quarter": 3,
            "eps": 0.07,
            "eps_growth_year": -56.25,
            "eps_4q": 0.31,
            "eps_4q_growth_year": -79.29,
            "roe": -0.17,
            "roe_4q": -0.2700000000000001,
            "gross_profit": 20496,
            "gross_margin": 21.19,
            "gross_margin_4q_avg": 17.51,
            "net_income": -1746,
            "revenue": 96735,
            "common_shares": 466355,
            "book_valuer_per_share": 20.09,
            "book_valuer_per_share_4q_avg": 20.5,
            "equity": 1034996,
            "current_ratio": 219.71,
            "debt_ratio": 21.28,
            "inventory_turnover_ratio": 0.65,
            "account_receivable_turnover_ratio": 1.09,
            "reinvestment_rate": -29.35,
            "research_to_sale_ratio": 1.4,
            "price_fair": 4.99,
            "eps_avg_yearly": 1.66,
            "eps_latest_yearly": 0.28,
            "eps_growth_yearly": -7.01
        },
        "20174": {
            "year_quarter": 20174,
            "year": 2017,
            "quarter": 4,
            "eps": -0.21,
            "eps_growth_year": -469.15,
            "eps_4q": 0.05,
            "eps_4q_growth_year": -95.78,
            "roe": -1.83,
            "roe_4q": -1.9100000000000001,
            "gross_profit": 14255,
            "gross_margin": 15.96,
            "gross_margin_4q_avg": 20.45,
            "net_income": -18742,
            "revenue": 89338,
            "common_shares": 466355,
            "book_valuer_per_share": 19.8,
            "book_valuer_per_share_4q_avg": 20.19,
            "equity": 1010783,
            "current_ratio": 204.51,
            "debt_ratio": 23.57,
            "inventory_turnover_ratio": 0.63,
            "account_receivable_turnover_ratio": 1.05,
            "reinvestment_rate": -42.81,
            "research_to_sale_ratio": 1.4,
            "price_fair": 4.95,
            "eps_avg_yearly": 1.65,
            "eps_latest_yearly": 0.28,
            "eps_growth_yearly": -27.33
        },
        "20181": {
            "year_quarter": 20181,
            "year": 2018,
            "quarter": 1,
            "eps": 0.18,
            "eps_growth_year": null,
            "eps_4q": 0.26,
            "eps_4q_growth_year": -59.66,
            "roe": 0.3,
            "roe_4q": -1.0899999999999999,
            "gross_profit": 15826,
            "gross_margin": 14,
            "gross_margin_4q_avg": 18.07,
            "net_income": 3007,
            "revenue": 113054,
            "common_shares": 466355,
            "book_valuer_per_share": 20,
            "book_valuer_per_share_4q_avg": 19.98,
            "equity": 1012785,
            "current_ratio": 189.73,
            "debt_ratio": 26.14,
            "inventory_turnover_ratio": 0.86,
            "account_receivable_turnover_ratio": 1.37,
            "reinvestment_rate": -51.31,
            "research_to_sale_ratio": 1.19,
            "price_fair": 4.75,
            "eps_avg_yearly": 1.58,
            "eps_latest_yearly": 0.28,
            "eps_growth_yearly": -40.47
        },
        "20182": {
            "year_quarter": 20182,
            "year": 2018,
            "quarter": 2,
            "eps": 0.76,
            "eps_growth_year": 261.9,
            "eps_4q": 0.8,
            "eps_4q_growth_year": 103.02,
            "roe": 3.13,
            "roe_4q": 1.4299999999999997,
            "gross_profit": 18704,
            "gross_margin": 18.37,
            "gross_margin_4q_avg": 17.38,
            "net_income": 31566,
            "revenue": 101842,
            "common_shares": 466355,
            "book_valuer_per_share": 19.85,
            "book_valuer_per_share_4q_avg": 19.94,
            "equity": 1005842,
            "current_ratio": 340.76,
            "debt_ratio": 15.02,
            "inventory_turnover_ratio": 0.75,
            "account_receivable_turnover_ratio": 1.11,
            "reinvestment_rate": -47.81,
            "research_to_sale_ratio": 1.23,
            "price_fair": 58.45,
            "eps_avg_yearly": 1.67,
            "eps_latest_yearly": 3.04,
            "eps_growth_yearly": 72.94
        },
        "20183": {
            "year_quarter": 20183,
            "year": 2018,
            "quarter": 3,
            "eps": 0.18,
            "eps_growth_year": 157.14,
            "eps_4q": 0.91,
            "eps_4q_growth_year": 196.45,
            "roe": 0.31,
            "roe_4q": 1.9099999999999997,
            "gross_profit": 15081,
            "gross_margin": 12.37,
            "gross_margin_4q_avg": 15.18,
            "net_income": 3099,
            "revenue": 121961,
            "common_shares": 466355,
            "book_valuer_per_share": 20.05,
            "book_valuer_per_share_4q_avg": 19.93,
            "equity": 1009963,
            "current_ratio": 492.81,
            "debt_ratio": 11,
            "inventory_turnover_ratio": 0.96,
            "account_receivable_turnover_ratio": 1.28,
            "reinvestment_rate": -50.32,
            "research_to_sale_ratio": 1.03,
            "price_fair": 56.93,
            "eps_avg_yearly": 1.63,
            "eps_latest_yearly": 0.72,
            "eps_growth_yearly": 60.17
        },
        "20184": {
            "year_quarter": 20184,
            "year": 2018,
            "quarter": 4,
            "eps": 0.25,
            "eps_growth_year": null,
            "eps_4q": 1.37,
            "eps_4q_growth_year": 2920.9,
            "roe": 0.59,
            "roe_4q": 4.329999999999999,
            "gross_profit": 16295,
            "gross_margin": 13.3,
            "gross_margin_4q_avg": 14.51,
            "net_income": 5953,
            "revenue": 122501,
            "common_shares": 466355,
            "book_valuer_per_share": 20.33,
            "book_valuer_per_share_4q_avg": 20.06,
            "equity": 1017498,
            "current_ratio": 338.57,
            "debt_ratio": 12.47,
            "inventory_turnover_ratio": 1.02,
            "account_receivable_turnover_ratio": 1.29,
            "reinvestment_rate": -57.37,
            "research_to_sale_ratio": 1.21,
            "price_fair": 52.03,
            "eps_avg_yearly": 1.49,
            "eps_latest_yearly": 1,
            "eps_growth_yearly": 34.43
        },
        "20191": {
            "year_quarter": 20191,
            "year": 2019,
            "quarter": 1,
            "eps": 0.44,
            "eps_growth_year": 144.44,
            "eps_4q": 1.63,
            "eps_4q_growth_year": 538.52,
            "roe": 1.69,
            "roe_4q": 5.72,
            "gross_profit": 31867,
            "gross_margin": 20.82,
            "gross_margin_4q_avg": 16.22,
            "net_income": 17343,
            "revenue": 153038,
            "common_shares": 466355,
            "book_valuer_per_share": 20.78,
            "book_valuer_per_share_4q_avg": 20.25,
            "equity": 1036054,
            "current_ratio": 298.1,
            "debt_ratio": 15.63,
            "inventory_turnover_ratio": 1.26,
            "account_receivable_turnover_ratio": 1.36,
            "reinvestment_rate": -54.3,
            "research_to_sale_ratio": 0.86,
            "price_fair": 52.03,
            "eps_avg_yearly": 1.49,
            "eps_latest_yearly": 1.76,
            "eps_growth_yearly": 71.2
        },
        "20192": {
            "year_quarter": 20192,
            "year": 2019,
            "quarter": 2,
            "eps": 0.46,
            "eps_growth_year": -39.47,
            "eps_4q": 1.33,
            "eps_4q_growth_year": 65.94,
            "roe": 1.95,
            "roe_4q": 4.539999999999999,
            "gross_profit": 33713,
            "gross_margin": 25.27,
            "gross_margin_4q_avg": 17.94,
            "net_income": 19219,
            "revenue": 133399,
            "common_shares": 466355,
            "book_valuer_per_share": 19.08,
            "book_valuer_per_share_4q_avg": 20.06,
            "equity": 934728,
            "current_ratio": 174.69,
            "debt_ratio": 26.65,
            "inventory_turnover_ratio": 0.96,
            "account_receivable_turnover_ratio": 1.17,
            "reinvestment_rate": -29.08,
            "research_to_sale_ratio": 1.13,
            "price_fair": 52.62,
            "eps_avg_yearly": 1.5,
            "eps_latest_yearly": 1.84,
            "eps_growth_yearly": 74.99
        },
        "20193": {
            "year_quarter": 20193,
            "year": 2019,
            "quarter": 3,
            "eps": 0.32,
            "eps_growth_year": 77.78,
            "eps_4q": 1.48,
            "eps_4q_growth_year": 62.18,
            "roe": 1.5,
            "roe_4q": 5.73,
            "gross_profit": 27526,
            "gross_margin": 23.97,
            "gross_margin_4q_avg": 20.84,
            "net_income": 14129,
            "revenue": 114847,
            "common_shares": 466355,
            "book_valuer_per_share": 19.4,
            "book_valuer_per_share_4q_avg": 19.9,
            "equity": 948647,
            "current_ratio": 242.67,
            "debt_ratio": 16.91,
            "inventory_turnover_ratio": 0.67,
            "account_receivable_turnover_ratio": 1.17,
            "reinvestment_rate": -37.47,
            "research_to_sale_ratio": 2.12,
            "price_fair": 46.9,
            "eps_avg_yearly": 1.34,
            "eps_latest_yearly": 1.28,
            "eps_growth_yearly": 32.32
        },
        "20194": {
            "year_quarter": 20194,
            "year": 2019,
            "quarter": 4,
            "eps": -0.17,
            "eps_growth_year": -166.78,
            "eps_4q": 1.05,
            "eps_4q_growth_year": -23.12,
            "roe": -1.28,
            "roe_4q": 3.86,
            "gross_profit": 7115,
            "gross_margin": 7.29,
            "gross_margin_4q_avg": 19.34,
            "net_income": -12051,
            "revenue": 97647,
            "common_shares": 466355,
            "book_valuer_per_share": 19.17,
            "book_valuer_per_share_4q_avg": 19.61,
            "equity": 932550,
            "current_ratio": 203.31,
            "debt_ratio": 19.78,
            "inventory_turnover_ratio": 0.57,
            "account_receivable_turnover_ratio": 1.13,
            "reinvestment_rate": -41.84,
            "research_to_sale_ratio": 2.06,
            "price_fair": 45.31,
            "eps_avg_yearly": 1.29,
            "eps_latest_yearly": 1.28,
            "eps_growth_yearly": 50.98
        },
        "20201": {
            "year_quarter": 20201,
            "year": 2020,
            "quarter": 1,
            "eps": 0.3,
            "eps_growth_year": -31.82,
            "eps_4q": 0.92,
            "eps_4q_growth_year": -43.34,
            "roe": 1.38,
            "roe_4q": 3.55,
            "gross_profit": 25156,
            "gross_margin": 20.3,
            "gross_margin_4q_avg": 19.21,
            "net_income": 12961,
            "revenue": 123923,
            "common_shares": 466355,
            "book_valuer_per_share": 19.49,
            "book_valuer_per_share_4q_avg": 19.29,
            "equity": 946355,
            "current_ratio": 187.76,
            "debt_ratio": 22.98,
            "inventory_turnover_ratio": 0.54,
            "account_receivable_turnover_ratio": 1.37,
            "reinvestment_rate": -31.19,
            "research_to_sale_ratio": 1.04,
            "price_fair": 44.1,
            "eps_avg_yearly": 1.26,
            "eps_latest_yearly": 1.28,
            "eps_growth_yearly": 60.42
        },
        "20202": {
            "year_quarter": 20202,
            "year": 2020,
            "quarter": 2,
            "eps": -0.33,
            "eps_growth_year": -171.74,
            "eps_4q": 0.13,
            "eps_4q_growth_year": -90.21,
            "roe": -2.18,
            "roe_4q": -0.5800000000000001,
            "gross_profit": -13729,
            "gross_margin": -24.09,
            "gross_margin_4q_avg": 6.87,
            "net_income": -19892,
            "revenue": 56983,
            "common_shares": 466355,
            "book_valuer_per_share": 18.13,
            "book_valuer_per_share_4q_avg": 19.05,
            "equity": 878000,
            "current_ratio": 147.57,
            "debt_ratio": 29.33,
            "inventory_turnover_ratio": 0.36,
            "account_receivable_turnover_ratio": 0.62,
            "reinvestment_rate": -7.43,
            "research_to_sale_ratio": 1.98,
            "price_fair": 42,
            "eps_avg_yearly": 1.2,
            "eps_latest_yearly": 1.28,
            "eps_growth_yearly": 62.8
        },
        "20203": {
            "year_quarter": 20203,
            "year": 2020,
            "quarter": 3,
            "eps": -0.03,
            "eps_growth_year": -109.38,
            "eps_4q": -0.22,
            "eps_4q_growth_year": -114.82,
            "roe": 0.02,
            "roe_4q": -2.0600000000000005,
            "gross_profit": 12453,
            "gross_margin": 9.52,
            "gross_margin_4q_avg": 3.26,
            "net_income": 217,
            "revenue": 130871,
            "common_shares": 466355,
            "book_valuer_per_share": 18.11,
            "book_valuer_per_share_4q_avg": 18.73,
            "equity": 877437,
            "current_ratio": 143.75,
            "debt_ratio": 29.9,
            "inventory_turnover_ratio": 0.59,
            "account_receivable_turnover_ratio": 1.53,
            "reinvestment_rate": -48.69,
            "research_to_sale_ratio": 1.91,
            "price_fair": 44.45,
            "eps_avg_yearly": 1.27,
            "eps_latest_yearly": 1.28,
            "eps_growth_yearly": 102.87
        },
        "20204": {
            "year_quarter": 20204,
            "year": 2020,
            "quarter": 4,
            "eps": 0.05,
            "eps_growth_year": null,
            "eps_4q": -0,
            "eps_4q_growth_year": -100.37,
            "roe": 0.81,
            "roe_4q": 0.029999999999999805,
            "gross_profit": 21368,
            "gross_margin": 15.93,
            "gross_margin_4q_avg": 5.42,
            "net_income": 7117,
            "revenue": 134100,
            "common_shares": 466355,
            "book_valuer_per_share": 18.15,
            "book_valuer_per_share_4q_avg": 18.47,
            "equity": 883801,
            "current_ratio": 145.65,
            "debt_ratio": 30.54,
            "inventory_turnover_ratio": 0.58,
            "account_receivable_turnover_ratio": 1.37,
            "reinvestment_rate": -53.5,
            "research_to_sale_ratio": 0.81,
            "price_fair": 49.6,
            "eps_avg_yearly": 1.42,
            "eps_latest_yearly": 1.28,
            "eps_growth_yearly": 153.28
        },
        "20211": {
            "year_quarter": 20211,
            "year": 2021,
            "quarter": 1,
            "eps": 0.24,
            "eps_growth_year": -20,
            "eps_4q": -0.06,
            "eps_4q_growth_year": -106.97,
            "roe": 1.25,
            "roe_4q": -0.10000000000000009,
            "gross_profit": 19814,
            "gross_margin": 14.91,
            "gross_margin_4q_avg": 4.07,
            "net_income": 11055,
            "revenue": 132887,
            "common_shares": 466355,
            "book_valuer_per_share": 18.13,
            "book_valuer_per_share_4q_avg": 18.13,
            "equity": 882178,
            "current_ratio": 154.21,
            "debt_ratio": 28.73,
            "inventory_turnover_ratio": 0.61,
            "account_receivable_turnover_ratio": 1.23,
            "reinvestment_rate": -44.59,
            "research_to_sale_ratio": 0.88,
            "price_fair": 47.6,
            "eps_avg_yearly": 1.36,
            "eps_latest_yearly": 0.96,
            "eps_growth_yearly": 324.12
        },
        "20212": {
            "year_quarter": 20212,
            "year": 2021,
            "quarter": 2,
            "eps": -0.16,
            "eps_growth_year": null,
            "eps_4q": 0.11,
            "eps_4q_growth_year": -16.34,
            "roe": -1.04,
            "roe_4q": 1.04,
            "gross_profit": 10448,
            "gross_margin": 8.95,
            "gross_margin_4q_avg": 12.33,
            "net_income": -9112,
            "revenue": 116720,
            "common_shares": 466355,
            "book_valuer_per_share": 17.93,
            "book_valuer_per_share_4q_avg": 18.08,
            "equity": 870482,
            "current_ratio": 160.98,
            "debt_ratio": 31.95,
            "inventory_turnover_ratio": 0.59,
            "account_receivable_turnover_ratio": 1.13,
            "reinvestment_rate": -71.71,
            "research_to_sale_ratio": 0.88,
            "price_fair": 47.6,
            "eps_avg_yearly": 1.36,
            "eps_latest_yearly": 0.96,
            "eps_growth_yearly": 324.12
        },
        "20213": {
            "year_quarter": 20213,
            "year": 2021,
            "quarter": 3,
            "eps": -0.02,
            "eps_growth_year": null,
            "eps_4q": 0.11,
            "eps_4q_growth_year": null,
            "roe": -0.48,
            "roe_4q": 0.54,
            "gross_profit": 2481,
            "gross_margin": 2.58,
            "gross_margin_4q_avg": 10.59,
            "net_income": -4131,
            "revenue": 96308,
            "common_shares": 466355,
            "book_valuer_per_share": 17.91,
            "book_valuer_per_share_4q_avg": 18.03,
            "equity": 866237,
            "current_ratio": 162.3,
            "debt_ratio": 31.21,
            "inventory_turnover_ratio": 0.5,
            "account_receivable_turnover_ratio": 1.07,
            "reinvestment_rate": -65.27,
            "research_to_sale_ratio": 1.07,
            "price_fair": 53,
            "eps_avg_yearly": 1.51,
            "eps_latest_yearly": 0.96,
            "eps_growth_yearly": 408.52
        },
        "20214": {
            "year_quarter": 20214,
            "year": 2021,
            "quarter": 4,
            "eps": -0.35,
            "eps_growth_year": -869.16,
            "eps_4q": -0.28,
            "eps_4q_growth_year": null,
            "roe": -2.7,
            "roe_4q": -2.9700000000000006,
            "gross_profit": -13159,
            "gross_margin": -12.51,
            "gross_margin_4q_avg": 3.48,
            "net_income": -23042,
            "revenue": 105214,
            "common_shares": 466355,
            "book_valuer_per_share": 17.45,
            "book_valuer_per_share_4q_avg": 17.86,
            "equity": 837875,
            "current_ratio": 152.41,
            "debt_ratio": 33.72,
            "inventory_turnover_ratio": 0.63,
            "account_receivable_turnover_ratio": 1.09,
            "reinvestment_rate": -41.31,
            "research_to_sale_ratio": 1.24,
            "price_fair": 53,
            "eps_avg_yearly": 1.51,
            "eps_latest_yearly": 0.96,
            "eps_growth_yearly": 408.52
        },
        "20221": {
            "year_quarter": 20221,
            "year": 2022,
            "quarter": 1,
            "eps": 0.32,
            "eps_growth_year": 33.33,
            "eps_4q": -0.2,
            "eps_4q_growth_year": null,
            "roe": 1.38,
            "roe_4q": -2.8400000000000003,
            "gross_profit": 4520,
            "gross_margin": 4.97,
            "gross_margin_4q_avg": 1,
            "net_income": 11632,
            "revenue": 90892,
            "common_shares": 466355,
            "book_valuer_per_share": 17.82,
            "book_valuer_per_share_4q_avg": 17.78,
            "equity": 852389,
            "current_ratio": 159.85,
            "debt_ratio": 31.16,
            "inventory_turnover_ratio": 0.45,
            "account_receivable_turnover_ratio": 0.81,
            "reinvestment_rate": -18.22,
            "research_to_sale_ratio": 1.07,
            "price_fair": 53,
            "eps_avg_yearly": 1.51,
            "eps_latest_yearly": 0.96,
            "eps_growth_yearly": 408.52
        },
        "20222": {
            "year_quarter": 20222,
            "year": 2022,
            "quarter": 2,
            "eps": 0.24,
            "eps_growth_year": null,
            "eps_4q": 0.19,
            "eps_4q_growth_year": 74.39,
            "roe": 0.73,
            "roe_4q": -1.0700000000000003,
            "gross_profit": 1174,
            "gross_margin": 1.18,
            "gross_margin_4q_avg": -0.95,
            "net_income": 6162,
            "revenue": 99591,
            "common_shares": 466355,
            "book_valuer_per_share": 17.6,
            "book_valuer_per_share_4q_avg": 17.7,
            "equity": 838180,
            "current_ratio": 164.91,
            "debt_ratio": 31.54,
            "inventory_turnover_ratio": 0.5,
            "account_receivable_turnover_ratio": 0.88,
            "reinvestment_rate": 6.94,
            "research_to_sale_ratio": 0.56,
            "price_fair": 42.6,
            "eps_avg_yearly": 1.22,
            "eps_latest_yearly": 0.96,
            "eps_growth_yearly": 210.11
        },
        "20223": {
            "year_quarter": 20223,
            "year": 2022,
            "quarter": 3,
            "eps": 0.41,
            "eps_growth_year": null,
            "eps_4q": 0.62,
            "eps_4q_growth_year": 443.43,
            "roe": 1.88,
            "roe_4q": 1.2899999999999996,
            "gross_profit": 2191,
            "gross_margin": 2.36,
            "gross_margin_4q_avg": -1,
            "net_income": 15970,
            "revenue": 92954,
            "common_shares": 466355,
            "book_valuer_per_share": 18.08,
            "book_valuer_per_share_4q_avg": 17.74,
            "equity": 858151,
            "current_ratio": 174.77,
            "debt_ratio": 29.55,
            "inventory_turnover_ratio": 0.46,
            "account_receivable_turnover_ratio": 0.82,
            "reinvestment_rate": 16.16,
            "research_to_sale_ratio": 0.56,
            "price_fair": 47.2,
            "eps_avg_yearly": 1.35,
            "eps_latest_yearly": 1.64,
            "eps_growth_yearly": 294.19
        },
        "20224": {
            "year_quarter": 20224,
            "year": 2022,
            "quarter": 4,
            "eps": -0.83,
            "eps_growth_year": null,
            "eps_4q": 0.14,
            "eps_4q_growth_year": null,
            "roe": -5.19,
            "roe_4q": -1.2000000000000006,
            "gross_profit": -30149,
            "gross_margin": -38.35,
            "gross_margin_4q_avg": -7.46,
            "net_income": -43552,
            "revenue": 78615,
            "common_shares": 466355,
            "book_valuer_per_share": 17.41,
            "book_valuer_per_share_4q_avg": 17.73,
            "equity": 821735,
            "current_ratio": 168.86,
            "debt_ratio": 27.76,
            "inventory_turnover_ratio": 0.6,
            "account_receivable_turnover_ratio": 0.7,
            "reinvestment_rate": 36.96,
            "research_to_sale_ratio": 0.99,
            "price_fair": 49.23,
            "eps_avg_yearly": 1.41,
            "eps_latest_yearly": 1.64,
            "eps_growth_yearly": 317.3
        },
        "20231": {
            "year_quarter": 20231,
            "year": 2023,
            "quarter": 1,
            "eps": 0.08,
            "eps_growth_year": -75,
            "eps_4q": -0.1,
            "eps_4q_growth_year": null,
            "roe": 0.12,
            "roe_4q": -2.4600000000000004,
            "gross_profit": 1516,
            "gross_margin": 1.69,
            "gross_margin_4q_avg": -8.28,
            "net_income": 947,
            "revenue": 89837,
            "common_shares": 466355,
            "book_valuer_per_share": 17,
            "book_valuer_per_share_4q_avg": 17.52,
            "equity": 799440,
            "current_ratio": 147.97,
            "debt_ratio": 30.42,
            "inventory_turnover_ratio": 0.55,
            "account_receivable_turnover_ratio": 0.84,
            "reinvestment_rate": 59.58,
            "research_to_sale_ratio": 0.71,
            "price_fair": 46.76,
            "eps_avg_yearly": 1.34,
            "eps_latest_yearly": 1.64,
            "eps_growth_yearly": 319.96
        }
    },
    "months": {
        "2007-11": {
            "month": "2007-11",
            "price": "28.30",
            "revenue": 20975
        },
        "2007-12": {
            "month": "2007-12",
            "price": "26.59",
            "revenue": 19368
        },
        "2008-01": {
            "month": "2008-01",
            "price": "26.99",
            "revenue": 21490
        },
        "2008-02": {
            "month": "2008-02",
            "price": "26.35",
            "revenue": 19693
        },
        "2008-03": {
            "month": "2008-03",
            "price": "25.45",
            "revenue": 27352
        },
        "2008-04": {
            "month": "2008-04",
            "price": "27.30",
            "revenue": 23890
        },
        "2008-05": {
            "month": "2008-05",
            "price": "29.19",
            "revenue": 23756
        },
        "2008-06": {
            "month": "2008-06",
            "price": "32.88",
            "revenue": 28116
        },
        "2008-07": {
            "month": "2008-07",
            "price": "28.99",
            "revenue": 23624
        },
        "2008-08": {
            "month": "2008-08",
            "price": "25.85",
            "revenue": 21286
        },
        "2008-10": {
            "month": "2008-10",
            "price": "21.85",
            "revenue": 24563
        },
        "2008-11": {
            "month": "2008-11",
            "price": "18.64",
            "revenue": 18023
        },
        "2008-12": {
            "month": "2008-12",
            "price": "17.31",
            "revenue": 16988
        },
        "2009-01": {
            "month": "2009-01",
            "price": "17.59",
            "revenue": 22572
        },
        "2009-02": {
            "month": "2009-02",
            "price": "18.12",
            "revenue": 26764
        },
        "2009-03": {
            "month": "2009-03",
            "price": "23.06",
            "revenue": 26448
        },
        "2009-04": {
            "month": "2009-04",
            "price": "26.17",
            "revenue": 19124
        },
        "2009-05": {
            "month": "2009-05",
            "price": "28.74",
            "revenue": 27237
        },
        "2009-06": {
            "month": "2009-06",
            "price": "28.53",
            "revenue": 26631
        },
        "2009-07": {
            "month": "2009-07",
            "price": "41.87",
            "revenue": 27739
        },
        "2009-08": {
            "month": "2009-08",
            "price": "36.72",
            "revenue": 29712
        },
        "2009-09": {
            "month": "2009-09",
            "price": "37.98",
            "revenue": 26355
        },
        "2009-10": {
            "month": "2009-10",
            "price": "38.50",
            "revenue": 29720
        },
        "2009-11": {
            "month": "2009-11",
            "price": "37.56",
            "revenue": 26868
        },
        "2009-12": {
            "month": "2009-12",
            "price": "40.77",
            "revenue": 24318
        },
        "2010-01": {
            "month": "2010-01",
            "price": "46.28",
            "revenue": 35636
        },
        "2010-02": {
            "month": "2010-02",
            "price": "43.60",
            "revenue": 30965
        },
        "2010-03": {
            "month": "2010-03",
            "price": "49.11",
            "revenue": 38591
        },
        "2010-04": {
            "month": "2010-04",
            "price": "50.62",
            "revenue": 44506
        },
        "2010-05": {
            "month": "2010-05",
            "price": "46.36",
            "revenue": 40719
        },
        "2010-06": {
            "month": "2010-06",
            "price": "43.30",
            "revenue": 38715
        },
        "2010-07": {
            "month": "2010-07",
            "price": "44.10",
            "revenue": 35112
        },
        "2010-08": {
            "month": "2010-08",
            "price": "45.45",
            "revenue": 30281
        },
        "2010-09": {
            "month": "2010-09",
            "price": "43.68",
            "revenue": 30064
        },
        "2010-10": {
            "month": "2010-10",
            "price": "41.82",
            "revenue": 34570
        },
        "2010-11": {
            "month": "2010-11",
            "price": "38.68",
            "revenue": 34501
        },
        "2010-12": {
            "month": "2010-12",
            "price": "41.04",
            "revenue": 33003
        },
        "2011-01": {
            "month": "2011-01",
            "price": "40.04",
            "revenue": 37069
        },
        "2011-02": {
            "month": "2011-02",
            "price": "39.01",
            "revenue": 25318
        },
        "2011-03": {
            "month": "2011-03",
            "price": "38.76",
            "revenue": 32280
        },
        "2011-04": {
            "month": "2011-04",
            "price": "41.20",
            "revenue": 45356
        },
        "2011-05": {
            "month": "2011-05",
            "price": "50.32",
            "revenue": 41711
        },
        "2011-06": {
            "month": "2011-06",
            "price": "44.64",
            "revenue": 37506
        },
        "2011-07": {
            "month": "2011-07",
            "price": "41.69",
            "revenue": 32078
        },
        "2011-08": {
            "month": "2011-08",
            "price": "33.76",
            "revenue": 33902
        },
        "2011-09": {
            "month": "2011-09",
            "price": "34.77",
            "revenue": 40436
        },
        "2011-10": {
            "month": "2011-10",
            "price": "32.85",
            "revenue": 33155
        },
        "2011-11": {
            "month": "2011-11",
            "price": "30.58",
            "revenue": 32836
        },
        "2011-12": {
            "month": "2011-12",
            "price": "26.35",
            "revenue": 35383
        },
        "2012-01": {
            "month": "2012-01",
            "price": "26.54",
            "revenue": 36160
        },
        "2012-02": {
            "month": "2012-02",
            "price": "31.42",
            "revenue": 40445
        },
        "2012-03": {
            "month": "2012-03",
            "price": "32.97",
            "revenue": 48518
        },
        "2012-04": {
            "month": "2012-04",
            "price": "34.92",
            "revenue": 49008
        },
        "2012-05": {
            "month": "2012-05",
            "price": "38.76",
            "revenue": 41914
        },
        "2012-06": {
            "month": "2012-06",
            "price": "37.57",
            "revenue": 34004
        },
        "2012-07": {
            "month": "2012-07",
            "price": "34.41",
            "revenue": 37054
        },
        "2012-08": {
            "month": "2012-08",
            "price": "37.03",
            "revenue": 40818
        },
        "2012-09": {
            "month": "2012-09",
            "price": "39.18",
            "revenue": 38846
        },
        "2012-10": {
            "month": "2012-10",
            "price": "37.74",
            "revenue": 37580
        },
        "2012-11": {
            "month": "2012-11",
            "price": "38.44",
            "revenue": 41324
        },
        "2012-12": {
            "month": "2012-12",
            "price": "42.90",
            "revenue": 35330
        },
        "2013-01": {
            "month": "2013-01",
            "price": "42.34",
            "revenue": 41570
        },
        "2013-02": {
            "month": "2013-02",
            "price": "43.32",
            "revenue": 40267
        },
        "2013-03": {
            "month": "2013-03",
            "price": "48.64",
            "revenue": 42957
        },
        "2013-04": {
            "month": "2013-04",
            "price": "48.17",
            "revenue": 41790
        },
        "2013-05": {
            "month": "2013-05",
            "price": "45.15",
            "revenue": 41626
        },
        "2013-06": {
            "month": "2013-06",
            "price": "43.20",
            "revenue": 38957
        },
        "2013-07": {
            "month": "2013-07",
            "price": "47.09",
            "revenue": 36555
        },
        "2013-08": {
            "month": "2013-08",
            "price": "46.51",
            "revenue": 29946
        },
        "2013-09": {
            "month": "2013-09",
            "price": "44.13",
            "revenue": 28434
        },
        "2013-10": {
            "month": "2013-10",
            "price": "40.41",
            "revenue": 30310
        },
        "2013-11": {
            "month": "2013-11",
            "price": "36.46",
            "revenue": 24973
        },
        "2013-12": {
            "month": "2013-12",
            "price": "34.66",
            "revenue": 24604
        },
        "2014-01": {
            "month": "2014-01",
            "price": "37.92",
            "revenue": 34140
        },
        "2014-02": {
            "month": "2014-02",
            "price": "37.94",
            "revenue": 34868
        },
        "2014-03": {
            "month": "2014-03",
            "price": "36.95",
            "revenue": 38780
        },
        "2014-04": {
            "month": "2014-04",
            "price": "37.09",
            "revenue": 30773
        },
        "2014-05": {
            "month": "2014-05",
            "price": "37.22",
            "revenue": 36863
        },
        "2014-06": {
            "month": "2014-06",
            "price": "38.22",
            "revenue": 38788
        },
        "2014-07": {
            "month": "2014-07",
            "price": "40.25",
            "revenue": 24005
        },
        "2014-08": {
            "month": "2014-08",
            "price": "36.00",
            "revenue": 23100
        },
        "2014-09": {
            "month": "2014-09",
            "price": "34.59",
            "revenue": 30464
        },
        "2014-10": {
            "month": "2014-10",
            "price": "32.90",
            "revenue": 28621
        },
        "2014-11": {
            "month": "2014-11",
            "price": "32.44",
            "revenue": 27227
        },
        "2014-12": {
            "month": "2014-12",
            "price": "33.57",
            "revenue": 25542
        },
        "2015-01": {
            "month": "2015-01",
            "price": "32.22",
            "revenue": 38648
        },
        "2015-02": {
            "month": "2015-02",
            "price": "32.29",
            "revenue": 27973
        },
        "2015-03": {
            "month": "2015-03",
            "price": "30.66",
            "revenue": 41944
        },
        "2015-04": {
            "month": "2015-04",
            "price": "30.70",
            "revenue": 36532
        },
        "2015-05": {
            "month": "2015-05",
            "price": "29.72",
            "revenue": 31809
        },
        "2015-06": {
            "month": "2015-06",
            "price": "27.07",
            "revenue": 33814
        },
        "2015-07": {
            "month": "2015-07",
            "price": "25.02",
            "revenue": 31564
        },
        "2015-08": {
            "month": "2015-08",
            "price": "23.07",
            "revenue": 31561
        },
        "2015-09": {
            "month": "2015-09",
            "price": "23.54",
            "revenue": 29928
        },
        "2015-10": {
            "month": "2015-10",
            "price": "25.63",
            "revenue": 34389
        },
        "2015-11": {
            "month": "2015-11",
            "price": "27.40",
            "revenue": 29593
        },
        "2015-12": {
            "month": "2015-12",
            "price": "27.64",
            "revenue": 24256
        },
        "2016-01": {
            "month": "2016-01",
            "price": "26.07",
            "revenue": 37563
        },
        "2016-02": {
            "month": "2016-02",
            "price": "26.87",
            "revenue": 25530
        },
        "2016-03": {
            "month": "2016-03",
            "price": "29.15",
            "revenue": 33779
        },
        "2016-04": {
            "month": "2016-04",
            "price": "28.19",
            "revenue": 22215
        },
        "2016-05": {
            "month": "2016-05",
            "price": "27.32",
            "revenue": 30298
        },
        "2016-06": {
            "month": "2016-06",
            "price": "27.82",
            "revenue": 17727
        },
        "2016-07": {
            "month": "2016-07",
            "price": "25.45",
            "revenue": 16756
        },
        "2016-08": {
            "month": "2016-08",
            "price": "24.92",
            "revenue": 21103
        },
        "2016-09": {
            "month": "2016-09",
            "price": "24.40",
            "revenue": 26273
        },
        "2016-10": {
            "month": "2016-10",
            "price": "23.18",
            "revenue": 29714
        },
        "2016-11": {
            "month": "2016-11",
            "price": "22.85",
            "revenue": 24587
        },
        "2016-12": {
            "month": "2016-12",
            "price": "23.59",
            "revenue": 34895
        },
        "2017-01": {
            "month": "2017-01",
            "price": "23.70",
            "revenue": 36418
        },
        "2017-02": {
            "month": "2017-02",
            "price": "24.13",
            "revenue": 36240
        },
        "2017-03": {
            "month": "2017-03",
            "price": "24.15",
            "revenue": 41097
        },
        "2017-04": {
            "month": "2017-04",
            "price": "23.34",
            "revenue": 35202
        },
        "2017-05": {
            "month": "2017-05",
            "price": "23.56",
            "revenue": 34027
        },
        "2017-06": {
            "month": "2017-06",
            "price": "23.17",
            "revenue": 27991
        },
        "2017-07": {
            "month": "2017-07",
            "price": "22.54",
            "revenue": 27395
        },
        "2017-08": {
            "month": "2017-08",
            "price": "21.44",
            "revenue": 38679
        },
        "2017-09": {
            "month": "2017-09",
            "price": "21.02",
            "revenue": 31795
        },
        "2017-10": {
            "month": "2017-10",
            "price": "20.28",
            "revenue": 32669
        },
        "2017-11": {
            "month": "2017-11",
            "price": "20.17",
            "revenue": 29181
        },
        "2017-12": {
            "month": "2017-12",
            "price": "20.24",
            "revenue": 27116
        },
        "2018-01": {
            "month": "2018-01",
            "price": "20.40",
            "revenue": 40365
        },
        "2018-02": {
            "month": "2018-02",
            "price": "19.56",
            "revenue": 32679
        },
        "2018-03": {
            "month": "2018-03",
            "price": "19.96",
            "revenue": 40009
        },
        "2018-04": {
            "month": "2018-04",
            "price": "19.79",
            "revenue": 31848
        },
        "2018-05": {
            "month": "2018-05",
            "price": "19.40",
            "revenue": 31545
        },
        "2018-06": {
            "month": "2018-06",
            "price": "19.35",
            "revenue": 38594
        },
        "2018-07": {
            "month": "2018-07",
            "price": "18.67",
            "revenue": 38844
        },
        "2018-08": {
            "month": "2018-08",
            "price": "19.71",
            "revenue": 39180
        },
        "2018-09": {
            "month": "2018-09",
            "price": "21.34",
            "revenue": 43790
        },
        "2018-10": {
            "month": "2018-10",
            "price": "20.27",
            "revenue": 47484
        },
        "2018-11": {
            "month": "2018-11",
            "price": "19.23",
            "revenue": 38904
        },
        "2018-12": {
            "month": "2018-12",
            "price": "19.00",
            "revenue": 36115
        },
        "2019-01": {
            "month": "2019-01",
            "price": "19.19",
            "revenue": 60317
        },
        "2019-02": {
            "month": "2019-02",
            "price": "20.47",
            "revenue": 43700
        },
        "2019-03": {
            "month": "2019-03",
            "price": "24.70",
            "revenue": 49020
        },
        "2019-04": {
            "month": "2019-04",
            "price": "25.28",
            "revenue": 50476
        },
        "2019-05": {
            "month": "2019-05",
            "price": "26.46",
            "revenue": 47446
        },
        "2019-06": {
            "month": "2019-06",
            "price": "27.87",
            "revenue": 35478
        },
        "2019-07": {
            "month": "2019-07",
            "price": "25.78",
            "revenue": 37579
        },
        "2019-08": {
            "month": "2019-08",
            "price": "23.93",
            "revenue": 39181
        },
        "2019-09": {
            "month": "2019-09",
            "price": "27.41",
            "revenue": 38087
        },
        "2019-10": {
            "month": "2019-10",
            "price": "27.88",
            "revenue": 36666
        },
        "2019-11": {
            "month": "2019-11",
            "price": "29.17",
            "revenue": 28127
        },
        "2019-12": {
            "month": "2019-12",
            "price": "27.60",
            "revenue": 33414
        },
        "2020-01": {
            "month": "2020-01",
            "price": "27.03",
            "revenue": 38916
        },
        "2020-02": {
            "month": "2020-02",
            "price": "25.92",
            "revenue": 42091
        },
        "2020-03": {
            "month": "2020-03",
            "price": "21.22",
            "revenue": 42917
        },
        "2020-04": {
            "month": "2020-04",
            "price": "20.14",
            "revenue": 13492
        },
        "2020-05": {
            "month": "2020-05",
            "price": "21.36",
            "revenue": 15645
        },
        "2020-06": {
            "month": "2020-06",
            "price": "22.14",
            "revenue": 27845
        },
        "2020-07": {
            "month": "2020-07",
            "price": "22.49",
            "revenue": 36526
        },
        "2020-08": {
            "month": "2020-08",
            "price": "20.22",
            "revenue": 43658
        },
        "2020-09": {
            "month": "2020-09",
            "price": "19.58",
            "revenue": 50687
        },
        "2020-10": {
            "month": "2020-10",
            "price": "19.33",
            "revenue": 52240
        },
        "2020-11": {
            "month": "2020-11",
            "price": "19.19",
            "revenue": 41186
        },
        "2020-12": {
            "month": "2020-12",
            "price": "19.29",
            "revenue": 41264
        },
        "2021-01": {
            "month": "2021-01",
            "price": "18.82",
            "revenue": 50907
        },
        "2021-02": {
            "month": "2021-02",
            "price": "18.50",
            "revenue": 40910
        },
        "2021-03": {
            "month": "2021-03",
            "price": "18.83",
            "revenue": 41069
        },
        "2021-04": {
            "month": "2021-04",
            "price": "19.32",
            "revenue": 46468
        },
        "2021-05": {
            "month": "2021-05",
            "price": "18.43",
            "revenue": 38016
        },
        "2021-06": {
            "month": "2021-06",
            "price": "18.80",
            "revenue": 32237
        },
        "2021-07": {
            "month": "2021-07",
            "price": "19.30",
            "revenue": 31898
        },
        "2021-08": {
            "month": "2021-08",
            "price": "18.55",
            "revenue": 31996
        },
        "2021-09": {
            "month": "2021-09",
            "price": "17.70",
            "revenue": 32414
        },
        "2021-10": {
            "month": "2021-10",
            "price": "17.48",
            "revenue": 36817
        },
        "2021-11": {
            "month": "2021-11",
            "price": "17.93",
            "revenue": 33933
        },
        "2021-12": {
            "month": "2021-12",
            "price": "18.10",
            "revenue": 34676
        },
        "2022-01": {
            "month": "2022-01",
            "price": "18.04",
            "revenue": 35707
        },
        "2022-02": {
            "month": "2022-02",
            "price": "17.90",
            "revenue": 26415
        },
        "2022-03": {
            "month": "2022-03",
            "price": "19.00",
            "revenue": 28769
        },
        "2022-04": {
            "month": "2022-04",
            "price": "19.20",
            "revenue": 29161
        },
        "2022-05": {
            "month": "2022-05",
            "price": "19.11",
            "revenue": 33865
        },
        "2022-06": {
            "month": "2022-06",
            "price": "19.10",
            "revenue": 36570
        },
        "2022-07": {
            "month": "2022-07",
            "price": "18.81",
            "revenue": 27996
        },
        "2022-08": {
            "month": "2022-08",
            "price": "20.42",
            "revenue": 33540
        },
        "2022-09": {
            "month": "2022-09",
            "price": "21.68",
            "revenue": 31414
        },
        "2022-10": {
            "month": "2022-10",
            "price": "21.76",
            "revenue": 26072
        },
        "2022-11": {
            "month": "2022-11",
            "price": "23.15",
            "revenue": 28423
        },
        "2022-12": {
            "month": "2022-12",
            "price": "22.96",
            "revenue": 24120
        },
        "2023-01": {
            "month": "2023-01",
            "price": "22.32",
            "revenue": 23036
        },
        "2023-02": {
            "month": "2023-02",
            "price": "21.83",
            "revenue": 31894
        },
        "2023-03": {
            "month": "2023-03",
            "price": "22.52",
            "revenue": 34906
        },
        "2023-04": {
            "month": "2023-04",
            "price": "22.28",
            "revenue": 32713
        },
        "2023-05": {
            "month": "2023-05",
            "price": "22.43",
            "revenue": 33060
        }
    }
}
