{
    "summary": {
        "stock_name": "富喬",
        "stock_id": "1815",
        "category": "電子零組件",
        "main_business": "電子級玻璃纖維<br>電子級玻璃纖維<br>電子級玻璃纖維",
        "website_url": "http://www.ffg.com.tw",
        "ceo": "陳壁程",
        "pe_ratio": -18,
        "report_year_from": 2002,
        "report_year_to": 2023,
        "age": 22,
        "eps_negative_percentage": 25,
        "eps_growth_avg": {
            "last_all": -33.63,
            "last_2y": -97.55,
            "last_4y": -98.37,
            "last_8y": -28.49,
            "last_12y": -29.79,
            "last_16y": -38.08,
            "last_20y": null,
            "at_2006_last_3y": null,
            "at_2007_last_3y": null,
            "at_2008_last_3y": -26.63,
            "at_2009_last_3y": -49.7,
            "at_2010_last_3y": -65.73,
            "at_2011_last_3y": -60.98,
            "at_2012_last_3y": -74.49,
            "at_2013_last_3y": -61.74,
            "at_2014_last_3y": -32.83,
            "at_2015_last_3y": 8.33,
            "at_2016_last_3y": 43.61,
            "at_2017_last_3y": 34.08,
            "at_2018_last_3y": 23.92,
            "at_2019_last_3y": -26.08,
            "at_2020_last_3y": -36.72,
            "at_2021_last_3y": -57.83,
            "at_2022_last_3y": -97.55,
            "at_2023_last_3y": -97.55,
            "at_2024_last_3y": -97.55,
            "at_2006_last_all": -4.68,
            "at_2007_last_all": -15.69,
            "at_2008_last_all": -26.63,
            "at_2009_last_all": -41.31,
            "at_2010_last_all": -41.31,
            "at_2011_last_all": -38.33,
            "at_2012_last_all": -47.14,
            "at_2013_last_all": -47.14,
            "at_2014_last_all": -38.13,
            "at_2015_last_all": -22.78,
            "at_2016_last_all": -19.92,
            "at_2017_last_all": -17.61,
            "at_2018_last_all": -17.44,
            "at_2019_last_all": -23.79,
            "at_2020_last_all": -23.79,
            "at_2021_last_all": -23.79,
            "at_2022_last_all": -28.89,
            "at_2023_last_all": -33.63,
            "at_2024_last_all": -33.63
        },
        "latest_eps": -0.83,
        "latest_price": 14.85,
        "latest_roe": -5.15,
        "latest_gross_margin": -2.43,
        "latest_equity": 6895504,
        "latest_revenue": 777680,
        "latest_gross_profit": -18892,
        "latest_net_income": -106948,
        "latest_debt_ratio": 49.61,
        "latest_current_ratio": 172.46,
        "latest_account_receivable_turnover_ratio": 0.75,
        "latest_inventory_turnover_ratio": 0.61,
        "latest_reinvestment_rate": null,
        "latest_research_to_sale_ratio": 1.72
    },
    "eps_dividends": {
        "2001": {
            "cash": 0,
            "stock": 0,
            "eps": 0
        },
        "2002": {
            "cash": 0,
            "stock": 0,
            "eps": 0
        },
        "2003": {
            "cash": 0,
            "stock": 0,
            "eps": 0
        },
        "2004": {
            "cash": 0,
            "stock": 0,
            "eps": 3.36
        },
        "2005": {
            "cash": 0.42,
            "stock": 0.95,
            "eps": 3.1
        },
        "2006": {
            "cash": 1.5,
            "stock": 0.8,
            "eps": 3.05
        },
        "2007": {
            "cash": 1.5,
            "stock": 0.5,
            "eps": 1.9
        },
        "2008": {
            "cash": 0.5,
            "stock": 0.71,
            "eps": 0.77
        },
        "2009": {
            "cash": 0.05,
            "stock": 0.2,
            "eps": -1.19
        },
        "2010": {
            "cash": 0,
            "stock": 0,
            "eps": 2.3
        },
        "2011": {
            "cash": 0.79,
            "stock": 0.2,
            "eps": 1.76
        },
        "2012": {
            "cash": 0.2,
            "stock": 0,
            "eps": -0.41
        },
        "2013": {
            "cash": 0,
            "stock": 0,
            "eps": 0.12
        },
        "2014": {
            "cash": 0.15,
            "stock": 0,
            "eps": 0.15
        },
        "2015": {
            "cash": 0.2,
            "stock": 0,
            "eps": 1.03
        },
        "2016": {
            "cash": 0.35,
            "stock": 0,
            "eps": 1.09
        },
        "2017": {
            "cash": 0.5,
            "stock": 0,
            "eps": 1.15
        },
        "2018": {
            "cash": 0.65,
            "stock": 0,
            "eps": 0.97
        },
        "2019": {
            "cash": 0.5,
            "stock": 0.1,
            "eps": -0.23
        },
        "2020": {
            "cash": 0,
            "stock": 0,
            "eps": -1.16
        },
        "2021": {
            "cash": 0,
            "stock": 0,
            "eps": 1.43
        },
        "2022": {
            "cash": 0.6,
            "stock": 0.3,
            "eps": 0.07
        },
        "2023": {
            "cash": 0.1,
            "stock": 0.2,
            "eps": -0.65
        }
    },
    "dividends": {
        "2005-02-17": {
            "cash": 0.42,
            "stock": 0.95
        },
        "2006-04-27": {
            "cash": 1.5,
            "stock": 0.8
        },
        "2007-03-28": {
            "cash": 1.5,
            "stock": 0.5
        },
        "2008-05-14": {
            "cash": 0.5,
            "stock": 0.71
        },
        "2009-03-10": {
            "cash": 0.05,
            "stock": 0.2
        },
        "2011-04-01": {
            "cash": 0.79,
            "stock": 0.2
        },
        "2012-04-10": {
            "cash": 0.2,
            "stock": 0
        },
        "2014-09-04": {
            "cash": 0.15,
            "stock": 0
        },
        "2015-08-17": {
            "cash": 0.2,
            "stock": 0
        },
        "2016-09-02": {
            "cash": 0.35,
            "stock": 0
        },
        "2017-08-25": {
            "cash": 0.5,
            "stock": 0
        },
        "2018-08-24": {
            "cash": 0.65,
            "stock": 0
        },
        "2019-10-08": {
            "cash": 0.5,
            "stock": 0.1
        },
        "2022-09-28": {
            "cash": 0.6,
            "stock": 0.3
        },
        "2023-09-21": {
            "cash": 0.1,
            "stock": 0.2
        }
    },
    "prices": {
        "200101": "無",
        "200102": "無",
        "200103": "無",
        "200104": "無",
        "200105": "無",
        "200106": "無",
        "200107": "無",
        "200108": "無",
        "200109": "無",
        "200110": "無",
        "200111": "無",
        "200112": "無",
        "200201": "無",
        "200202": "無",
        "200203": "無",
        "200204": "無",
        "200205": "無",
        "200206": "無",
        "200207": "無",
        "200208": "無",
        "200209": "無",
        "200210": "無",
        "200211": "無",
        "200212": "無",
        "200301": "無",
        "200302": "無",
        "200303": "無",
        "200304": "無",
        "200305": "無",
        "200306": "無",
        "200307": "無",
        "200308": "無",
        "200309": "無",
        "200310": "無",
        "200311": "無",
        "200312": "無",
        "200401": "無",
        "200402": "無",
        "200403": "無",
        "200404": "無",
        "200405": "無",
        "200406": "無",
        "200407": "無",
        "200408": "23.27",
        "200409": "21.20",
        "200410": "23.64",
        "200411": "21.38",
        "200412": "19.62",
        "200501": "17.37",
        "200502": "17.18",
        "200503": "22.22",
        "200504": "21.95",
        "200505": "21.13",
        "200506": "21.25",
        "200507": "24.46",
        "200508": "21.49",
        "200509": "20.06",
        "200510": "21.96",
        "200511": "21.66",
        "200512": "24.75",
        "200601": "28.65",
        "200602": "26.27",
        "200603": "26.87",
        "200604": "28.66",
        "200605": "27.83",
        "200606": "23.02",
        "200607": "24.22",
        "200608": "24.92",
        "200609": "23.54",
        "200610": "25.14",
        "200611": "25.64",
        "200612": "26.96",
        "200701": "27.40",
        "200702": "25.27",
        "200703": "23.91",
        "200704": "24.97",
        "200705": "25.26",
        "200706": "27.12",
        "200707": "32.56",
        "200708": "34.25",
        "200709": "35.82",
        "200710": "33.04",
        "200711": "25.40",
        "200712": "23.58",
        "200801": "21.54",
        "200802": "19.81",
        "200803": "21.56",
        "200804": "22.29",
        "200805": "20.81",
        "200806": "19.43",
        "200807": "16.34",
        "200808": "13.59",
        "200809": "10.37",
        "200810": "8.90",
        "200811": "5.80",
        "200812": "4.86",
        "200901": "4.82",
        "200902": "6.20",
        "200903": "8.97",
        "200904": "10.27",
        "200905": "10.34",
        "200906": "9.48",
        "200907": "9.80",
        "200908": "11.76",
        "200909": "14.73",
        "200910": "14.90",
        "200911": "13.15",
        "200912": "14.66",
        "201001": "17.57",
        "201002": "17.84",
        "201003": "26.20",
        "201004": "30.36",
        "201005": "27.13",
        "201006": "25.92",
        "201007": "31.50",
        "201008": "39.13",
        "201009": "36.41",
        "201010": "28.83",
        "201011": "26.20",
        "201012": "29.47",
        "201101": "29.28",
        "201102": "31.76",
        "201103": "29.82",
        "201104": "30.47",
        "201105": "29.85",
        "201106": "27.24",
        "201107": "26.32",
        "201108": "23.13",
        "201109": "20.35",
        "201110": "17.45",
        "201111": "17.11",
        "201112": "14.90",
        "201201": "16.52",
        "201202": "20.34",
        "201203": "23.37",
        "201204": "23.40",
        "201205": "17.57",
        "201206": "15.15",
        "201207": "15.24",
        "201208": "16.19",
        "201209": "16.46",
        "201210": "15.05",
        "201211": "12.12",
        "201212": "13.13",
        "201301": "13.71",
        "201302": "13.83",
        "201303": "13.47",
        "201304": "12.31",
        "201305": "12.68",
        "201306": "12.28",
        "201307": "12.50",
        "201308": "12.21",
        "201309": "12.08",
        "201310": "11.86",
        "201311": "10.94",
        "201312": "11.12",
        "201401": "11.99",
        "201402": "12.37",
        "201403": "12.46",
        "201404": "12.43",
        "201405": "12.43",
        "201406": "13.34",
        "201407": "12.93",
        "201408": "11.50",
        "201409": "11.39",
        "201410": "10.91",
        "201411": "11.09",
        "201412": "11.29",
        "201501": "11.75",
        "201502": "11.51",
        "201503": "13.28",
        "201504": "14.48",
        "201505": "12.95",
        "201506": "11.49",
        "201507": "11.21",
        "201508": "10.11",
        "201509": "10.08",
        "201510": "10.30",
        "201511": "11.07",
        "201512": "10.93",
        "201601": "9.79",
        "201602": "10.36",
        "201603": "11.50",
        "201604": "10.95",
        "201605": "10.33",
        "201606": "10.84",
        "201607": "12.40",
        "201608": "13.90",
        "201609": "13.35",
        "201610": "13.24",
        "201611": "12.11",
        "201612": "12.84",
        "201701": "13.73",
        "201702": "16.58",
        "201703": "16.39",
        "201704": "15.45",
        "201705": "14.68",
        "201706": "14.36",
        "201707": "14.40",
        "201708": "15.80",
        "201709": "15.67",
        "201710": "15.80",
        "201711": "15.83",
        "201712": "18.38",
        "201801": "23.56",
        "201802": "21.19",
        "201803": "19.71",
        "201804": "17.66",
        "201805": "17.58",
        "201806": "18.76",
        "201807": "17.77",
        "201808": "16.98",
        "201809": "16.10",
        "201810": "14.95",
        "201811": "15.76",
        "201812": "15.80",
        "201901": "15.75",
        "201902": "16.80",
        "201903": "17.18",
        "201904": "16.75",
        "201905": "14.78",
        "201906": "14.85",
        "201907": "15.42",
        "201908": "14.73",
        "201909": "14.63",
        "201910": "14.02",
        "201911": "13.05",
        "201912": "12.78",
        "202001": "12.35",
        "202002": "11.87",
        "202003": "9.87",
        "202004": "9.96",
        "202005": "9.97",
        "202006": "10.55",
        "202007": "10.67",
        "202008": "10.19",
        "202009": "10.60",
        "202010": "10.22",
        "202011": "11.07",
        "202012": "14.09",
        "202101": "13.41",
        "202102": "14.32",
        "202103": "15.61",
        "202104": "18.06",
        "202105": "15.60",
        "202106": "17.53",
        "202107": "19.48",
        "202108": "18.30",
        "202109": "17.14",
        "202110": "16.47",
        "202111": "17.26",
        "202112": "16.90",
        "202201": "15.99",
        "202202": "15.89",
        "202203": "15.07",
        "202204": "14.06",
        "202205": "13.69",
        "202206": "13.58",
        "202207": "12.47",
        "202208": "13.36",
        "202209": "13.44",
        "202210": "11.56",
        "202211": "12.30",
        "202212": "12.11",
        "202301": "12.25",
        "202302": "12.58",
        "202303": "12.28",
        "202304": "11.97",
        "202305": "11.96",
        "202306": "13.47",
        "202307": "13.52",
        "202308": "13.65",
        "202309": "14.66",
        "202310": "16.99",
        "202311": "17.74",
        "202312": "16.29"
    },
    "quarters": {
        "20011": {
            "year_quarter": 20011,
            "year": 2001,
            "quarter": 1,
            "eps": null,
            "eps_growth_year": null,
            "eps_4q": null,
            "eps_4q_growth_year": null,
            "roe": null,
            "roe_4q": 0,
            "gross_profit": null,
            "gross_margin": null,
            "gross_margin_4q_avg": 0,
            "net_income": null,
            "net_income_4q": null,
            "revenue": null,
            "revenue_4q": null,
            "common_shares": null,
            "book_valuer_per_share": null,
            "book_valuer_per_share_4q_avg": 0,
            "equity": null,
            "current_ratio": null,
            "debt_ratio": null,
            "inventory_turnover_ratio": null,
            "account_receivable_turnover_ratio": null,
            "reinvestment_rate": null,
            "research_to_sale_ratio": null,
            "price_fair": 0,
            "eps_avg_yearly": 0,
            "eps_latest_yearly": 0,
            "eps_growth_yearly": 0
        },
        "20012": {
            "year_quarter": 20012,
            "year": 2001,
            "quarter": 2,
            "eps": null,
            "eps_growth_year": null,
            "eps_4q": null,
            "eps_4q_growth_year": null,
            "roe": null,
            "roe_4q": 0,
            "gross_profit": null,
            "gross_margin": null,
            "gross_margin_4q_avg": 0,
            "net_income": null,
            "net_income_4q": null,
            "revenue": null,
            "revenue_4q": null,
            "common_shares": null,
            "book_valuer_per_share": null,
            "book_valuer_per_share_4q_avg": 0,
            "equity": null,
            "current_ratio": null,
            "debt_ratio": null,
            "inventory_turnover_ratio": null,
            "account_receivable_turnover_ratio": null,
            "reinvestment_rate": null,
            "research_to_sale_ratio": null,
            "price_fair": 0,
            "eps_avg_yearly": 0,
            "eps_latest_yearly": 0,
            "eps_growth_yearly": 0
        },
        "20013": {
            "year_quarter": 20013,
            "year": 2001,
            "quarter": 3,
            "eps": null,
            "eps_growth_year": null,
            "eps_4q": null,
            "eps_4q_growth_year": null,
            "roe": null,
            "roe_4q": 0,
            "gross_profit": null,
            "gross_margin": null,
            "gross_margin_4q_avg": 0,
            "net_income": null,
            "net_income_4q": null,
            "revenue": null,
            "revenue_4q": null,
            "common_shares": null,
            "book_valuer_per_share": null,
            "book_valuer_per_share_4q_avg": 0,
            "equity": null,
            "current_ratio": null,
            "debt_ratio": null,
            "inventory_turnover_ratio": null,
            "account_receivable_turnover_ratio": null,
            "reinvestment_rate": null,
            "research_to_sale_ratio": null,
            "price_fair": 0,
            "eps_avg_yearly": 0,
            "eps_latest_yearly": 0,
            "eps_growth_yearly": 0
        },
        "20014": {
            "year_quarter": 20014,
            "year": 2001,
            "quarter": 4,
            "eps": null,
            "eps_growth_year": null,
            "eps_4q": null,
            "eps_4q_growth_year": null,
            "roe": null,
            "roe_4q": 0,
            "gross_profit": null,
            "gross_margin": null,
            "gross_margin_4q_avg": 0,
            "net_income": null,
            "net_income_4q": null,
            "revenue": null,
            "revenue_4q": null,
            "common_shares": 1200000,
            "book_valuer_per_share": 9.87,
            "book_valuer_per_share_4q_avg": 2.47,
            "equity": 1184078,
            "current_ratio": 65.9,
            "debt_ratio": 69.21,
            "inventory_turnover_ratio": null,
            "account_receivable_turnover_ratio": null,
            "reinvestment_rate": null,
            "research_to_sale_ratio": null,
            "price_fair": 0,
            "eps_avg_yearly": 0,
            "eps_latest_yearly": 0,
            "eps_growth_yearly": 0
        },
        "20021": {
            "year_quarter": 20021,
            "year": 2002,
            "quarter": 1,
            "eps": null,
            "eps_growth_year": null,
            "eps_4q": null,
            "eps_4q_growth_year": null,
            "roe": null,
            "roe_4q": 0,
            "gross_profit": null,
            "gross_margin": null,
            "gross_margin_4q_avg": 0,
            "net_income": null,
            "net_income_4q": null,
            "revenue": null,
            "revenue_4q": null,
            "common_shares": null,
            "book_valuer_per_share": null,
            "book_valuer_per_share_4q_avg": 2.47,
            "equity": null,
            "current_ratio": null,
            "debt_ratio": null,
            "inventory_turnover_ratio": null,
            "account_receivable_turnover_ratio": null,
            "reinvestment_rate": null,
            "research_to_sale_ratio": null,
            "price_fair": 0,
            "eps_avg_yearly": 0,
            "eps_latest_yearly": 0,
            "eps_growth_yearly": 0
        },
        "20022": {
            "year_quarter": 20022,
            "year": 2002,
            "quarter": 2,
            "eps": null,
            "eps_growth_year": null,
            "eps_4q": null,
            "eps_4q_growth_year": null,
            "roe": null,
            "roe_4q": 0,
            "gross_profit": null,
            "gross_margin": null,
            "gross_margin_4q_avg": 0,
            "net_income": null,
            "net_income_4q": null,
            "revenue": null,
            "revenue_4q": null,
            "common_shares": null,
            "book_valuer_per_share": null,
            "book_valuer_per_share_4q_avg": 2.47,
            "equity": null,
            "current_ratio": null,
            "debt_ratio": null,
            "inventory_turnover_ratio": null,
            "account_receivable_turnover_ratio": null,
            "reinvestment_rate": null,
            "research_to_sale_ratio": null,
            "price_fair": 0,
            "eps_avg_yearly": 0,
            "eps_latest_yearly": 0,
            "eps_growth_yearly": 0
        },
        "20023": {
            "year_quarter": 20023,
            "year": 2002,
            "quarter": 3,
            "eps": null,
            "eps_growth_year": null,
            "eps_4q": null,
            "eps_4q_growth_year": null,
            "roe": null,
            "roe_4q": 0,
            "gross_profit": null,
            "gross_margin": null,
            "gross_margin_4q_avg": 0,
            "net_income": null,
            "net_income_4q": null,
            "revenue": null,
            "revenue_4q": null,
            "common_shares": null,
            "book_valuer_per_share": null,
            "book_valuer_per_share_4q_avg": 2.47,
            "equity": null,
            "current_ratio": null,
            "debt_ratio": null,
            "inventory_turnover_ratio": null,
            "account_receivable_turnover_ratio": null,
            "reinvestment_rate": null,
            "research_to_sale_ratio": null,
            "price_fair": 0,
            "eps_avg_yearly": 0,
            "eps_latest_yearly": 0,
            "eps_growth_yearly": 0
        },
        "20024": {
            "year_quarter": 20024,
            "year": 2002,
            "quarter": 4,
            "eps": null,
            "eps_growth_year": null,
            "eps_4q": null,
            "eps_4q_growth_year": null,
            "roe": null,
            "roe_4q": 0,
            "gross_profit": null,
            "gross_margin": null,
            "gross_margin_4q_avg": 0,
            "net_income": null,
            "net_income_4q": null,
            "revenue": null,
            "revenue_4q": null,
            "common_shares": 1330000,
            "book_valuer_per_share": 9,
            "book_valuer_per_share_4q_avg": 2.25,
            "equity": 1196598,
            "current_ratio": 87.88,
            "debt_ratio": 68.35,
            "inventory_turnover_ratio": null,
            "account_receivable_turnover_ratio": null,
            "reinvestment_rate": null,
            "research_to_sale_ratio": null,
            "price_fair": 0,
            "eps_avg_yearly": 0,
            "eps_latest_yearly": 0,
            "eps_growth_yearly": 0
        },
        "20031": {
            "year_quarter": 20031,
            "year": 2003,
            "quarter": 1,
            "eps": null,
            "eps_growth_year": null,
            "eps_4q": null,
            "eps_4q_growth_year": null,
            "roe": null,
            "roe_4q": 0,
            "gross_profit": null,
            "gross_margin": null,
            "gross_margin_4q_avg": 0,
            "net_income": null,
            "net_income_4q": null,
            "revenue": null,
            "revenue_4q": null,
            "common_shares": null,
            "book_valuer_per_share": null,
            "book_valuer_per_share_4q_avg": 2.25,
            "equity": null,
            "current_ratio": null,
            "debt_ratio": null,
            "inventory_turnover_ratio": null,
            "account_receivable_turnover_ratio": null,
            "reinvestment_rate": null,
            "research_to_sale_ratio": null,
            "price_fair": 0,
            "eps_avg_yearly": 0,
            "eps_latest_yearly": 0,
            "eps_growth_yearly": 0
        },
        "20032": {
            "year_quarter": 20032,
            "year": 2003,
            "quarter": 2,
            "eps": null,
            "eps_growth_year": null,
            "eps_4q": null,
            "eps_4q_growth_year": null,
            "roe": null,
            "roe_4q": 0,
            "gross_profit": null,
            "gross_margin": null,
            "gross_margin_4q_avg": 0,
            "net_income": null,
            "net_income_4q": null,
            "revenue": null,
            "revenue_4q": null,
            "common_shares": null,
            "book_valuer_per_share": null,
            "book_valuer_per_share_4q_avg": 2.25,
            "equity": null,
            "current_ratio": null,
            "debt_ratio": null,
            "inventory_turnover_ratio": null,
            "account_receivable_turnover_ratio": null,
            "reinvestment_rate": null,
            "research_to_sale_ratio": null,
            "price_fair": 0,
            "eps_avg_yearly": 0,
            "eps_latest_yearly": 0,
            "eps_growth_yearly": 0
        },
        "20033": {
            "year_quarter": 20033,
            "year": 2003,
            "quarter": 3,
            "eps": null,
            "eps_growth_year": null,
            "eps_4q": null,
            "eps_4q_growth_year": null,
            "roe": null,
            "roe_4q": 0,
            "gross_profit": null,
            "gross_margin": null,
            "gross_margin_4q_avg": 0,
            "net_income": null,
            "net_income_4q": null,
            "revenue": null,
            "revenue_4q": null,
            "common_shares": null,
            "book_valuer_per_share": null,
            "book_valuer_per_share_4q_avg": 2.25,
            "equity": null,
            "current_ratio": null,
            "debt_ratio": null,
            "inventory_turnover_ratio": null,
            "account_receivable_turnover_ratio": null,
            "reinvestment_rate": null,
            "research_to_sale_ratio": null,
            "price_fair": 0,
            "eps_avg_yearly": 0,
            "eps_latest_yearly": 0,
            "eps_growth_yearly": 0
        },
        "20034": {
            "year_quarter": 20034,
            "year": 2003,
            "quarter": 4,
            "eps": null,
            "eps_growth_year": null,
            "eps_4q": null,
            "eps_4q_growth_year": null,
            "roe": null,
            "roe_4q": 0,
            "gross_profit": null,
            "gross_margin": null,
            "gross_margin_4q_avg": 0,
            "net_income": null,
            "net_income_4q": null,
            "revenue": null,
            "revenue_4q": null,
            "common_shares": 1330000,
            "book_valuer_per_share": 8.42,
            "book_valuer_per_share_4q_avg": 2.11,
            "equity": 1120209,
            "current_ratio": 61.03,
            "debt_ratio": 66.27,
            "inventory_turnover_ratio": null,
            "account_receivable_turnover_ratio": null,
            "reinvestment_rate": null,
            "research_to_sale_ratio": null,
            "price_fair": 0,
            "eps_avg_yearly": 0,
            "eps_latest_yearly": 0,
            "eps_growth_yearly": 0
        },
        "20041": {
            "year_quarter": 20041,
            "year": 2004,
            "quarter": 1,
            "eps": 0.39,
            "eps_growth_year": null,
            "eps_4q": null,
            "eps_4q_growth_year": null,
            "roe": 4.58,
            "roe_4q": 4.58,
            "gross_profit": 100007,
            "gross_margin": 29.29,
            "gross_margin_4q_avg": 7.32,
            "net_income": 52475,
            "net_income_4q": null,
            "revenue": 341492,
            "revenue_4q": null,
            "common_shares": 1330000,
            "book_valuer_per_share": 8.82,
            "book_valuer_per_share_4q_avg": 4.31,
            "equity": 1172684,
            "current_ratio": 58.55,
            "debt_ratio": 64.43,
            "inventory_turnover_ratio": 2.28,
            "account_receivable_turnover_ratio": null,
            "reinvestment_rate": null,
            "research_to_sale_ratio": null,
            "price_fair": 0,
            "eps_avg_yearly": 0,
            "eps_latest_yearly": 0,
            "eps_growth_yearly": 0
        },
        "20042": {
            "year_quarter": 20042,
            "year": 2004,
            "quarter": 2,
            "eps": 0.35,
            "eps_growth_year": null,
            "eps_4q": null,
            "eps_4q_growth_year": null,
            "roe": 3.61,
            "roe_4q": 8.19,
            "gross_profit": 175793,
            "gross_margin": 41.49,
            "gross_margin_4q_avg": 17.7,
            "net_income": 46471,
            "net_income_4q": null,
            "revenue": 423684,
            "revenue_4q": null,
            "common_shares": 1330000,
            "book_valuer_per_share": 10.56,
            "book_valuer_per_share_4q_avg": 6.95,
            "equity": 1404302,
            "current_ratio": 85.03,
            "debt_ratio": 59.14,
            "inventory_turnover_ratio": 2.93,
            "account_receivable_turnover_ratio": null,
            "reinvestment_rate": null,
            "research_to_sale_ratio": null,
            "price_fair": 4.2,
            "eps_avg_yearly": 1.4,
            "eps_latest_yearly": 1.4,
            "eps_growth_yearly": -41.03
        },
        "20043": {
            "year_quarter": 20043,
            "year": 2004,
            "quarter": 3,
            "eps": 1.35,
            "eps_growth_year": null,
            "eps_4q": null,
            "eps_4q_growth_year": null,
            "roe": 12.43,
            "roe_4q": 20.619999999999997,
            "gross_profit": 278616,
            "gross_margin": 52.51,
            "gross_margin_4q_avg": 30.82,
            "net_income": 213603,
            "net_income_4q": null,
            "revenue": 530631,
            "revenue_4q": null,
            "common_shares": 1730000,
            "book_valuer_per_share": 11.75,
            "book_valuer_per_share_4q_avg": 9.89,
            "equity": 2032758,
            "current_ratio": 81.71,
            "debt_ratio": 40.67,
            "inventory_turnover_ratio": 3.21,
            "account_receivable_turnover_ratio": null,
            "reinvestment_rate": null,
            "research_to_sale_ratio": null,
            "price_fair": 119,
            "eps_avg_yearly": 3.4,
            "eps_latest_yearly": 5.4,
            "eps_growth_yearly": 550.92
        },
        "20044": {
            "year_quarter": 20044,
            "year": 2004,
            "quarter": 4,
            "eps": 1.27,
            "eps_growth_year": null,
            "eps_4q": 3.33,
            "eps_4q_growth_year": null,
            "roe": 9.04,
            "roe_4q": 29.659999999999997,
            "gross_profit": 331826,
            "gross_margin": 56.09,
            "gross_margin_4q_avg": 44.85,
            "net_income": 192500,
            "net_income_4q": null,
            "revenue": 591603,
            "revenue_4q": null,
            "common_shares": 1730000,
            "book_valuer_per_share": 12.86,
            "book_valuer_per_share_4q_avg": 11,
            "equity": 2225258,
            "current_ratio": 107.55,
            "debt_ratio": 36.93,
            "inventory_turnover_ratio": 2.93,
            "account_receivable_turnover_ratio": null,
            "reinvestment_rate": null,
            "research_to_sale_ratio": null,
            "price_fair": 138.6,
            "eps_avg_yearly": 3.96,
            "eps_latest_yearly": 5.08,
            "eps_growth_yearly": 359.38
        },
        "20051": {
            "year_quarter": 20051,
            "year": 2005,
            "quarter": 1,
            "eps": 1.17,
            "eps_growth_year": 200,
            "eps_4q": 3.79,
            "eps_4q_growth_year": null,
            "roe": 8.68,
            "roe_4q": 33.76,
            "gross_profit": 277962,
            "gross_margin": 53.26,
            "gross_margin_4q_avg": 50.84,
            "net_income": 201798,
            "net_income_4q": null,
            "revenue": 521855,
            "revenue_4q": null,
            "common_shares": 1730000,
            "book_valuer_per_share": 14.03,
            "book_valuer_per_share_4q_avg": 12.3,
            "equity": 2427056,
            "current_ratio": 147.88,
            "debt_ratio": 32.22,
            "inventory_turnover_ratio": 2.51,
            "account_receivable_turnover_ratio": null,
            "reinvestment_rate": null,
            "research_to_sale_ratio": null,
            "price_fair": 144.9,
            "eps_avg_yearly": 4.14,
            "eps_latest_yearly": 4.68,
            "eps_growth_yearly": 261.66
        },
        "20052": {
            "year_quarter": 20052,
            "year": 2005,
            "quarter": 2,
            "eps": 0.87,
            "eps_growth_year": 148.57,
            "eps_4q": 4.06,
            "eps_4q_growth_year": null,
            "roe": 6.73,
            "roe_4q": 36.879999999999995,
            "gross_profit": 224912,
            "gross_margin": 45.48,
            "gross_margin_4q_avg": 51.84,
            "net_income": 165741,
            "net_income_4q": null,
            "revenue": 494518,
            "revenue_4q": null,
            "common_shares": 1730000,
            "book_valuer_per_share": 14.44,
            "book_valuer_per_share_4q_avg": 13.27,
            "equity": 2498352,
            "current_ratio": 158.34,
            "debt_ratio": 33.01,
            "inventory_turnover_ratio": 2.77,
            "account_receivable_turnover_ratio": null,
            "reinvestment_rate": null,
            "research_to_sale_ratio": null,
            "price_fair": 140.28,
            "eps_avg_yearly": 4.01,
            "eps_latest_yearly": 3.48,
            "eps_growth_yearly": 188.81
        },
        "20053": {
            "year_quarter": 20053,
            "year": 2005,
            "quarter": 3,
            "eps": 0.47,
            "eps_growth_year": -65.19,
            "eps_4q": 3.44,
            "eps_4q_growth_year": null,
            "roe": 3.48,
            "roe_4q": 27.93,
            "gross_profit": 125521,
            "gross_margin": 35.67,
            "gross_margin_4q_avg": 47.63,
            "net_income": 88552,
            "net_income_4q": null,
            "revenue": 351934,
            "revenue_4q": null,
            "common_shares": 1894669,
            "book_valuer_per_share": 13.65,
            "book_valuer_per_share_4q_avg": 13.75,
            "equity": 2586904,
            "current_ratio": 168.07,
            "debt_ratio": 28.54,
            "inventory_turnover_ratio": 2.05,
            "account_receivable_turnover_ratio": null,
            "reinvestment_rate": null,
            "research_to_sale_ratio": null,
            "price_fair": 127.87,
            "eps_avg_yearly": 3.65,
            "eps_latest_yearly": 1.88,
            "eps_growth_yearly": 126.69
        },
        "20054": {
            "year_quarter": 20054,
            "year": 2005,
            "quarter": 4,
            "eps": 0.59,
            "eps_growth_year": -53.54,
            "eps_4q": 2.99,
            "eps_4q_growth_year": -10.23,
            "roe": 4.24,
            "roe_4q": 23.130000000000003,
            "gross_profit": 161889,
            "gross_margin": 37.51,
            "gross_margin_4q_avg": 42.98,
            "net_income": 112075,
            "net_income_4q": null,
            "revenue": 431579,
            "revenue_4q": null,
            "common_shares": 1894669,
            "book_valuer_per_share": 14.25,
            "book_valuer_per_share_4q_avg": 14.09,
            "equity": 2698979,
            "current_ratio": 199.92,
            "debt_ratio": 27.36,
            "inventory_turnover_ratio": 2.38,
            "account_receivable_turnover_ratio": null,
            "reinvestment_rate": null,
            "research_to_sale_ratio": null,
            "price_fair": 121.4,
            "eps_avg_yearly": 3.47,
            "eps_latest_yearly": 2.36,
            "eps_growth_yearly": 123.18
        },
        "20061": {
            "year_quarter": 20061,
            "year": 2006,
            "quarter": 1,
            "eps": 0.62,
            "eps_growth_year": -47.01,
            "eps_4q": 2.47,
            "eps_4q_growth_year": -34.85,
            "roe": 4.29,
            "roe_4q": 18.740000000000002,
            "gross_profit": 178012,
            "gross_margin": 39.36,
            "gross_margin_4q_avg": 39.51,
            "net_income": 122665,
            "net_income_4q": null,
            "revenue": 452252,
            "revenue_4q": null,
            "common_shares": 1994549,
            "book_valuer_per_share": 15.15,
            "book_valuer_per_share_4q_avg": 14.37,
            "equity": 3022095,
            "current_ratio": 227.92,
            "debt_ratio": 18.12,
            "inventory_turnover_ratio": 2.98,
            "account_receivable_turnover_ratio": null,
            "reinvestment_rate": null,
            "research_to_sale_ratio": null,
            "price_fair": 117.08,
            "eps_avg_yearly": 3.35,
            "eps_latest_yearly": 2.48,
            "eps_growth_yearly": 110.33
        },
        "20062": {
            "year_quarter": 20062,
            "year": 2006,
            "quarter": 2,
            "eps": 0.74,
            "eps_growth_year": -14.94,
            "eps_4q": 2.26,
            "eps_4q_growth_year": -44.46,
            "roe": 5.39,
            "roe_4q": 17.4,
            "gross_profit": 201115,
            "gross_margin": 43.5,
            "gross_margin_4q_avg": 39.01,
            "net_income": 157854,
            "net_income_4q": null,
            "revenue": 462298,
            "revenue_4q": null,
            "common_shares": 1994549,
            "book_valuer_per_share": 14.21,
            "book_valuer_per_share_4q_avg": 14.32,
            "equity": 2834933,
            "current_ratio": 133.37,
            "debt_ratio": 17.03,
            "inventory_turnover_ratio": 3.17,
            "account_receivable_turnover_ratio": null,
            "reinvestment_rate": null,
            "research_to_sale_ratio": null,
            "price_fair": 115.58,
            "eps_avg_yearly": 3.3,
            "eps_latest_yearly": 2.96,
            "eps_growth_yearly": 106.67
        },
        "20063": {
            "year_quarter": 20063,
            "year": 2006,
            "quarter": 3,
            "eps": 0.82,
            "eps_growth_year": 74.47,
            "eps_4q": 2.64,
            "eps_4q_growth_year": -23.37,
            "roe": 6.06,
            "roe_4q": 19.979999999999997,
            "gross_profit": 220855,
            "gross_margin": 45.2,
            "gross_margin_4q_avg": 41.39,
            "net_income": 177067,
            "net_income_4q": null,
            "revenue": 488600,
            "revenue_4q": null,
            "common_shares": 2154113,
            "book_valuer_per_share": 13.98,
            "book_valuer_per_share_4q_avg": 14.4,
            "equity": 3012144,
            "current_ratio": 293.32,
            "debt_ratio": 7.52,
            "inventory_turnover_ratio": 3.06,
            "account_receivable_turnover_ratio": null,
            "reinvestment_rate": null,
            "research_to_sale_ratio": null,
            "price_fair": 115.5,
            "eps_avg_yearly": 3.3,
            "eps_latest_yearly": 3.28,
            "eps_growth_yearly": 100.33
        },
        "20064": {
            "year_quarter": 20064,
            "year": 2006,
            "quarter": 4,
            "eps": 0.87,
            "eps_growth_year": 47.46,
            "eps_4q": 3,
            "eps_4q_growth_year": 0.35,
            "roe": 6.01,
            "roe_4q": 21.75,
            "gross_profit": 249176,
            "gross_margin": 48.46,
            "gross_margin_4q_avg": 44.13,
            "net_income": 186780,
            "net_income_4q": null,
            "revenue": 514155,
            "revenue_4q": null,
            "common_shares": 2154113,
            "book_valuer_per_share": 14.85,
            "book_valuer_per_share_4q_avg": 14.55,
            "equity": 3199072,
            "current_ratio": 356.97,
            "debt_ratio": 9.27,
            "inventory_turnover_ratio": 2.68,
            "account_receivable_turnover_ratio": null,
            "reinvestment_rate": null,
            "research_to_sale_ratio": null,
            "price_fair": 116.07,
            "eps_avg_yearly": 3.32,
            "eps_latest_yearly": 3.48,
            "eps_growth_yearly": 93.43
        },
        "20071": {
            "year_quarter": 20071,
            "year": 2007,
            "quarter": 1,
            "eps": 0.32,
            "eps_growth_year": -48.39,
            "eps_4q": 2.76,
            "eps_4q_growth_year": 11.78,
            "roe": 2.11,
            "roe_4q": 19.57,
            "gross_profit": 138750,
            "gross_margin": 41.04,
            "gross_margin_4q_avg": 44.55,
            "net_income": 68337,
            "net_income_4q": null,
            "revenue": 338105,
            "revenue_4q": null,
            "common_shares": 2154113,
            "book_valuer_per_share": 15.17,
            "book_valuer_per_share_4q_avg": 14.55,
            "equity": 3267676,
            "current_ratio": 409.17,
            "debt_ratio": 9.12,
            "inventory_turnover_ratio": 1.39,
            "account_receivable_turnover_ratio": null,
            "reinvestment_rate": null,
            "research_to_sale_ratio": null,
            "price_fair": 110.13,
            "eps_avg_yearly": 3.15,
            "eps_latest_yearly": 1.28,
            "eps_growth_yearly": 64.57
        },
        "20072": {
            "year_quarter": 20072,
            "year": 2007,
            "quarter": 2,
            "eps": 0.49,
            "eps_growth_year": -33.78,
            "eps_4q": 2.4,
            "eps_4q_growth_year": 6.29,
            "roe": 3.52,
            "roe_4q": 17.7,
            "gross_profit": 185553,
            "gross_margin": 38.91,
            "gross_margin_4q_avg": 43.4,
            "net_income": 111030,
            "net_income_4q": null,
            "revenue": 476891,
            "revenue_4q": null,
            "common_shares": 2154113,
            "book_valuer_per_share": 14.11,
            "book_valuer_per_share_4q_avg": 14.53,
            "equity": 3039641,
            "current_ratio": 130.17,
            "debt_ratio": 23.11,
            "inventory_turnover_ratio": 1.62,
            "account_receivable_turnover_ratio": null,
            "reinvestment_rate": null,
            "research_to_sale_ratio": null,
            "price_fair": 106.94,
            "eps_avg_yearly": 3.06,
            "eps_latest_yearly": 1.96,
            "eps_growth_yearly": 75.95
        },
        "20073": {
            "year_quarter": 20073,
            "year": 2007,
            "quarter": 3,
            "eps": 0.73,
            "eps_growth_year": -10.98,
            "eps_4q": 2.34,
            "eps_4q_growth_year": -11.19,
            "roe": 5.27,
            "roe_4q": 16.909999999999997,
            "gross_profit": 240745,
            "gross_margin": 42.96,
            "gross_margin_4q_avg": 42.84,
            "net_income": 165723,
            "net_income_4q": null,
            "revenue": 560339,
            "revenue_4q": null,
            "common_shares": 2274170,
            "book_valuer_per_share": 14.27,
            "book_valuer_per_share_4q_avg": 14.6,
            "equity": 3246008,
            "current_ratio": 151.54,
            "debt_ratio": 25.4,
            "inventory_turnover_ratio": 1.88,
            "account_receivable_turnover_ratio": null,
            "reinvestment_rate": null,
            "research_to_sale_ratio": null,
            "price_fair": 106.6,
            "eps_avg_yearly": 3.05,
            "eps_latest_yearly": 2.92,
            "eps_growth_yearly": 84.52
        },
        "20074": {
            "year_quarter": 20074,
            "year": 2007,
            "quarter": 4,
            "eps": 0.36,
            "eps_growth_year": -58.62,
            "eps_4q": 1.89,
            "eps_4q_growth_year": -37.17,
            "roe": 2.57,
            "roe_4q": 13.469999999999999,
            "gross_profit": 164376,
            "gross_margin": 38.03,
            "gross_margin_4q_avg": 40.24,
            "net_income": 81425,
            "net_income_4q": null,
            "revenue": 432278,
            "revenue_4q": null,
            "common_shares": 2276556,
            "book_valuer_per_share": 13.56,
            "book_valuer_per_share_4q_avg": 14.28,
            "equity": 3086540,
            "current_ratio": 117.6,
            "debt_ratio": 37.08,
            "inventory_turnover_ratio": 1.58,
            "account_receivable_turnover_ratio": null,
            "reinvestment_rate": 46.25,
            "research_to_sale_ratio": null,
            "price_fair": 102.85,
            "eps_avg_yearly": 2.94,
            "eps_latest_yearly": 1.44,
            "eps_growth_yearly": 65.37
        },
        "20081": {
            "year_quarter": 20081,
            "year": 2008,
            "quarter": 1,
            "eps": 0.18,
            "eps_growth_year": -43.75,
            "eps_4q": 1.79,
            "eps_4q_growth_year": -35.21,
            "roe": 1.3,
            "roe_4q": 12.66,
            "gross_profit": 134902,
            "gross_margin": 36.18,
            "gross_margin_4q_avg": 39.02,
            "net_income": 40043,
            "net_income_4q": null,
            "revenue": 372821,
            "revenue_4q": null,
            "common_shares": 2276556,
            "book_valuer_per_share": 13.58,
            "book_valuer_per_share_4q_avg": 13.88,
            "equity": 3090740,
            "current_ratio": 123.55,
            "debt_ratio": 43.15,
            "inventory_turnover_ratio": 1.16,
            "account_receivable_turnover_ratio": null,
            "reinvestment_rate": 66.02,
            "research_to_sale_ratio": null,
            "price_fair": 98,
            "eps_avg_yearly": 2.8,
            "eps_latest_yearly": 0.72,
            "eps_growth_yearly": 48.78
        },
        "20082": {
            "year_quarter": 20082,
            "year": 2008,
            "quarter": 2,
            "eps": 0.11,
            "eps_growth_year": -77.55,
            "eps_4q": 1.36,
            "eps_4q_growth_year": -43.13,
            "roe": 0.83,
            "roe_4q": 9.969999999999999,
            "gross_profit": 90380,
            "gross_margin": 26.55,
            "gross_margin_4q_avg": 35.93,
            "net_income": 25204,
            "net_income_4q": null,
            "revenue": 340474,
            "revenue_4q": null,
            "common_shares": 2276556,
            "book_valuer_per_share": 13.02,
            "book_valuer_per_share_4q_avg": 13.61,
            "equity": 2964035,
            "current_ratio": 76.23,
            "debt_ratio": 52,
            "inventory_turnover_ratio": 0.87,
            "account_receivable_turnover_ratio": null,
            "reinvestment_rate": 105.42,
            "research_to_sale_ratio": null,
            "price_fair": 95.9,
            "eps_avg_yearly": 2.74,
            "eps_latest_yearly": 0.44,
            "eps_growth_yearly": 41.62
        },
        "20083": {
            "year_quarter": 20083,
            "year": 2008,
            "quarter": 3,
            "eps": 0.5,
            "eps_growth_year": -31.51,
            "eps_4q": 1.13,
            "eps_4q_growth_year": -51.75,
            "roe": 3.88,
            "roe_4q": 8.58,
            "gross_profit": 70983,
            "gross_margin": 14.75,
            "gross_margin_4q_avg": 28.88,
            "net_income": 116316,
            "net_income_4q": null,
            "revenue": 481256,
            "revenue_4q": null,
            "common_shares": 2276556,
            "book_valuer_per_share": 13.33,
            "book_valuer_per_share_4q_avg": 13.37,
            "equity": 3034172,
            "current_ratio": 133.1,
            "debt_ratio": 60.14,
            "inventory_turnover_ratio": 1.11,
            "account_receivable_turnover_ratio": null,
            "reinvestment_rate": 121.38,
            "research_to_sale_ratio": null,
            "price_fair": 88.46,
            "eps_avg_yearly": 2.53,
            "eps_latest_yearly": 2,
            "eps_growth_yearly": 58.83
        },
        "20084": {
            "year_quarter": 20084,
            "year": 2008,
            "quarter": 4,
            "eps": -0.02,
            "eps_growth_year": -105.56,
            "eps_4q": 0.77,
            "eps_4q_growth_year": -59.17,
            "roe": -0.13,
            "roe_4q": 5.88,
            "gross_profit": 38903,
            "gross_margin": 12.61,
            "gross_margin_4q_avg": 22.52,
            "net_income": -3792,
            "net_income_4q": null,
            "revenue": 308626,
            "revenue_4q": null,
            "common_shares": 2429068,
            "book_valuer_per_share": 12.43,
            "book_valuer_per_share_4q_avg": 13.09,
            "equity": 3020001,
            "current_ratio": 132.85,
            "debt_ratio": 58.25,
            "inventory_turnover_ratio": 0.56,
            "account_receivable_turnover_ratio": 0.88,
            "reinvestment_rate": 132.08,
            "research_to_sale_ratio": null,
            "price_fair": 82.51,
            "eps_avg_yearly": 2.36,
            "eps_latest_yearly": 2,
            "eps_growth_yearly": 64.33
        },
        "20091": {
            "year_quarter": 20091,
            "year": 2009,
            "quarter": 1,
            "eps": -0.63,
            "eps_growth_year": -450,
            "eps_4q": -0.03,
            "eps_4q_growth_year": -101.85,
            "roe": -4.9,
            "roe_4q": -0.3200000000000004,
            "gross_profit": -41306,
            "gross_margin": -9.27,
            "gross_margin_4q_avg": 11.16,
            "net_income": -145775,
            "net_income_4q": null,
            "revenue": 445536,
            "revenue_4q": null,
            "common_shares": 2429068,
            "book_valuer_per_share": 12.06,
            "book_valuer_per_share_4q_avg": 12.71,
            "equity": 2929296,
            "current_ratio": 142.56,
            "debt_ratio": 61.14,
            "inventory_turnover_ratio": 1,
            "account_receivable_turnover_ratio": 1.05,
            "reinvestment_rate": 186.83,
            "research_to_sale_ratio": null,
            "price_fair": 76.7,
            "eps_avg_yearly": 2.19,
            "eps_latest_yearly": 2,
            "eps_growth_yearly": 71.18
        },
        "20092": {
            "year_quarter": 20092,
            "year": 2009,
            "quarter": 2,
            "eps": -0.39,
            "eps_growth_year": -454.55,
            "eps_4q": -0.51,
            "eps_4q_growth_year": -137.53,
            "roe": -3.17,
            "roe_4q": -4.320000000000001,
            "gross_profit": 43068,
            "gross_margin": 8.31,
            "gross_margin_4q_avg": 6.6,
            "net_income": -91028,
            "net_income_4q": null,
            "revenue": 518439,
            "revenue_4q": null,
            "common_shares": 2429068,
            "book_valuer_per_share": 11.61,
            "book_valuer_per_share_4q_avg": 12.36,
            "equity": 2820689,
            "current_ratio": 137.92,
            "debt_ratio": 63.8,
            "inventory_turnover_ratio": 1.25,
            "account_receivable_turnover_ratio": 0.93,
            "reinvestment_rate": 227.97,
            "research_to_sale_ratio": null,
            "price_fair": 73.23,
            "eps_avg_yearly": 2.09,
            "eps_latest_yearly": 2,
            "eps_growth_yearly": 84.54
        },
        "20093": {
            "year_quarter": 20093,
            "year": 2009,
            "quarter": 3,
            "eps": 0.04,
            "eps_growth_year": -92,
            "eps_4q": -1.02,
            "eps_4q_growth_year": -189.82,
            "roe": 0.32,
            "roe_4q": -7.88,
            "gross_profit": 102349,
            "gross_margin": 18.42,
            "gross_margin_4q_avg": 7.52,
            "net_income": 9119,
            "net_income_4q": null,
            "revenue": 555770,
            "revenue_4q": null,
            "common_shares": 2429068,
            "book_valuer_per_share": 11.68,
            "book_valuer_per_share_4q_avg": 11.95,
            "equity": 2836454,
            "current_ratio": 78.2,
            "debt_ratio": 70.44,
            "inventory_turnover_ratio": 1.27,
            "account_receivable_turnover_ratio": 0.88,
            "reinvestment_rate": 432.16,
            "research_to_sale_ratio": null,
            "price_fair": 73.85,
            "eps_avg_yearly": 2.11,
            "eps_latest_yearly": 2,
            "eps_growth_yearly": 106.91
        },
        "20094": {
            "year_quarter": 20094,
            "year": 2009,
            "quarter": 4,
            "eps": -0.21,
            "eps_growth_year": null,
            "eps_4q": -1.17,
            "eps_4q_growth_year": -252.07,
            "roe": -1.73,
            "roe_4q": -9.48,
            "gross_profit": 53531,
            "gross_margin": 10.41,
            "gross_margin_4q_avg": 6.97,
            "net_income": -48603,
            "net_income_4q": null,
            "revenue": 514173,
            "revenue_4q": null,
            "common_shares": 2475333,
            "book_valuer_per_share": 11.85,
            "book_valuer_per_share_4q_avg": 11.8,
            "equity": 2795721,
            "current_ratio": 79.01,
            "debt_ratio": 73.71,
            "inventory_turnover_ratio": 1.26,
            "account_receivable_turnover_ratio": 1.61,
            "reinvestment_rate": 622.6,
            "research_to_sale_ratio": null,
            "price_fair": 73.05,
            "eps_avg_yearly": 2.09,
            "eps_latest_yearly": 2,
            "eps_growth_yearly": 107.35
        },
        "20101": {
            "year_quarter": 20101,
            "year": 2010,
            "quarter": 1,
            "eps": 0.09,
            "eps_growth_year": null,
            "eps_4q": -0.46,
            "eps_4q_growth_year": null,
            "roe": 0.78,
            "roe_4q": -3.8,
            "gross_profit": 142024,
            "gross_margin": 20.96,
            "gross_margin_4q_avg": 14.53,
            "net_income": 22119,
            "net_income_4q": null,
            "revenue": 677569,
            "revenue_4q": null,
            "common_shares": 2493187,
            "book_valuer_per_share": 12.09,
            "book_valuer_per_share_4q_avg": 11.81,
            "equity": 2874825,
            "current_ratio": 84.93,
            "debt_ratio": 74.45,
            "inventory_turnover_ratio": 1.37,
            "account_receivable_turnover_ratio": 0.94,
            "reinvestment_rate": 736.49,
            "research_to_sale_ratio": 0.75,
            "price_fair": 71.68,
            "eps_avg_yearly": 2.05,
            "eps_latest_yearly": 2,
            "eps_growth_yearly": 116.05
        },
        "20102": {
            "year_quarter": 20102,
            "year": 2010,
            "quarter": 2,
            "eps": 1,
            "eps_growth_year": null,
            "eps_4q": 0.93,
            "eps_4q_growth_year": null,
            "roe": 7.96,
            "roe_4q": 7.33,
            "gross_profit": 350740,
            "gross_margin": 39.35,
            "gross_margin_4q_avg": 22.29,
            "net_income": 249091,
            "net_income_4q": null,
            "revenue": 891293,
            "revenue_4q": null,
            "common_shares": 2568164,
            "book_valuer_per_share": 13.53,
            "book_valuer_per_share_4q_avg": 12.29,
            "equity": 3385188,
            "current_ratio": 81.01,
            "debt_ratio": 70.97,
            "inventory_turnover_ratio": 1.38,
            "account_receivable_turnover_ratio": 1.06,
            "reinvestment_rate": 719.04,
            "research_to_sale_ratio": 0.52,
            "price_fair": 75.32,
            "eps_avg_yearly": 2.15,
            "eps_latest_yearly": 4,
            "eps_growth_yearly": 512.75
        },
        "20103": {
            "year_quarter": 20103,
            "year": 2010,
            "quarter": 3,
            "eps": 1.16,
            "eps_growth_year": 2804.04,
            "eps_4q": 2.03,
            "eps_4q_growth_year": null,
            "roe": 8.18,
            "roe_4q": 15.190000000000001,
            "gross_profit": 507065,
            "gross_margin": 41.9,
            "gross_margin_4q_avg": 28.16,
            "net_income": 297082,
            "net_income_4q": null,
            "revenue": 1210069,
            "revenue_4q": null,
            "common_shares": 2575515,
            "book_valuer_per_share": 15.16,
            "book_valuer_per_share_4q_avg": 13.16,
            "equity": 3877665,
            "current_ratio": 91.44,
            "debt_ratio": 68.74,
            "inventory_turnover_ratio": 1.5,
            "account_receivable_turnover_ratio": 1.19,
            "reinvestment_rate": 668.51,
            "research_to_sale_ratio": 0.42,
            "price_fair": 80.08,
            "eps_avg_yearly": 2.29,
            "eps_latest_yearly": 4.64,
            "eps_growth_yearly": 514.83
        },
        "20104": {
            "year_quarter": 20104,
            "year": 2010,
            "quarter": 4,
            "eps": 0.05,
            "eps_growth_year": null,
            "eps_4q": 2.26,
            "eps_4q_growth_year": null,
            "roe": 0.33,
            "roe_4q": 17.25,
            "gross_profit": 248161,
            "gross_margin": 25.39,
            "gross_margin_4q_avg": 31.9,
            "net_income": 12863,
            "net_income_4q": null,
            "revenue": 977221,
            "revenue_4q": null,
            "common_shares": 2575971,
            "book_valuer_per_share": 15.17,
            "book_valuer_per_share_4q_avg": 13.99,
            "equity": 3906958,
            "current_ratio": 102.43,
            "debt_ratio": 68.51,
            "inventory_turnover_ratio": 1.28,
            "account_receivable_turnover_ratio": 0.99,
            "reinvestment_rate": 792.37,
            "research_to_sale_ratio": 0.53,
            "price_fair": 68.6,
            "eps_avg_yearly": 1.96,
            "eps_latest_yearly": 0.2,
            "eps_growth_yearly": 474.11
        },
        "20111": {
            "year_quarter": 20111,
            "year": 2011,
            "quarter": 1,
            "eps": 1,
            "eps_growth_year": 1011.11,
            "eps_4q": 2.91,
            "eps_4q_growth_year": null,
            "roe": 6.11,
            "roe_4q": 22.580000000000002,
            "gross_profit": 274471,
            "gross_margin": 25.79,
            "gross_margin_4q_avg": 33.11,
            "net_income": 267251,
            "net_income_4q": null,
            "revenue": 1064288,
            "revenue_4q": null,
            "common_shares": 2835971,
            "book_valuer_per_share": 17.07,
            "book_valuer_per_share_4q_avg": 15.23,
            "equity": 4841658,
            "current_ratio": 135.59,
            "debt_ratio": 61.58,
            "inventory_turnover_ratio": 1.25,
            "account_receivable_turnover_ratio": 1.16,
            "reinvestment_rate": 642.35,
            "research_to_sale_ratio": 0.39,
            "price_fair": 78.12,
            "eps_avg_yearly": 2.23,
            "eps_latest_yearly": 4,
            "eps_growth_yearly": 1259.4
        },
        "20112": {
            "year_quarter": 20112,
            "year": 2011,
            "quarter": 2,
            "eps": 0.53,
            "eps_growth_year": -46.5,
            "eps_4q": 2.54,
            "eps_4q_growth_year": 174.36,
            "roe": 3.19,
            "roe_4q": 17.810000000000002,
            "gross_profit": 345000,
            "gross_margin": 29.56,
            "gross_margin_4q_avg": 30.66,
            "net_income": 153066,
            "net_income_4q": null,
            "revenue": 1166975,
            "revenue_4q": null,
            "common_shares": 2835971,
            "book_valuer_per_share": 16.92,
            "book_valuer_per_share_4q_avg": 16.08,
            "equity": 4768057,
            "current_ratio": 112.5,
            "debt_ratio": 62.35,
            "inventory_turnover_ratio": 1.21,
            "account_receivable_turnover_ratio": 1.15,
            "reinvestment_rate": 597.27,
            "research_to_sale_ratio": 0.39,
            "price_fair": 78.68,
            "eps_avg_yearly": 2.25,
            "eps_latest_yearly": 2.12,
            "eps_growth_yearly": 1219.35
        },
        "20113": {
            "year_quarter": 20113,
            "year": 2011,
            "quarter": 3,
            "eps": 0.55,
            "eps_growth_year": -52.77,
            "eps_4q": 2.05,
            "eps_4q_growth_year": 0.7,
            "roe": 3.26,
            "roe_4q": 12.889999999999999,
            "gross_profit": 252689,
            "gross_margin": 21.94,
            "gross_margin_4q_avg": 25.67,
            "net_income": 158684,
            "net_income_4q": null,
            "revenue": 1151734,
            "revenue_4q": null,
            "common_shares": 2892330,
            "book_valuer_per_share": 17.17,
            "book_valuer_per_share_4q_avg": 16.58,
            "equity": 4967020,
            "current_ratio": 109.47,
            "debt_ratio": 61.84,
            "inventory_turnover_ratio": 1.28,
            "account_receivable_turnover_ratio": 1.3,
            "reinvestment_rate": 589.12,
            "research_to_sale_ratio": 0.45,
            "price_fair": 76.16,
            "eps_avg_yearly": 2.18,
            "eps_latest_yearly": 2.2,
            "eps_growth_yearly": 1201.27
        },
        "20114": {
            "year_quarter": 20114,
            "year": 2011,
            "quarter": 4,
            "eps": -0.32,
            "eps_growth_year": -739.85,
            "eps_4q": 1.67,
            "eps_4q_growth_year": -25.84,
            "roe": -1.88,
            "roe_4q": 10.68,
            "gross_profit": 189925,
            "gross_margin": 20.54,
            "gross_margin_4q_avg": 24.46,
            "net_income": -92845,
            "net_income_4q": null,
            "revenue": 924490,
            "revenue_4q": null,
            "common_shares": 2892330,
            "book_valuer_per_share": 16.9,
            "book_valuer_per_share_4q_avg": 17.02,
            "equity": 4889064,
            "current_ratio": 117.24,
            "debt_ratio": 62.98,
            "inventory_turnover_ratio": 0.9,
            "account_receivable_turnover_ratio": 1.16,
            "reinvestment_rate": 629.93,
            "research_to_sale_ratio": 0.41,
            "price_fair": 79.02,
            "eps_avg_yearly": 2.26,
            "eps_latest_yearly": 2.2,
            "eps_growth_yearly": 1357.27
        },
        "20121": {
            "year_quarter": 20121,
            "year": 2012,
            "quarter": 1,
            "eps": 0.37,
            "eps_growth_year": -63,
            "eps_4q": 1.1,
            "eps_4q_growth_year": -62.16,
            "roe": 2.15,
            "roe_4q": 6.72,
            "gross_profit": 241249,
            "gross_margin": 19.72,
            "gross_margin_4q_avg": 22.94,
            "net_income": 108190,
            "net_income_4q": null,
            "revenue": 1223684,
            "revenue_4q": null,
            "common_shares": 2905844,
            "book_valuer_per_share": 17.77,
            "book_valuer_per_share_4q_avg": 17.19,
            "equity": 5164898,
            "current_ratio": 153.64,
            "debt_ratio": 62.27,
            "inventory_turnover_ratio": 1.15,
            "account_receivable_turnover_ratio": 1.27,
            "reinvestment_rate": 542.84,
            "research_to_sale_ratio": 0.36,
            "price_fair": 85.75,
            "eps_avg_yearly": 2.45,
            "eps_latest_yearly": 2.2,
            "eps_growth_yearly": 1551.93
        },
        "20122": {
            "year_quarter": 20122,
            "year": 2012,
            "quarter": 2,
            "eps": 0.24,
            "eps_growth_year": -55.79,
            "eps_4q": 0.77,
            "eps_4q_growth_year": -69.8,
            "roe": 1.42,
            "roe_4q": 4.949999999999999,
            "gross_profit": 255397,
            "gross_margin": 23.38,
            "gross_margin_4q_avg": 21.4,
            "net_income": 77057,
            "net_income_4q": null,
            "revenue": 1092194,
            "revenue_4q": null,
            "common_shares": 2966654,
            "book_valuer_per_share": 19.28,
            "book_valuer_per_share_4q_avg": 17.78,
            "equity": 5719863,
            "current_ratio": 138.51,
            "debt_ratio": 58.24,
            "inventory_turnover_ratio": 1,
            "account_receivable_turnover_ratio": 0.98,
            "reinvestment_rate": 435,
            "research_to_sale_ratio": 0.41,
            "price_fair": 88.03,
            "eps_avg_yearly": 2.52,
            "eps_latest_yearly": 0.96,
            "eps_growth_yearly": 1553.8
        },
        "20123": {
            "year_quarter": 20123,
            "year": 2012,
            "quarter": 3,
            "eps": 0.03,
            "eps_growth_year": -95.4,
            "eps_4q": 0.31,
            "eps_4q_growth_year": -84.97,
            "roe": 0.14,
            "roe_4q": 1.83,
            "gross_profit": 205515,
            "gross_margin": 17.72,
            "gross_margin_4q_avg": 20.34,
            "net_income": 8259,
            "net_income_4q": null,
            "revenue": 1160001,
            "revenue_4q": null,
            "common_shares": 3272888,
            "book_valuer_per_share": 17.48,
            "book_valuer_per_share_4q_avg": 17.86,
            "equity": 5722258,
            "current_ratio": 86.98,
            "debt_ratio": 58.61,
            "inventory_turnover_ratio": 1.1,
            "account_receivable_turnover_ratio": 1.04,
            "reinvestment_rate": 468.87,
            "research_to_sale_ratio": 0.37,
            "price_fair": 79.8,
            "eps_avg_yearly": 2.28,
            "eps_latest_yearly": 0.12,
            "eps_growth_yearly": 1332.78
        },
        "20124": {
            "year_quarter": 20124,
            "year": 2012,
            "quarter": 4,
            "eps": -1.05,
            "eps_growth_year": null,
            "eps_4q": -0.46,
            "eps_4q_growth_year": -127.34,
            "roe": -6.18,
            "roe_4q": -2.47,
            "gross_profit": 21927,
            "gross_margin": 2.72,
            "gross_margin_4q_avg": 15.89,
            "net_income": -343190,
            "net_income_4q": null,
            "revenue": 807187,
            "revenue_4q": null,
            "common_shares": 3272888,
            "book_valuer_per_share": 16.43,
            "book_valuer_per_share_4q_avg": 17.74,
            "equity": 5376892,
            "current_ratio": 107.55,
            "debt_ratio": 62.64,
            "inventory_turnover_ratio": 0.92,
            "account_receivable_turnover_ratio": 0.8,
            "reinvestment_rate": 749.27,
            "research_to_sale_ratio": 0.6,
            "price_fair": 79.8,
            "eps_avg_yearly": 2.28,
            "eps_latest_yearly": 0.12,
            "eps_growth_yearly": 1332.78
        },
        "20131": {
            "year_quarter": 20131,
            "year": 2013,
            "quarter": 1,
            "eps": 0.2,
            "eps_growth_year": -45.95,
            "eps_4q": -0.54,
            "eps_4q_growth_year": -149.2,
            "roe": 1.21,
            "roe_4q": -3.41,
            "gross_profit": 135315,
            "gross_margin": 12.23,
            "gross_margin_4q_avg": 14.01,
            "net_income": 66779,
            "net_income_4q": null,
            "revenue": 1106251,
            "revenue_4q": null,
            "common_shares": 3522888,
            "book_valuer_per_share": 16.02,
            "book_valuer_per_share_4q_avg": 17.3,
            "equity": 5643629,
            "current_ratio": 73.53,
            "debt_ratio": 58.84,
            "inventory_turnover_ratio": 1.24,
            "account_receivable_turnover_ratio": 1.18,
            "reinvestment_rate": 544.16,
            "research_to_sale_ratio": 0.44,
            "price_fair": 79.8,
            "eps_avg_yearly": 2.28,
            "eps_latest_yearly": 0.12,
            "eps_growth_yearly": 1332.78
        },
        "20132": {
            "year_quarter": 20132,
            "year": 2013,
            "quarter": 2,
            "eps": 0.1,
            "eps_growth_year": -57.53,
            "eps_4q": -0.66,
            "eps_4q_growth_year": -186.54,
            "roe": 0.6,
            "roe_4q": -4.2299999999999995,
            "gross_profit": 164218,
            "gross_margin": 16.61,
            "gross_margin_4q_avg": 12.32,
            "net_income": 34268,
            "net_income_4q": null,
            "revenue": 988579,
            "revenue_4q": null,
            "common_shares": 3522888,
            "book_valuer_per_share": 16.17,
            "book_valuer_per_share_4q_avg": 16.53,
            "equity": 5696334,
            "current_ratio": 79.02,
            "debt_ratio": 59.21,
            "inventory_turnover_ratio": 1.08,
            "account_receivable_turnover_ratio": 1.16,
            "reinvestment_rate": 469.92,
            "research_to_sale_ratio": 0.45,
            "price_fair": 72.49,
            "eps_avg_yearly": 2.07,
            "eps_latest_yearly": 0.4,
            "eps_growth_yearly": 1162.47
        },
        "20133": {
            "year_quarter": 20133,
            "year": 2013,
            "quarter": 3,
            "eps": -0.05,
            "eps_growth_year": -298.14,
            "eps_4q": -0.64,
            "eps_4q_growth_year": -307.75,
            "roe": -0.31,
            "roe_4q": -4.68,
            "gross_profit": 164961,
            "gross_margin": 15.17,
            "gross_margin_4q_avg": 11.68,
            "net_income": -19277,
            "net_income_4q": null,
            "revenue": 1087445,
            "revenue_4q": null,
            "common_shares": 4091381,
            "book_valuer_per_share": 16.03,
            "book_valuer_per_share_4q_avg": 16.16,
            "equity": 6558529,
            "current_ratio": 106.65,
            "debt_ratio": 49.9,
            "inventory_turnover_ratio": 1.16,
            "account_receivable_turnover_ratio": 1.59,
            "reinvestment_rate": 250.13,
            "research_to_sale_ratio": 0.49,
            "price_fair": 72.49,
            "eps_avg_yearly": 2.07,
            "eps_latest_yearly": 0.4,
            "eps_growth_yearly": 1162.47
        },
        "20134": {
            "year_quarter": 20134,
            "year": 2013,
            "quarter": 4,
            "eps": -0.13,
            "eps_growth_year": null,
            "eps_4q": 0.07,
            "eps_4q_growth_year": null,
            "roe": -0.82,
            "roe_4q": 0.68,
            "gross_profit": 84586,
            "gross_margin": 9.12,
            "gross_margin_4q_avg": 13.28,
            "net_income": -53199,
            "net_income_4q": null,
            "revenue": 927588,
            "revenue_4q": null,
            "common_shares": 4091381,
            "book_valuer_per_share": 15.92,
            "book_valuer_per_share_4q_avg": 16.04,
            "equity": 6486574,
            "current_ratio": 265.53,
            "debt_ratio": 50.26,
            "inventory_turnover_ratio": 1.04,
            "account_receivable_turnover_ratio": 1.42,
            "reinvestment_rate": 116.65,
            "research_to_sale_ratio": 0.49,
            "price_fair": 72.49,
            "eps_avg_yearly": 2.07,
            "eps_latest_yearly": 0.4,
            "eps_growth_yearly": 1162.47
        },
        "20141": {
            "year_quarter": 20141,
            "year": 2014,
            "quarter": 1,
            "eps": -0.08,
            "eps_growth_year": -140,
            "eps_4q": -0.18,
            "eps_4q_growth_year": null,
            "roe": -0.51,
            "roe_4q": -1.04,
            "gross_profit": 91823,
            "gross_margin": 8.58,
            "gross_margin_4q_avg": 12.37,
            "net_income": -33166,
            "net_income_4q": null,
            "revenue": 1070291,
            "revenue_4q": null,
            "common_shares": 4061231,
            "book_valuer_per_share": 15.89,
            "book_valuer_per_share_4q_avg": 16,
            "equity": 6451495,
            "current_ratio": 223.35,
            "debt_ratio": 50.26,
            "inventory_turnover_ratio": 1.28,
            "account_receivable_turnover_ratio": 1.65,
            "reinvestment_rate": 61.07,
            "research_to_sale_ratio": 0.45,
            "price_fair": 72.49,
            "eps_avg_yearly": 2.07,
            "eps_latest_yearly": 0.4,
            "eps_growth_yearly": 1162.47
        },
        "20142": {
            "year_quarter": 20142,
            "year": 2014,
            "quarter": 2,
            "eps": -0.01,
            "eps_growth_year": -110,
            "eps_4q": -0.28,
            "eps_4q_growth_year": null,
            "roe": -0.1,
            "roe_4q": -1.74,
            "gross_profit": 164340,
            "gross_margin": 14.18,
            "gross_margin_4q_avg": 11.76,
            "net_income": -6385,
            "net_income_4q": null,
            "revenue": 1158793,
            "revenue_4q": null,
            "common_shares": 4061231,
            "book_valuer_per_share": 15.66,
            "book_valuer_per_share_4q_avg": 15.88,
            "equity": 6358052,
            "current_ratio": 157.13,
            "debt_ratio": 48.98,
            "inventory_turnover_ratio": 1.41,
            "account_receivable_turnover_ratio": 1.75,
            "reinvestment_rate": -6.39,
            "research_to_sale_ratio": 0.38,
            "price_fair": 64.05,
            "eps_avg_yearly": 1.83,
            "eps_latest_yearly": 0.4,
            "eps_growth_yearly": 802.22
        },
        "20143": {
            "year_quarter": 20143,
            "year": 2014,
            "quarter": 3,
            "eps": 0.04,
            "eps_growth_year": null,
            "eps_4q": -0.19,
            "eps_4q_growth_year": null,
            "roe": 0.24,
            "roe_4q": -1.19,
            "gross_profit": 197407,
            "gross_margin": 15.96,
            "gross_margin_4q_avg": 11.96,
            "net_income": 15469,
            "net_income_4q": null,
            "revenue": 1236659,
            "revenue_4q": null,
            "common_shares": 4062484,
            "book_valuer_per_share": 15.7,
            "book_valuer_per_share_4q_avg": 15.79,
            "equity": 6341099,
            "current_ratio": 177.18,
            "debt_ratio": 47.9,
            "inventory_turnover_ratio": 1.51,
            "account_receivable_turnover_ratio": 1.8,
            "reinvestment_rate": -131.52,
            "research_to_sale_ratio": 0.42,
            "price_fair": 50,
            "eps_avg_yearly": 1.43,
            "eps_latest_yearly": 0.4,
            "eps_growth_yearly": 907.69
        },
        "20144": {
            "year_quarter": 20144,
            "year": 2014,
            "quarter": 4,
            "eps": 0.2,
            "eps_growth_year": null,
            "eps_4q": 0.13,
            "eps_4q_growth_year": 92.22,
            "roe": 1.22,
            "roe_4q": 0.8499999999999999,
            "gross_profit": 251946,
            "gross_margin": 21.26,
            "gross_margin_4q_avg": 15,
            "net_income": 77944,
            "net_income_4q": null,
            "revenue": 1185058,
            "revenue_4q": null,
            "common_shares": 4062484,
            "book_valuer_per_share": 16,
            "book_valuer_per_share_4q_avg": 15.81,
            "equity": 6392741,
            "current_ratio": 158.95,
            "debt_ratio": 47.42,
            "inventory_turnover_ratio": 1.28,
            "account_receivable_turnover_ratio": 1.64,
            "reinvestment_rate": -130.78,
            "research_to_sale_ratio": 0.49,
            "price_fair": 53,
            "eps_avg_yearly": 1.51,
            "eps_latest_yearly": 0.8,
            "eps_growth_yearly": 1190.94
        },
        "20151": {
            "year_quarter": 20151,
            "year": 2015,
            "quarter": 1,
            "eps": 0.19,
            "eps_growth_year": null,
            "eps_4q": 0.41,
            "eps_4q_growth_year": null,
            "roe": 1.2,
            "roe_4q": 2.56,
            "gross_profit": 291247,
            "gross_margin": 23.54,
            "gross_margin_4q_avg": 18.74,
            "net_income": 77301,
            "net_income_4q": null,
            "revenue": 1237060,
            "revenue_4q": null,
            "common_shares": 4096873,
            "book_valuer_per_share": 16.14,
            "book_valuer_per_share_4q_avg": 15.88,
            "equity": 6529964,
            "current_ratio": 218.12,
            "debt_ratio": 46.88,
            "inventory_turnover_ratio": 1.23,
            "account_receivable_turnover_ratio": 1.51,
            "reinvestment_rate": -260.8,
            "research_to_sale_ratio": 0.42,
            "price_fair": 36.8,
            "eps_avg_yearly": 1.05,
            "eps_latest_yearly": 0.76,
            "eps_growth_yearly": 102.36
        },
        "20152": {
            "year_quarter": 20152,
            "year": 2015,
            "quarter": 2,
            "eps": 0.18,
            "eps_growth_year": null,
            "eps_4q": 0.6,
            "eps_4q_growth_year": null,
            "roe": 1.13,
            "roe_4q": 3.79,
            "gross_profit": 303617,
            "gross_margin": 23.72,
            "gross_margin_4q_avg": 21.12,
            "net_income": 73793,
            "net_income_4q": null,
            "revenue": 1280012,
            "revenue_4q": null,
            "common_shares": 4175573,
            "book_valuer_per_share": 15.98,
            "book_valuer_per_share_4q_avg": 15.96,
            "equity": 6562276,
            "current_ratio": 172.46,
            "debt_ratio": 47.58,
            "inventory_turnover_ratio": 1.32,
            "account_receivable_turnover_ratio": 1.38,
            "reinvestment_rate": -447.04,
            "research_to_sale_ratio": 0.39,
            "price_fair": 29.8,
            "eps_avg_yearly": 0.85,
            "eps_latest_yearly": 0.72,
            "eps_growth_yearly": 126.21
        },
        "20153": {
            "year_quarter": 20153,
            "year": 2015,
            "quarter": 3,
            "eps": 0.35,
            "eps_growth_year": 775,
            "eps_4q": 0.93,
            "eps_4q_growth_year": null,
            "roe": 2.19,
            "roe_4q": 5.739999999999999,
            "gross_profit": 268724,
            "gross_margin": 22.85,
            "gross_margin_4q_avg": 22.84,
            "net_income": 143880,
            "net_income_4q": null,
            "revenue": 1176202,
            "revenue_4q": null,
            "common_shares": 4175573,
            "book_valuer_per_share": 16.39,
            "book_valuer_per_share_4q_avg": 16.13,
            "equity": 6603833,
            "current_ratio": 155.39,
            "debt_ratio": 47.89,
            "inventory_turnover_ratio": 1.23,
            "account_receivable_turnover_ratio": 1.15,
            "reinvestment_rate": -763.61,
            "research_to_sale_ratio": 0.46,
            "price_fair": 25.8,
            "eps_avg_yearly": 0.74,
            "eps_latest_yearly": 1.4,
            "eps_growth_yearly": 178.03
        },
        "20154": {
            "year_quarter": 20154,
            "year": 2015,
            "quarter": 4,
            "eps": 0.31,
            "eps_growth_year": 60.18,
            "eps_4q": 1.05,
            "eps_4q_growth_year": 676.63,
            "roe": 1.88,
            "roe_4q": 6.4,
            "gross_profit": 298851,
            "gross_margin": 26.9,
            "gross_margin_4q_avg": 24.25,
            "net_income": 125499,
            "net_income_4q": null,
            "revenue": 1110789,
            "revenue_4q": null,
            "common_shares": 4115573,
            "book_valuer_per_share": 16.75,
            "book_valuer_per_share_4q_avg": 16.32,
            "equity": 6726155,
            "current_ratio": 169.17,
            "debt_ratio": 43.83,
            "inventory_turnover_ratio": 1.02,
            "account_receivable_turnover_ratio": 1.16,
            "reinvestment_rate": -347.85,
            "research_to_sale_ratio": 0.48,
            "price_fair": 28,
            "eps_avg_yearly": 0.8,
            "eps_latest_yearly": 1.24,
            "eps_growth_yearly": 150.06
        },
        "20161": {
            "year_quarter": 20161,
            "year": 2016,
            "quarter": 1,
            "eps": 0.27,
            "eps_growth_year": 42.11,
            "eps_4q": 1.12,
            "eps_4q_growth_year": 175.88,
            "roe": 1.58,
            "roe_4q": 6.78,
            "gross_profit": 296263,
            "gross_margin": 24.93,
            "gross_margin_4q_avg": 24.6,
            "net_income": 106677,
            "net_income_4q": null,
            "revenue": 1188537,
            "revenue_4q": null,
            "common_shares": 4115573,
            "book_valuer_per_share": 16.97,
            "book_valuer_per_share_4q_avg": 16.52,
            "equity": 6815417,
            "current_ratio": 153.73,
            "debt_ratio": 44.9,
            "inventory_turnover_ratio": 1.11,
            "account_receivable_turnover_ratio": 1.41,
            "reinvestment_rate": -364.69,
            "research_to_sale_ratio": 0.39,
            "price_fair": 29.09,
            "eps_avg_yearly": 0.83,
            "eps_latest_yearly": 1.08,
            "eps_growth_yearly": 127.65
        },
        "20162": {
            "year_quarter": 20162,
            "year": 2016,
            "quarter": 2,
            "eps": 0.13,
            "eps_growth_year": -27.78,
            "eps_4q": 1.07,
            "eps_4q_growth_year": 79.43,
            "roe": 0.78,
            "roe_4q": 6.43,
            "gross_profit": 231741,
            "gross_margin": 20.29,
            "gross_margin_4q_avg": 23.74,
            "net_income": 52923,
            "net_income_4q": null,
            "revenue": 1142290,
            "revenue_4q": null,
            "common_shares": 4115573,
            "book_valuer_per_share": 16.67,
            "book_valuer_per_share_4q_avg": 16.7,
            "equity": 6692591,
            "current_ratio": 140.57,
            "debt_ratio": 47.25,
            "inventory_turnover_ratio": 1.24,
            "account_receivable_turnover_ratio": 1.34,
            "reinvestment_rate": -397.4,
            "research_to_sale_ratio": 0.49,
            "price_fair": 27.38,
            "eps_avg_yearly": 0.78,
            "eps_latest_yearly": 0.52,
            "eps_growth_yearly": 120.22
        },
        "20163": {
            "year_quarter": 20163,
            "year": 2016,
            "quarter": 3,
            "eps": 0.33,
            "eps_growth_year": -5.71,
            "eps_4q": 1.04,
            "eps_4q_growth_year": 11.88,
            "roe": 1.97,
            "roe_4q": 6.21,
            "gross_profit": 343060,
            "gross_margin": 26.02,
            "gross_margin_4q_avg": 24.54,
            "net_income": 133360,
            "net_income_4q": null,
            "revenue": 1318325,
            "revenue_4q": null,
            "common_shares": 4140881,
            "book_valuer_per_share": 16.92,
            "book_valuer_per_share_4q_avg": 16.83,
            "equity": 6839174,
            "current_ratio": 159.89,
            "debt_ratio": 46.24,
            "inventory_turnover_ratio": 1.5,
            "account_receivable_turnover_ratio": 1.45,
            "reinvestment_rate": -323.9,
            "research_to_sale_ratio": 0.49,
            "price_fair": 32.04,
            "eps_avg_yearly": 0.92,
            "eps_latest_yearly": 1.32,
            "eps_growth_yearly": 227.49
        },
        "20164": {
            "year_quarter": 20164,
            "year": 2016,
            "quarter": 4,
            "eps": 0.36,
            "eps_growth_year": 14.53,
            "eps_4q": 1.09,
            "eps_4q_growth_year": 4.29,
            "roe": 2.08,
            "roe_4q": 6.41,
            "gross_profit": 286299,
            "gross_margin": 24.91,
            "gross_margin_4q_avg": 24.04,
            "net_income": 142847,
            "net_income_4q": null,
            "revenue": 1149174,
            "revenue_4q": null,
            "common_shares": 4140881,
            "book_valuer_per_share": 17.27,
            "book_valuer_per_share_4q_avg": 16.96,
            "equity": 6894111,
            "current_ratio": 165.61,
            "debt_ratio": 44.27,
            "inventory_turnover_ratio": 1.42,
            "account_receivable_turnover_ratio": 1.17,
            "reinvestment_rate": -190.9,
            "research_to_sale_ratio": 0.45,
            "price_fair": 33.88,
            "eps_avg_yearly": 0.97,
            "eps_latest_yearly": 1.44,
            "eps_growth_yearly": 208.37
        },
        "20171": {
            "year_quarter": 20171,
            "year": 2017,
            "quarter": 1,
            "eps": 0.25,
            "eps_growth_year": -7.41,
            "eps_4q": 1.03,
            "eps_4q_growth_year": -8.38,
            "roe": 1.47,
            "roe_4q": 6.3,
            "gross_profit": 337017,
            "gross_margin": 27.51,
            "gross_margin_4q_avg": 24.68,
            "net_income": 104153,
            "net_income_4q": null,
            "revenue": 1225272,
            "revenue_4q": null,
            "common_shares": 4371283,
            "book_valuer_per_share": 17.19,
            "book_valuer_per_share_4q_avg": 17.01,
            "equity": 7254774,
            "current_ratio": 209.48,
            "debt_ratio": 43.47,
            "inventory_turnover_ratio": 1.47,
            "account_receivable_turnover_ratio": 1.22,
            "reinvestment_rate": -184.68,
            "research_to_sale_ratio": 0.47,
            "price_fair": 33.98,
            "eps_avg_yearly": 0.97,
            "eps_latest_yearly": 1,
            "eps_growth_yearly": 178.32
        },
        "20172": {
            "year_quarter": 20172,
            "year": 2017,
            "quarter": 2,
            "eps": 0.42,
            "eps_growth_year": 223.08,
            "eps_4q": 1.32,
            "eps_4q_growth_year": 23.96,
            "roe": 2.47,
            "roe_4q": 7.99,
            "gross_profit": 357580,
            "gross_margin": 29.59,
            "gross_margin_4q_avg": 27.01,
            "net_income": 178809,
            "net_income_4q": null,
            "revenue": 1208606,
            "revenue_4q": null,
            "common_shares": 4372597,
            "book_valuer_per_share": 17.12,
            "book_valuer_per_share_4q_avg": 17.13,
            "equity": 7228275,
            "current_ratio": 186.87,
            "debt_ratio": 43.87,
            "inventory_turnover_ratio": 1.36,
            "account_receivable_turnover_ratio": 1.3,
            "reinvestment_rate": -173.39,
            "research_to_sale_ratio": 0.48,
            "price_fair": 38.05,
            "eps_avg_yearly": 1.09,
            "eps_latest_yearly": 1.68,
            "eps_growth_yearly": 221.23
        },
        "20173": {
            "year_quarter": 20173,
            "year": 2017,
            "quarter": 3,
            "eps": 0.48,
            "eps_growth_year": 45.45,
            "eps_4q": 1.49,
            "eps_4q_growth_year": 43.65,
            "roe": 2.78,
            "roe_4q": 8.8,
            "gross_profit": 425405,
            "gross_margin": 32.11,
            "gross_margin_4q_avg": 28.53,
            "net_income": 204320,
            "net_income_4q": null,
            "revenue": 1324725,
            "revenue_4q": null,
            "common_shares": 4385800,
            "book_valuer_per_share": 17.63,
            "book_valuer_per_share_4q_avg": 17.3,
            "equity": 7466277,
            "current_ratio": 215.85,
            "debt_ratio": 42.15,
            "inventory_turnover_ratio": 1.35,
            "account_receivable_turnover_ratio": 1.46,
            "reinvestment_rate": -118.1,
            "research_to_sale_ratio": 0.45,
            "price_fair": 40.48,
            "eps_avg_yearly": 1.16,
            "eps_latest_yearly": 1.92,
            "eps_growth_yearly": 207.55
        },
        "20174": {
            "year_quarter": 20174,
            "year": 2017,
            "quarter": 4,
            "eps": -0,
            "eps_growth_year": -100.53,
            "eps_4q": 1.15,
            "eps_4q_growth_year": 5.32,
            "roe": -0.01,
            "roe_4q": 6.71,
            "gross_profit": 167565,
            "gross_margin": 15.9,
            "gross_margin_4q_avg": 26.28,
            "net_income": -796,
            "net_income_4q": null,
            "revenue": 1053598,
            "revenue_4q": null,
            "common_shares": 4337588,
            "book_valuer_per_share": 17.79,
            "book_valuer_per_share_4q_avg": 17.43,
            "equity": 7524796,
            "current_ratio": 226.47,
            "debt_ratio": 43.7,
            "inventory_turnover_ratio": 1.45,
            "account_receivable_turnover_ratio": 1.16,
            "reinvestment_rate": -71.92,
            "research_to_sale_ratio": 0.65,
            "price_fair": 40.48,
            "eps_avg_yearly": 1.16,
            "eps_latest_yearly": 1.92,
            "eps_growth_yearly": 207.55
        },
        "20181": {
            "year_quarter": 20181,
            "year": 2018,
            "quarter": 1,
            "eps": 0.34,
            "eps_growth_year": 36,
            "eps_4q": 1.27,
            "eps_4q_growth_year": 23.26,
            "roe": 1.88,
            "roe_4q": 7.119999999999999,
            "gross_profit": 322084,
            "gross_margin": 27.82,
            "gross_margin_4q_avg": 26.36,
            "net_income": 141193,
            "net_income_4q": null,
            "revenue": 1157824,
            "revenue_4q": null,
            "common_shares": 4237844,
            "book_valuer_per_share": 18.02,
            "book_valuer_per_share_4q_avg": 17.64,
            "equity": 7456042,
            "current_ratio": 200.68,
            "debt_ratio": 45.34,
            "inventory_turnover_ratio": 1.42,
            "account_receivable_turnover_ratio": 1.28,
            "reinvestment_rate": -51.94,
            "research_to_sale_ratio": 0.6,
            "price_fair": 40.48,
            "eps_avg_yearly": 1.16,
            "eps_latest_yearly": 1.92,
            "eps_growth_yearly": 207.55
        },
        "20182": {
            "year_quarter": 20182,
            "year": 2018,
            "quarter": 2,
            "eps": 0.26,
            "eps_growth_year": -38.1,
            "eps_4q": 1.08,
            "eps_4q_growth_year": -18.67,
            "roe": 1.51,
            "roe_4q": 6.16,
            "gross_profit": 340173,
            "gross_margin": 27.88,
            "gross_margin_4q_avg": 25.93,
            "net_income": 111697,
            "net_income_4q": null,
            "revenue": 1220184,
            "revenue_4q": null,
            "common_shares": 4337844,
            "book_valuer_per_share": 17.23,
            "book_valuer_per_share_4q_avg": 17.67,
            "equity": 7301214,
            "current_ratio": 171.11,
            "debt_ratio": 47.95,
            "inventory_turnover_ratio": 1.3,
            "account_receivable_turnover_ratio": 1.22,
            "reinvestment_rate": -40.9,
            "research_to_sale_ratio": 0.7,
            "price_fair": 40.17,
            "eps_avg_yearly": 1.15,
            "eps_latest_yearly": 1.04,
            "eps_growth_yearly": 184.35
        },
        "20183": {
            "year_quarter": 20183,
            "year": 2018,
            "quarter": 3,
            "eps": 0.3,
            "eps_growth_year": -37.5,
            "eps_4q": 0.9,
            "eps_4q_growth_year": -39.65,
            "roe": 1.74,
            "roe_4q": 5.12,
            "gross_profit": 409404,
            "gross_margin": 29.18,
            "gross_margin_4q_avg": 25.2,
            "net_income": 128371,
            "net_income_4q": null,
            "revenue": 1403030,
            "revenue_4q": null,
            "common_shares": 4337844,
            "book_valuer_per_share": 17.55,
            "book_valuer_per_share_4q_avg": 17.65,
            "equity": 7438606,
            "current_ratio": 192.94,
            "debt_ratio": 48.66,
            "inventory_turnover_ratio": 1.34,
            "account_receivable_turnover_ratio": 1.32,
            "reinvestment_rate": 2.19,
            "research_to_sale_ratio": 0.59,
            "price_fair": 40.3,
            "eps_avg_yearly": 1.15,
            "eps_latest_yearly": 1.2,
            "eps_growth_yearly": 175.58
        },
        "20184": {
            "year_quarter": 20184,
            "year": 2018,
            "quarter": 4,
            "eps": 0.07,
            "eps_growth_year": null,
            "eps_4q": 0.96,
            "eps_4q_growth_year": -16.1,
            "roe": 0.37,
            "roe_4q": 5.5,
            "gross_profit": 304641,
            "gross_margin": 23.97,
            "gross_margin_4q_avg": 27.21,
            "net_income": 27675,
            "net_income_4q": null,
            "revenue": 1270856,
            "revenue_4q": null,
            "common_shares": 4287844,
            "book_valuer_per_share": 17.36,
            "book_valuer_per_share_4q_avg": 17.54,
            "equity": 7356459,
            "current_ratio": 198.81,
            "debt_ratio": 49.15,
            "inventory_turnover_ratio": 1.17,
            "account_receivable_turnover_ratio": 1.21,
            "reinvestment_rate": 28.66,
            "research_to_sale_ratio": 0.75,
            "price_fair": 39,
            "eps_avg_yearly": 1.11,
            "eps_latest_yearly": 0.28,
            "eps_growth_yearly": 39.39
        },
        "20191": {
            "year_quarter": 20191,
            "year": 2019,
            "quarter": 1,
            "eps": 0.15,
            "eps_growth_year": -55.88,
            "eps_4q": 0.78,
            "eps_4q_growth_year": -38.42,
            "roe": 0.85,
            "roe_4q": 4.47,
            "gross_profit": 265335,
            "gross_margin": 23.18,
            "gross_margin_4q_avg": 26.05,
            "net_income": 62451,
            "net_income_4q": null,
            "revenue": 1144494,
            "revenue_4q": null,
            "common_shares": 4287844,
            "book_valuer_per_share": 17.51,
            "book_valuer_per_share_4q_avg": 17.41,
            "equity": 7419945,
            "current_ratio": 147.46,
            "debt_ratio": 50.46,
            "inventory_turnover_ratio": 0.87,
            "account_receivable_turnover_ratio": 1.17,
            "reinvestment_rate": 35.25,
            "research_to_sale_ratio": 0.78,
            "price_fair": 38.6,
            "eps_avg_yearly": 1.1,
            "eps_latest_yearly": 0.6,
            "eps_growth_yearly": 73.47
        },
        "20192": {
            "year_quarter": 20192,
            "year": 2019,
            "quarter": 2,
            "eps": -0.05,
            "eps_growth_year": -119.23,
            "eps_4q": 0.46,
            "eps_4q_growth_year": -57.44,
            "roe": -0.31,
            "roe_4q": 2.65,
            "gross_profit": 206645,
            "gross_margin": 16.87,
            "gross_margin_4q_avg": 23.3,
            "net_income": -22361,
            "net_income_4q": null,
            "revenue": 1224608,
            "revenue_4q": null,
            "common_shares": 4287094,
            "book_valuer_per_share": 16.9,
            "book_valuer_per_share_4q_avg": 17.33,
            "equity": 7162212,
            "current_ratio": 165.39,
            "debt_ratio": 52.16,
            "inventory_turnover_ratio": 0.86,
            "account_receivable_turnover_ratio": 1.34,
            "reinvestment_rate": 45.72,
            "research_to_sale_ratio": 0.63,
            "price_fair": 39.63,
            "eps_avg_yearly": 1.13,
            "eps_latest_yearly": 0.6,
            "eps_growth_yearly": 80.74
        },
        "20193": {
            "year_quarter": 20193,
            "year": 2019,
            "quarter": 3,
            "eps": -0.22,
            "eps_growth_year": -173.33,
            "eps_4q": -0.06,
            "eps_4q_growth_year": -106.59,
            "roe": -1.31,
            "roe_4q": -0.40000000000000013,
            "gross_profit": 178430,
            "gross_margin": 15.73,
            "gross_margin_4q_avg": 19.94,
            "net_income": -93086,
            "net_income_4q": null,
            "revenue": 1134681,
            "revenue_4q": null,
            "common_shares": 4329465,
            "book_valuer_per_share": 16.42,
            "book_valuer_per_share_4q_avg": 17.05,
            "equity": 7028712,
            "current_ratio": 188.46,
            "debt_ratio": 53.65,
            "inventory_turnover_ratio": 0.73,
            "account_receivable_turnover_ratio": 1.21,
            "reinvestment_rate": 51.14,
            "research_to_sale_ratio": 0.7,
            "price_fair": 38.85,
            "eps_avg_yearly": 1.11,
            "eps_latest_yearly": 0.6,
            "eps_growth_yearly": 55.99
        },
        "20194": {
            "year_quarter": 20194,
            "year": 2019,
            "quarter": 4,
            "eps": -0.11,
            "eps_growth_year": -268.42,
            "eps_4q": -0.23,
            "eps_4q_growth_year": -124.27,
            "roe": -0.67,
            "roe_4q": -1.44,
            "gross_profit": 93751,
            "gross_margin": 9.6,
            "gross_margin_4q_avg": 16.35,
            "net_income": -46909,
            "net_income_4q": null,
            "revenue": 976270,
            "revenue_4q": null,
            "common_shares": 4279465,
            "book_valuer_per_share": 16.37,
            "book_valuer_per_share_4q_avg": 16.8,
            "equity": 6983692,
            "current_ratio": 243.19,
            "debt_ratio": 54.61,
            "inventory_turnover_ratio": 0.63,
            "account_receivable_turnover_ratio": 1.08,
            "reinvestment_rate": 82.58,
            "research_to_sale_ratio": 0.96,
            "price_fair": 38.44,
            "eps_avg_yearly": 1.1,
            "eps_latest_yearly": 0.6,
            "eps_growth_yearly": 65.23
        },
        "20201": {
            "year_quarter": 20201,
            "year": 2020,
            "quarter": 1,
            "eps": -0.38,
            "eps_growth_year": -353.33,
            "eps_4q": -0.76,
            "eps_4q_growth_year": -197.68,
            "roe": -2.32,
            "roe_4q": -4.609999999999999,
            "gross_profit": 28936,
            "gross_margin": 3.06,
            "gross_margin_4q_avg": 11.32,
            "net_income": -157840,
            "net_income_4q": null,
            "revenue": 945534,
            "revenue_4q": null,
            "common_shares": 4229465,
            "book_valuer_per_share": 15.8,
            "book_valuer_per_share_4q_avg": 16.37,
            "equity": 6646682,
            "current_ratio": 206.76,
            "debt_ratio": 54.68,
            "inventory_turnover_ratio": 0.66,
            "account_receivable_turnover_ratio": 1.08,
            "reinvestment_rate": 108.87,
            "research_to_sale_ratio": 0.92,
            "price_fair": 38.5,
            "eps_avg_yearly": 1.1,
            "eps_latest_yearly": 0.6,
            "eps_growth_yearly": 76.92
        },
        "20202": {
            "year_quarter": 20202,
            "year": 2020,
            "quarter": 2,
            "eps": -0.5,
            "eps_growth_year": null,
            "eps_4q": -1.21,
            "eps_4q_growth_year": -363.56,
            "roe": -3.09,
            "roe_4q": -7.390000000000001,
            "gross_profit": -58399,
            "gross_margin": -7.72,
            "gross_margin_4q_avg": 5.17,
            "net_income": -206964,
            "net_income_4q": null,
            "revenue": 756251,
            "revenue_4q": null,
            "common_shares": 4229465,
            "book_valuer_per_share": 16.1,
            "book_valuer_per_share_4q_avg": 16.17,
            "equity": 6729360,
            "current_ratio": 192.71,
            "debt_ratio": 54.92,
            "inventory_turnover_ratio": 0.6,
            "account_receivable_turnover_ratio": 0.91,
            "reinvestment_rate": 169.51,
            "research_to_sale_ratio": 1.13,
            "price_fair": 40.76,
            "eps_avg_yearly": 1.16,
            "eps_latest_yearly": 0.6,
            "eps_growth_yearly": 108.51
        },
        "20203": {
            "year_quarter": 20203,
            "year": 2020,
            "quarter": 3,
            "eps": -0.15,
            "eps_growth_year": null,
            "eps_4q": -1.13,
            "eps_4q_growth_year": null,
            "roe": -0.91,
            "roe_4q": -6.99,
            "gross_profit": -51488,
            "gross_margin": -7.23,
            "gross_margin_4q_avg": -0.57,
            "net_income": -60766,
            "net_income_4q": null,
            "revenue": 712415,
            "revenue_4q": null,
            "common_shares": 4178965,
            "book_valuer_per_share": 15.98,
            "book_valuer_per_share_4q_avg": 16.06,
            "equity": 6677143,
            "current_ratio": 142.2,
            "debt_ratio": 54.35,
            "inventory_turnover_ratio": 0.55,
            "account_receivable_turnover_ratio": 0.99,
            "reinvestment_rate": 235.92,
            "research_to_sale_ratio": 1.2,
            "price_fair": 40.08,
            "eps_avg_yearly": 1.15,
            "eps_latest_yearly": 0.6,
            "eps_growth_yearly": 45.15
        },
        "20204": {
            "year_quarter": 20204,
            "year": 2020,
            "quarter": 4,
            "eps": -0.13,
            "eps_growth_year": null,
            "eps_4q": -1.15,
            "eps_4q_growth_year": null,
            "roe": -0.8,
            "roe_4q": -7.119999999999999,
            "gross_profit": -16618,
            "gross_margin": -1.64,
            "gross_margin_4q_avg": -3.38,
            "net_income": -53504,
            "net_income_4q": null,
            "revenue": 1013745,
            "revenue_4q": null,
            "common_shares": 4178965,
            "book_valuer_per_share": 15.84,
            "book_valuer_per_share_4q_avg": 15.93,
            "equity": 6619089,
            "current_ratio": 136.99,
            "debt_ratio": 54.2,
            "inventory_turnover_ratio": 0.84,
            "account_receivable_turnover_ratio": 1.24,
            "reinvestment_rate": 389.97,
            "research_to_sale_ratio": 1.16,
            "price_fair": 38.6,
            "eps_avg_yearly": 1.1,
            "eps_latest_yearly": 0.6,
            "eps_growth_yearly": 46.4
        },
        "20211": {
            "year_quarter": 20211,
            "year": 2021,
            "quarter": 1,
            "eps": 0.01,
            "eps_growth_year": null,
            "eps_4q": -0.75,
            "eps_4q_growth_year": null,
            "roe": 0.09,
            "roe_4q": -4.71,
            "gross_profit": 180559,
            "gross_margin": 14.95,
            "gross_margin_4q_avg": -0.41,
            "net_income": 6105,
            "net_income_4q": null,
            "revenue": 1207464,
            "revenue_4q": null,
            "common_shares": 4178965,
            "book_valuer_per_share": 16.02,
            "book_valuer_per_share_4q_avg": 15.99,
            "equity": 6694679,
            "current_ratio": 105.5,
            "debt_ratio": 53.41,
            "inventory_turnover_ratio": 1.04,
            "account_receivable_turnover_ratio": 1.17,
            "reinvestment_rate": 442.69,
            "research_to_sale_ratio": 0.91,
            "price_fair": 39.2,
            "eps_avg_yearly": 1.12,
            "eps_latest_yearly": 0.6,
            "eps_growth_yearly": 74.51
        },
        "20212": {
            "year_quarter": 20212,
            "year": 2021,
            "quarter": 2,
            "eps": 0.41,
            "eps_growth_year": null,
            "eps_4q": 0.14,
            "eps_4q_growth_year": null,
            "roe": 2.49,
            "roe_4q": 0.87,
            "gross_profit": 369614,
            "gross_margin": 26.79,
            "gross_margin_4q_avg": 8.22,
            "net_income": 168561,
            "net_income_4q": null,
            "revenue": 1379600,
            "revenue_4q": null,
            "common_shares": 4178965,
            "book_valuer_per_share": 16.37,
            "book_valuer_per_share_4q_avg": 16.05,
            "equity": 6840672,
            "current_ratio": 174.87,
            "debt_ratio": 52.84,
            "inventory_turnover_ratio": 1.18,
            "account_receivable_turnover_ratio": 1.11,
            "reinvestment_rate": 498.46,
            "research_to_sale_ratio": 1.32,
            "price_fair": 38.97,
            "eps_avg_yearly": 1.11,
            "eps_latest_yearly": 1.64,
            "eps_growth_yearly": 2695.84
        },
        "20213": {
            "year_quarter": 20213,
            "year": 2021,
            "quarter": 3,
            "eps": 0.61,
            "eps_growth_year": null,
            "eps_4q": 0.88,
            "eps_4q_growth_year": null,
            "roe": 3.66,
            "roe_4q": 5.44,
            "gross_profit": 470963,
            "gross_margin": 33.47,
            "gross_margin_4q_avg": 18.39,
            "net_income": 256700,
            "net_income_4q": null,
            "revenue": 1406966,
            "revenue_4q": null,
            "common_shares": 4284777,
            "book_valuer_per_share": 16.77,
            "book_valuer_per_share_4q_avg": 16.25,
            "equity": 7186442,
            "current_ratio": 184.81,
            "debt_ratio": 50.53,
            "inventory_turnover_ratio": 1.15,
            "account_receivable_turnover_ratio": 0.94,
            "reinvestment_rate": 262.01,
            "research_to_sale_ratio": 0.81,
            "price_fair": 42,
            "eps_avg_yearly": 1.2,
            "eps_latest_yearly": 2.44,
            "eps_growth_yearly": 2718.84
        },
        "20214": {
            "year_quarter": 20214,
            "year": 2021,
            "quarter": 4,
            "eps": 0.4,
            "eps_growth_year": null,
            "eps_4q": 1.4,
            "eps_4q_growth_year": null,
            "roe": 2.32,
            "roe_4q": 8.56,
            "gross_profit": 392945,
            "gross_margin": 31.14,
            "gross_margin_4q_avg": 26.59,
            "net_income": 169983,
            "net_income_4q": null,
            "revenue": 1262004,
            "revenue_4q": null,
            "common_shares": 4284835,
            "book_valuer_per_share": 17.38,
            "book_valuer_per_share_4q_avg": 16.64,
            "equity": 7448714,
            "current_ratio": 119.18,
            "debt_ratio": 49.45,
            "inventory_turnover_ratio": 1.01,
            "account_receivable_turnover_ratio": 0.75,
            "reinvestment_rate": 42.54,
            "research_to_sale_ratio": 1.22,
            "price_fair": 44,
            "eps_avg_yearly": 1.26,
            "eps_latest_yearly": 1.6,
            "eps_growth_yearly": 2310.76
        },
        "20221": {
            "year_quarter": 20221,
            "year": 2022,
            "quarter": 1,
            "eps": 0.13,
            "eps_growth_year": 1200,
            "eps_4q": 1.52,
            "eps_4q_growth_year": null,
            "roe": 0.77,
            "roe_4q": 9.24,
            "gross_profit": 203840,
            "gross_margin": 18.33,
            "gross_margin_4q_avg": 27.43,
            "net_income": 57502,
            "net_income_4q": null,
            "revenue": 1111851,
            "revenue_4q": null,
            "common_shares": 4284835,
            "book_valuer_per_share": 17.65,
            "book_valuer_per_share_4q_avg": 17.04,
            "equity": 7560972,
            "current_ratio": 121.06,
            "debt_ratio": 48.6,
            "inventory_turnover_ratio": 0.94,
            "account_receivable_turnover_ratio": 0.68,
            "reinvestment_rate": 31.66,
            "research_to_sale_ratio": 0.91,
            "price_fair": 40.78,
            "eps_avg_yearly": 1.17,
            "eps_latest_yearly": 0.52,
            "eps_growth_yearly": 1988.16
        },
        "20222": {
            "year_quarter": 20222,
            "year": 2022,
            "quarter": 2,
            "eps": 0,
            "eps_growth_year": -100,
            "eps_4q": 1.1,
            "eps_4q_growth_year": 661.2,
            "roe": 0.01,
            "roe_4q": 6.76,
            "gross_profit": 288221,
            "gross_margin": 22.27,
            "gross_margin_4q_avg": 26.3,
            "net_income": 679,
            "net_income_4q": null,
            "revenue": 1294265,
            "revenue_4q": null,
            "common_shares": 4284685,
            "book_valuer_per_share": 16.91,
            "book_valuer_per_share_4q_avg": 17.18,
            "equity": 7245784,
            "current_ratio": 113.95,
            "debt_ratio": 50.64,
            "inventory_turnover_ratio": 0.96,
            "account_receivable_turnover_ratio": 0.87,
            "reinvestment_rate": -23.37,
            "research_to_sale_ratio": 0.79,
            "price_fair": 41.4,
            "eps_avg_yearly": 1.18,
            "eps_latest_yearly": 0.52,
            "eps_growth_yearly": 2285.63
        },
        "20223": {
            "year_quarter": 20223,
            "year": 2022,
            "quarter": 3,
            "eps": 0.12,
            "eps_growth_year": -80.33,
            "eps_4q": 0.64,
            "eps_4q_growth_year": -27.26,
            "roe": 0.74,
            "roe_4q": 3.84,
            "gross_profit": 238517,
            "gross_margin": 19.36,
            "gross_margin_4q_avg": 22.78,
            "net_income": 54943,
            "net_income_4q": null,
            "revenue": 1231695,
            "revenue_4q": null,
            "common_shares": 4413675,
            "book_valuer_per_share": 17.17,
            "book_valuer_per_share_4q_avg": 17.28,
            "equity": 7576866,
            "current_ratio": 114.83,
            "debt_ratio": 47.84,
            "inventory_turnover_ratio": 0.89,
            "account_receivable_turnover_ratio": 0.96,
            "reinvestment_rate": -421.52,
            "research_to_sale_ratio": 0.92,
            "price_fair": 41.3,
            "eps_avg_yearly": 1.18,
            "eps_latest_yearly": 0.52,
            "eps_growth_yearly": 2656.32
        },
        "20224": {
            "year_quarter": 20224,
            "year": 2022,
            "quarter": 4,
            "eps": -0.18,
            "eps_growth_year": -146.6,
            "eps_4q": 0.07,
            "eps_4q_growth_year": -94.91,
            "roe": -1.09,
            "roe_4q": 0.42999999999999994,
            "gross_profit": 106058,
            "gross_margin": 10.47,
            "gross_margin_4q_avg": 17.61,
            "net_income": -81601,
            "net_income_4q": null,
            "revenue": 1012926,
            "revenue_4q": null,
            "common_shares": 4413675,
            "book_valuer_per_share": 16.75,
            "book_valuer_per_share_4q_avg": 17.12,
            "equity": 7394624,
            "current_ratio": 208.84,
            "debt_ratio": 47.4,
            "inventory_turnover_ratio": 0.8,
            "account_receivable_turnover_ratio": 0.91,
            "reinvestment_rate": -2180.36,
            "research_to_sale_ratio": 1.48,
            "price_fair": 47.6,
            "eps_avg_yearly": 1.36,
            "eps_latest_yearly": 0.52,
            "eps_growth_yearly": 3248.91
        },
        "20231": {
            "year_quarter": 20231,
            "year": 2023,
            "quarter": 1,
            "eps": -0.07,
            "eps_growth_year": -153.85,
            "eps_4q": -0.13,
            "eps_4q_growth_year": -108.59,
            "roe": -0.43,
            "roe_4q": -0.77,
            "gross_profit": 85985,
            "gross_margin": 9.16,
            "gross_margin_4q_avg": 15.32,
            "net_income": -31781,
            "net_income_4q": null,
            "revenue": 939197,
            "revenue_4q": null,
            "common_shares": 4413675,
            "book_valuer_per_share": 16.42,
            "book_valuer_per_share_4q_avg": 16.81,
            "equity": 7246333,
            "current_ratio": 228.29,
            "debt_ratio": 48.14,
            "inventory_turnover_ratio": 0.72,
            "account_receivable_turnover_ratio": 0.88,
            "reinvestment_rate": null,
            "research_to_sale_ratio": 1.63,
            "price_fair": 54.25,
            "eps_avg_yearly": 1.55,
            "eps_latest_yearly": 0.52,
            "eps_growth_yearly": 3946.85
        },
        "20232": {
            "year_quarter": 20232,
            "year": 2023,
            "quarter": 2,
            "eps": -0.34,
            "eps_growth_year": null,
            "eps_4q": -0.47,
            "eps_4q_growth_year": -142.55,
            "roe": -2.14,
            "roe_4q": -2.92,
            "gross_profit": -21816,
            "gross_margin": -2.82,
            "gross_margin_4q_avg": 9.04,
            "net_income": -151995,
            "net_income_4q": null,
            "revenue": 773820,
            "revenue_4q": null,
            "common_shares": 4413675,
            "book_valuer_per_share": 15.8,
            "book_valuer_per_share_4q_avg": 16.54,
            "equity": 6973778,
            "current_ratio": 176.12,
            "debt_ratio": 48.98,
            "inventory_turnover_ratio": 0.64,
            "account_receivable_turnover_ratio": 0.74,
            "reinvestment_rate": null,
            "research_to_sale_ratio": 2.03,
            "price_fair": 54.25,
            "eps_avg_yearly": 1.55,
            "eps_latest_yearly": 0.52,
            "eps_growth_yearly": 3946.85
        },
        "20233": {
            "year_quarter": 20233,
            "year": 2023,
            "quarter": 3,
            "eps": -0.24,
            "eps_growth_year": -300,
            "eps_4q": -0.83,
            "eps_4q_growth_year": -228.93,
            "roe": -1.54,
            "roe_4q": -5.2,
            "gross_profit": -18892,
            "gross_margin": -2.43,
            "gross_margin_4q_avg": 3.6,
            "net_income": -106948,
            "net_income_4q": null,
            "revenue": 777680,
            "revenue_4q": null,
            "common_shares": 4502088,
            "book_valuer_per_share": 15.32,
            "book_valuer_per_share_4q_avg": 16.07,
            "equity": 6895504,
            "current_ratio": 172.46,
            "debt_ratio": 49.61,
            "inventory_turnover_ratio": 0.61,
            "account_receivable_turnover_ratio": 0.75,
            "reinvestment_rate": null,
            "research_to_sale_ratio": 1.72,
            "price_fair": 54.25,
            "eps_avg_yearly": 1.55,
            "eps_latest_yearly": 0.52,
            "eps_growth_yearly": 3946.85
        }
    },
    "months": {
        "2004-08": {
            "month": "2004-08",
            "price": "23.27",
            "revenue": 173951
        },
        "2004-09": {
            "month": "2004-09",
            "price": "21.20",
            "revenue": 181412
        },
        "2004-10": {
            "month": "2004-10",
            "price": "23.64",
            "revenue": 210758
        },
        "2004-11": {
            "month": "2004-11",
            "price": "21.38",
            "revenue": 177583
        },
        "2004-12": {
            "month": "2004-12",
            "price": "19.62",
            "revenue": 203262
        },
        "2005-01": {
            "month": "2005-01",
            "price": "17.37",
            "revenue": 192390
        },
        "2005-02": {
            "month": "2005-02",
            "price": "17.18",
            "revenue": 161360
        },
        "2005-03": {
            "month": "2005-03",
            "price": "22.22",
            "revenue": 168106
        },
        "2005-04": {
            "month": "2005-04",
            "price": "21.95",
            "revenue": 172609
        },
        "2005-05": {
            "month": "2005-05",
            "price": "21.13",
            "revenue": 167885
        },
        "2005-06": {
            "month": "2005-06",
            "price": "21.25",
            "revenue": 154024
        },
        "2005-07": {
            "month": "2005-07",
            "price": "24.46",
            "revenue": 111145
        },
        "2005-08": {
            "month": "2005-08",
            "price": "21.49",
            "revenue": 115206
        },
        "2005-09": {
            "month": "2005-09",
            "price": "20.06",
            "revenue": 125583
        },
        "2005-10": {
            "month": "2005-10",
            "price": "21.96",
            "revenue": 136449
        },
        "2005-11": {
            "month": "2005-11",
            "price": "21.66",
            "revenue": 142417
        },
        "2005-12": {
            "month": "2005-12",
            "price": "24.75",
            "revenue": 152714
        },
        "2006-01": {
            "month": "2006-01",
            "price": "28.65",
            "revenue": 155214
        },
        "2006-02": {
            "month": "2006-02",
            "price": "26.27",
            "revenue": 143751
        },
        "2006-03": {
            "month": "2006-03",
            "price": "26.87",
            "revenue": 153287
        },
        "2006-04": {
            "month": "2006-04",
            "price": "28.66",
            "revenue": 153725
        },
        "2006-05": {
            "month": "2006-05",
            "price": "27.83",
            "revenue": 154620
        },
        "2006-06": {
            "month": "2006-06",
            "price": "23.02",
            "revenue": 153954
        },
        "2006-07": {
            "month": "2006-07",
            "price": "24.22",
            "revenue": 156708
        },
        "2006-08": {
            "month": "2006-08",
            "price": "24.92",
            "revenue": 161734
        },
        "2006-09": {
            "month": "2006-09",
            "price": "23.54",
            "revenue": 170159
        },
        "2006-10": {
            "month": "2006-10",
            "price": "25.14",
            "revenue": 180833
        },
        "2006-11": {
            "month": "2006-11",
            "price": "25.64",
            "revenue": 182309
        },
        "2006-12": {
            "month": "2006-12",
            "price": "26.96",
            "revenue": 151014
        },
        "2007-01": {
            "month": "2007-01",
            "price": "27.40",
            "revenue": 108606
        },
        "2007-02": {
            "month": "2007-02",
            "price": "25.27",
            "revenue": 99715
        },
        "2007-03": {
            "month": "2007-03",
            "price": "23.91",
            "revenue": 129783
        },
        "2007-04": {
            "month": "2007-04",
            "price": "24.97",
            "revenue": 148465
        },
        "2007-05": {
            "month": "2007-05",
            "price": "25.26",
            "revenue": 166031
        },
        "2007-06": {
            "month": "2007-06",
            "price": "27.12",
            "revenue": 162395
        },
        "2007-07": {
            "month": "2007-07",
            "price": "32.56",
            "revenue": 179233
        },
        "2007-08": {
            "month": "2007-08",
            "price": "34.25",
            "revenue": 198952
        },
        "2007-09": {
            "month": "2007-09",
            "price": "35.82",
            "revenue": 182154
        },
        "2007-10": {
            "month": "2007-10",
            "price": "33.04",
            "revenue": 175013
        },
        "2007-11": {
            "month": "2007-11",
            "price": "25.40",
            "revenue": 112073
        },
        "2007-12": {
            "month": "2007-12",
            "price": "23.58",
            "revenue": 145191
        },
        "2008-01": {
            "month": "2008-01",
            "price": "21.54",
            "revenue": 156227
        },
        "2008-02": {
            "month": "2008-02",
            "price": "19.81",
            "revenue": 122029
        },
        "2008-03": {
            "month": "2008-03",
            "price": "21.56",
            "revenue": 94564
        },
        "2008-04": {
            "month": "2008-04",
            "price": "22.29",
            "revenue": 74901
        },
        "2008-05": {
            "month": "2008-05",
            "price": "20.81",
            "revenue": 123324
        },
        "2008-06": {
            "month": "2008-06",
            "price": "19.43",
            "revenue": 142249
        },
        "2008-07": {
            "month": "2008-07",
            "price": "16.34",
            "revenue": 165423
        },
        "2008-08": {
            "month": "2008-08",
            "price": "13.59",
            "revenue": 158744
        },
        "2008-09": {
            "month": "2008-09",
            "price": "10.37",
            "revenue": 157090
        },
        "2008-10": {
            "month": "2008-10",
            "price": "8.90",
            "revenue": 133738
        },
        "2008-11": {
            "month": "2008-11",
            "price": "5.80",
            "revenue": 89547
        },
        "2008-12": {
            "month": "2008-12",
            "price": "4.86",
            "revenue": 85341
        },
        "2009-01": {
            "month": "2009-01",
            "price": "4.82",
            "revenue": 138977
        },
        "2009-02": {
            "month": "2009-02",
            "price": "6.20",
            "revenue": 149219
        },
        "2009-03": {
            "month": "2009-03",
            "price": "8.97",
            "revenue": 157340
        },
        "2009-04": {
            "month": "2009-04",
            "price": "10.27",
            "revenue": 183351
        },
        "2009-05": {
            "month": "2009-05",
            "price": "10.34",
            "revenue": 186119
        },
        "2009-06": {
            "month": "2009-06",
            "price": "9.48",
            "revenue": 148969
        },
        "2009-07": {
            "month": "2009-07",
            "price": "9.80",
            "revenue": 185271
        },
        "2009-08": {
            "month": "2009-08",
            "price": "11.76",
            "revenue": 199890
        },
        "2009-09": {
            "month": "2009-09",
            "price": "14.73",
            "revenue": 170609
        },
        "2009-10": {
            "month": "2009-10",
            "price": "14.90",
            "revenue": 161372
        },
        "2009-11": {
            "month": "2009-11",
            "price": "13.15",
            "revenue": 156528
        },
        "2009-12": {
            "month": "2009-12",
            "price": "14.66",
            "revenue": 196273
        },
        "2010-01": {
            "month": "2010-01",
            "price": "17.57",
            "revenue": 210536
        },
        "2010-02": {
            "month": "2010-02",
            "price": "17.84",
            "revenue": 206957
        },
        "2010-03": {
            "month": "2010-03",
            "price": "26.20",
            "revenue": 260076
        },
        "2010-04": {
            "month": "2010-04",
            "price": "30.36",
            "revenue": 284220
        },
        "2010-05": {
            "month": "2010-05",
            "price": "27.13",
            "revenue": 292121
        },
        "2010-06": {
            "month": "2010-06",
            "price": "25.92",
            "revenue": 314953
        },
        "2010-07": {
            "month": "2010-07",
            "price": "31.50",
            "revenue": 411974
        },
        "2010-08": {
            "month": "2010-08",
            "price": "39.13",
            "revenue": 436988
        },
        "2010-09": {
            "month": "2010-09",
            "price": "36.41",
            "revenue": 361107
        },
        "2010-10": {
            "month": "2010-10",
            "price": "28.83",
            "revenue": 270416
        },
        "2010-11": {
            "month": "2010-11",
            "price": "26.20",
            "revenue": 348051
        },
        "2010-12": {
            "month": "2010-12",
            "price": "29.47",
            "revenue": 358755
        },
        "2011-01": {
            "month": "2011-01",
            "price": "29.28",
            "revenue": 359666
        },
        "2011-02": {
            "month": "2011-02",
            "price": "31.76",
            "revenue": 315689
        },
        "2011-03": {
            "month": "2011-03",
            "price": "29.82",
            "revenue": 388934
        },
        "2011-04": {
            "month": "2011-04",
            "price": "30.47",
            "revenue": 414896
        },
        "2011-05": {
            "month": "2011-05",
            "price": "29.85",
            "revenue": 395323
        },
        "2011-06": {
            "month": "2011-06",
            "price": "27.24",
            "revenue": 356756
        },
        "2011-07": {
            "month": "2011-07",
            "price": "26.32",
            "revenue": 434778
        },
        "2011-08": {
            "month": "2011-08",
            "price": "23.13",
            "revenue": 387257
        },
        "2011-09": {
            "month": "2011-09",
            "price": "20.35",
            "revenue": 329699
        },
        "2011-10": {
            "month": "2011-10",
            "price": "17.45",
            "revenue": 332953
        },
        "2011-11": {
            "month": "2011-11",
            "price": "17.11",
            "revenue": 291759
        },
        "2011-12": {
            "month": "2011-12",
            "price": "14.90",
            "revenue": 299778
        },
        "2012-01": {
            "month": "2012-01",
            "price": "16.52",
            "revenue": 359511
        },
        "2012-02": {
            "month": "2012-02",
            "price": "20.34",
            "revenue": 419224
        },
        "2012-03": {
            "month": "2012-03",
            "price": "23.37",
            "revenue": 444949
        },
        "2012-04": {
            "month": "2012-04",
            "price": "23.40",
            "revenue": 403272
        },
        "2012-05": {
            "month": "2012-05",
            "price": "17.57",
            "revenue": 323915
        },
        "2012-06": {
            "month": "2012-06",
            "price": "15.15",
            "revenue": 365007
        },
        "2012-07": {
            "month": "2012-07",
            "price": "15.24",
            "revenue": 358509
        },
        "2012-08": {
            "month": "2012-08",
            "price": "16.19",
            "revenue": 397362
        },
        "2012-09": {
            "month": "2012-09",
            "price": "16.46",
            "revenue": 404130
        },
        "2012-10": {
            "month": "2012-10",
            "price": "15.05",
            "revenue": 327516
        },
        "2012-11": {
            "month": "2012-11",
            "price": "12.12",
            "revenue": 211779
        },
        "2012-12": {
            "month": "2012-12",
            "price": "13.13",
            "revenue": 267891
        },
        "2013-01": {
            "month": "2013-01",
            "price": "13.71",
            "revenue": 398039
        },
        "2013-02": {
            "month": "2013-02",
            "price": "13.83",
            "revenue": 304913
        },
        "2013-03": {
            "month": "2013-03",
            "price": "13.47",
            "revenue": 403299
        },
        "2013-04": {
            "month": "2013-04",
            "price": "12.31",
            "revenue": 282451
        },
        "2013-05": {
            "month": "2013-05",
            "price": "12.68",
            "revenue": 356346
        },
        "2013-06": {
            "month": "2013-06",
            "price": "12.28",
            "revenue": 349781
        },
        "2013-07": {
            "month": "2013-07",
            "price": "12.50",
            "revenue": 356828
        },
        "2013-08": {
            "month": "2013-08",
            "price": "12.21",
            "revenue": 379963
        },
        "2013-09": {
            "month": "2013-09",
            "price": "12.08",
            "revenue": 350654
        },
        "2013-10": {
            "month": "2013-10",
            "price": "11.86",
            "revenue": 355150
        },
        "2013-11": {
            "month": "2013-11",
            "price": "10.94",
            "revenue": 293553
        },
        "2013-12": {
            "month": "2013-12",
            "price": "11.12",
            "revenue": 278885
        },
        "2014-01": {
            "month": "2014-01",
            "price": "11.99",
            "revenue": 315127
        },
        "2014-02": {
            "month": "2014-02",
            "price": "12.37",
            "revenue": 327233
        },
        "2014-03": {
            "month": "2014-03",
            "price": "12.46",
            "revenue": 427930
        },
        "2014-04": {
            "month": "2014-04",
            "price": "12.43",
            "revenue": 374327
        },
        "2014-05": {
            "month": "2014-05",
            "price": "12.43",
            "revenue": 401953
        },
        "2014-06": {
            "month": "2014-06",
            "price": "13.34",
            "revenue": 382514
        },
        "2014-07": {
            "month": "2014-07",
            "price": "12.93",
            "revenue": 400554
        },
        "2014-08": {
            "month": "2014-08",
            "price": "11.50",
            "revenue": 410088
        },
        "2014-09": {
            "month": "2014-09",
            "price": "11.39",
            "revenue": 426017
        },
        "2014-10": {
            "month": "2014-10",
            "price": "10.91",
            "revenue": 411432
        },
        "2014-11": {
            "month": "2014-11",
            "price": "11.09",
            "revenue": 352123
        },
        "2014-12": {
            "month": "2014-12",
            "price": "11.29",
            "revenue": 421503
        },
        "2015-01": {
            "month": "2015-01",
            "price": "11.75",
            "revenue": 409962
        },
        "2015-02": {
            "month": "2015-02",
            "price": "11.51",
            "revenue": 406974
        },
        "2015-03": {
            "month": "2015-03",
            "price": "13.28",
            "revenue": 420124
        },
        "2015-04": {
            "month": "2015-04",
            "price": "14.48",
            "revenue": 421908
        },
        "2015-05": {
            "month": "2015-05",
            "price": "12.95",
            "revenue": 418142
        },
        "2015-06": {
            "month": "2015-06",
            "price": "11.49",
            "revenue": 439963
        },
        "2015-07": {
            "month": "2015-07",
            "price": "11.21",
            "revenue": 406757
        },
        "2015-08": {
            "month": "2015-08",
            "price": "10.11",
            "revenue": 379335
        },
        "2015-09": {
            "month": "2015-09",
            "price": "10.08",
            "revenue": 390110
        },
        "2015-10": {
            "month": "2015-10",
            "price": "10.30",
            "revenue": 404993
        },
        "2015-11": {
            "month": "2015-11",
            "price": "11.07",
            "revenue": 382379
        },
        "2015-12": {
            "month": "2015-12",
            "price": "10.93",
            "revenue": 323417
        },
        "2016-01": {
            "month": "2016-01",
            "price": "9.79",
            "revenue": 436988
        },
        "2016-02": {
            "month": "2016-02",
            "price": "10.36",
            "revenue": 347118
        },
        "2016-03": {
            "month": "2016-03",
            "price": "11.50",
            "revenue": 404431
        },
        "2016-04": {
            "month": "2016-04",
            "price": "10.95",
            "revenue": 385600
        },
        "2016-05": {
            "month": "2016-05",
            "price": "10.33",
            "revenue": 359116
        },
        "2016-06": {
            "month": "2016-06",
            "price": "10.84",
            "revenue": 397574
        },
        "2016-07": {
            "month": "2016-07",
            "price": "12.40",
            "revenue": 450338
        },
        "2016-08": {
            "month": "2016-08",
            "price": "13.90",
            "revenue": 432108
        },
        "2016-09": {
            "month": "2016-09",
            "price": "13.35",
            "revenue": 435879
        },
        "2016-10": {
            "month": "2016-10",
            "price": "13.24",
            "revenue": 353260
        },
        "2016-11": {
            "month": "2016-11",
            "price": "12.11",
            "revenue": 382417
        },
        "2016-12": {
            "month": "2016-12",
            "price": "12.84",
            "revenue": 413497
        },
        "2017-01": {
            "month": "2017-01",
            "price": "13.73",
            "revenue": 413796
        },
        "2017-02": {
            "month": "2017-02",
            "price": "16.58",
            "revenue": 411947
        },
        "2017-03": {
            "month": "2017-03",
            "price": "16.39",
            "revenue": 399530
        },
        "2017-04": {
            "month": "2017-04",
            "price": "15.45",
            "revenue": 395898
        },
        "2017-05": {
            "month": "2017-05",
            "price": "14.68",
            "revenue": 411053
        },
        "2017-06": {
            "month": "2017-06",
            "price": "14.36",
            "revenue": 401654
        },
        "2017-07": {
            "month": "2017-07",
            "price": "14.40",
            "revenue": 449954
        },
        "2017-08": {
            "month": "2017-08",
            "price": "15.80",
            "revenue": 414110
        },
        "2017-09": {
            "month": "2017-09",
            "price": "15.67",
            "revenue": 460661
        },
        "2017-10": {
            "month": "2017-10",
            "price": "15.80",
            "revenue": 362823
        },
        "2017-11": {
            "month": "2017-11",
            "price": "15.83",
            "revenue": 318420
        },
        "2017-12": {
            "month": "2017-12",
            "price": "18.38",
            "revenue": 372354
        },
        "2018-01": {
            "month": "2018-01",
            "price": "23.56",
            "revenue": 404433
        },
        "2018-02": {
            "month": "2018-02",
            "price": "21.19",
            "revenue": 350812
        },
        "2018-03": {
            "month": "2018-03",
            "price": "19.71",
            "revenue": 402579
        },
        "2018-04": {
            "month": "2018-04",
            "price": "17.66",
            "revenue": 351830
        },
        "2018-05": {
            "month": "2018-05",
            "price": "17.58",
            "revenue": 437864
        },
        "2018-06": {
            "month": "2018-06",
            "price": "18.76",
            "revenue": 430489
        },
        "2018-07": {
            "month": "2018-07",
            "price": "17.77",
            "revenue": 451031
        },
        "2018-08": {
            "month": "2018-08",
            "price": "16.98",
            "revenue": 473740
        },
        "2018-09": {
            "month": "2018-09",
            "price": "16.10",
            "revenue": 478259
        },
        "2018-10": {
            "month": "2018-10",
            "price": "14.95",
            "revenue": 445481
        },
        "2018-11": {
            "month": "2018-11",
            "price": "15.76",
            "revenue": 392367
        },
        "2018-12": {
            "month": "2018-12",
            "price": "15.80",
            "revenue": 433003
        },
        "2019-01": {
            "month": "2019-01",
            "price": "15.75",
            "revenue": 448882
        },
        "2019-02": {
            "month": "2019-02",
            "price": "16.80",
            "revenue": 312105
        },
        "2019-03": {
            "month": "2019-03",
            "price": "17.18",
            "revenue": 383507
        },
        "2019-04": {
            "month": "2019-04",
            "price": "16.75",
            "revenue": 453718
        },
        "2019-05": {
            "month": "2019-05",
            "price": "14.78",
            "revenue": 440475
        },
        "2019-06": {
            "month": "2019-06",
            "price": "14.85",
            "revenue": 330415
        },
        "2019-07": {
            "month": "2019-07",
            "price": "15.42",
            "revenue": 437640
        },
        "2019-08": {
            "month": "2019-08",
            "price": "14.73",
            "revenue": 328628
        },
        "2019-09": {
            "month": "2019-09",
            "price": "14.63",
            "revenue": 368413
        },
        "2019-10": {
            "month": "2019-10",
            "price": "14.02",
            "revenue": 396821
        },
        "2019-11": {
            "month": "2019-11",
            "price": "13.05",
            "revenue": 272397
        },
        "2019-12": {
            "month": "2019-12",
            "price": "12.78",
            "revenue": 307051
        },
        "2020-01": {
            "month": "2020-01",
            "price": "12.35",
            "revenue": 329934
        },
        "2020-02": {
            "month": "2020-02",
            "price": "11.87",
            "revenue": 281013
        },
        "2020-03": {
            "month": "2020-03",
            "price": "9.87",
            "revenue": 334587
        },
        "2020-04": {
            "month": "2020-04",
            "price": "9.96",
            "revenue": 282917
        },
        "2020-05": {
            "month": "2020-05",
            "price": "9.97",
            "revenue": 265141
        },
        "2020-06": {
            "month": "2020-06",
            "price": "10.55",
            "revenue": 208193
        },
        "2020-07": {
            "month": "2020-07",
            "price": "10.67",
            "revenue": 206256
        },
        "2020-08": {
            "month": "2020-08",
            "price": "10.19",
            "revenue": 247832
        },
        "2020-09": {
            "month": "2020-09",
            "price": "10.60",
            "revenue": 258326
        },
        "2020-10": {
            "month": "2020-10",
            "price": "10.22",
            "revenue": 287193
        },
        "2020-11": {
            "month": "2020-11",
            "price": "11.07",
            "revenue": 320364
        },
        "2020-12": {
            "month": "2020-12",
            "price": "14.09",
            "revenue": 406188
        },
        "2021-01": {
            "month": "2021-01",
            "price": "13.41",
            "revenue": 423608
        },
        "2021-02": {
            "month": "2021-02",
            "price": "14.32",
            "revenue": 353614
        },
        "2021-03": {
            "month": "2021-03",
            "price": "15.61",
            "revenue": 430241
        },
        "2021-04": {
            "month": "2021-04",
            "price": "18.06",
            "revenue": 440264
        },
        "2021-05": {
            "month": "2021-05",
            "price": "15.60",
            "revenue": 452806
        },
        "2021-06": {
            "month": "2021-06",
            "price": "17.53",
            "revenue": 486531
        },
        "2021-07": {
            "month": "2021-07",
            "price": "19.48",
            "revenue": 445328
        },
        "2021-08": {
            "month": "2021-08",
            "price": "18.30",
            "revenue": 459557
        },
        "2021-09": {
            "month": "2021-09",
            "price": "17.14",
            "revenue": 502080
        },
        "2021-10": {
            "month": "2021-10",
            "price": "16.47",
            "revenue": 421662
        },
        "2021-11": {
            "month": "2021-11",
            "price": "17.26",
            "revenue": 422936
        },
        "2021-12": {
            "month": "2021-12",
            "price": "16.90",
            "revenue": 417407
        },
        "2022-01": {
            "month": "2022-01",
            "price": "15.99",
            "revenue": 431963
        },
        "2022-02": {
            "month": "2022-02",
            "price": "15.89",
            "revenue": 357884
        },
        "2022-03": {
            "month": "2022-03",
            "price": "15.07",
            "revenue": 322005
        },
        "2022-04": {
            "month": "2022-04",
            "price": "14.06",
            "revenue": 503762
        },
        "2022-05": {
            "month": "2022-05",
            "price": "13.69",
            "revenue": 397780
        },
        "2022-06": {
            "month": "2022-06",
            "price": "13.58",
            "revenue": 392723
        },
        "2022-07": {
            "month": "2022-07",
            "price": "12.47",
            "revenue": 472977
        },
        "2022-08": {
            "month": "2022-08",
            "price": "13.36",
            "revenue": 379835
        },
        "2022-09": {
            "month": "2022-09",
            "price": "13.44",
            "revenue": 378884
        },
        "2022-10": {
            "month": "2022-10",
            "price": "11.56",
            "revenue": 378510
        },
        "2022-11": {
            "month": "2022-11",
            "price": "12.30",
            "revenue": 324198
        },
        "2022-12": {
            "month": "2022-12",
            "price": "12.11",
            "revenue": 310217
        },
        "2023-01": {
            "month": "2023-01",
            "price": "12.25",
            "revenue": 318264
        },
        "2023-02": {
            "month": "2023-02",
            "price": "12.58",
            "revenue": 303239
        },
        "2023-03": {
            "month": "2023-03",
            "price": "12.28",
            "revenue": 317694
        },
        "2023-04": {
            "month": "2023-04",
            "price": "11.97",
            "revenue": 226181
        },
        "2023-05": {
            "month": "2023-05",
            "price": "11.96",
            "revenue": 304265
        },
        "2023-06": {
            "month": "2023-06",
            "price": "13.47",
            "revenue": 243374
        },
        "2023-07": {
            "month": "2023-07",
            "price": "13.52",
            "revenue": 248224
        },
        "2023-08": {
            "month": "2023-08",
            "price": "13.65",
            "revenue": 243125
        },
        "2023-09": {
            "month": "2023-09",
            "price": "14.66",
            "revenue": 286330
        },
        "2023-10": {
            "month": "2023-10",
            "price": "16.99",
            "revenue": 268597
        },
        "2023-11": {
            "month": "2023-11",
            "price": "17.74",
            "revenue": 237227
        },
        "2023-12": {
            "month": "2023-12",
            "price": "16.29",
            "revenue": 203401
        }
    }
}
