{
    "summary": {
        "stock_name": "凱撒衛",
        "stock_id": "1817",
        "category": "玻璃陶瓷",
        "main_business": "各種衛浴設備、周邊製品之銷售",
        "website_url": "http://www.caesar.com.tw/",
        "ceo": "陳威志",
        "pe_ratio": 11,
        "report_year_from": 2010,
        "report_year_to": 2023,
        "age": 14,
        "eps_negative_percentage": 0,
        "eps_growth_avg": {
            "last_all": 7.16,
            "last_2y": 4.47,
            "last_4y": 1.37,
            "last_8y": 4.79,
            "last_12y": null,
            "last_16y": null,
            "last_20y": null,
            "at_2006_last_3y": null,
            "at_2007_last_3y": null,
            "at_2008_last_3y": null,
            "at_2009_last_3y": null,
            "at_2010_last_3y": null,
            "at_2011_last_3y": null,
            "at_2012_last_3y": null,
            "at_2013_last_3y": null,
            "at_2014_last_3y": null,
            "at_2015_last_3y": null,
            "at_2016_last_3y": null,
            "at_2017_last_3y": 16.76,
            "at_2018_last_3y": 9.06,
            "at_2019_last_3y": -4.88,
            "at_2020_last_3y": -0.88,
            "at_2021_last_3y": -1.95,
            "at_2022_last_3y": 6.42,
            "at_2023_last_3y": 8.99,
            "at_2024_last_3y": 8.99,
            "at_2006_last_all": null,
            "at_2007_last_all": null,
            "at_2008_last_all": null,
            "at_2009_last_all": null,
            "at_2010_last_all": null,
            "at_2011_last_all": null,
            "at_2012_last_all": null,
            "at_2013_last_all": null,
            "at_2014_last_all": null,
            "at_2015_last_all": 27.58,
            "at_2016_last_all": 20.58,
            "at_2017_last_all": 16.76,
            "at_2018_last_all": 12.96,
            "at_2019_last_all": 5.94,
            "at_2020_last_all": 8.32,
            "at_2021_last_all": 7.4,
            "at_2022_last_all": 10.06,
            "at_2023_last_all": 7.16,
            "at_2024_last_all": 7.16
        },
        "latest_eps": 3.27,
        "latest_price": 37.4,
        "latest_roe": 11.67,
        "latest_gross_margin": 35.89,
        "latest_equity": 2047346,
        "latest_revenue": 713929,
        "latest_gross_profit": 256233,
        "latest_net_income": 97883,
        "latest_debt_ratio": 24.27,
        "latest_current_ratio": 383.6,
        "latest_account_receivable_turnover_ratio": 2.13,
        "latest_inventory_turnover_ratio": 0.62,
        "latest_reinvestment_rate": -27.42,
        "latest_research_to_sale_ratio": 1.31
    },
    "eps_dividends": {
        "2001": {
            "cash": 0,
            "stock": 0,
            "eps": 0
        },
        "2002": {
            "cash": 0,
            "stock": 0,
            "eps": 0
        },
        "2003": {
            "cash": 0,
            "stock": 0,
            "eps": 0
        },
        "2004": {
            "cash": 0,
            "stock": 0,
            "eps": 0
        },
        "2005": {
            "cash": 0,
            "stock": 0,
            "eps": 0
        },
        "2006": {
            "cash": 0,
            "stock": 0,
            "eps": 0
        },
        "2007": {
            "cash": 0,
            "stock": 0,
            "eps": 0
        },
        "2008": {
            "cash": 0,
            "stock": 0,
            "eps": 0
        },
        "2009": {
            "cash": 0,
            "stock": 0,
            "eps": 0
        },
        "2010": {
            "cash": 0,
            "stock": 0,
            "eps": 0
        },
        "2011": {
            "cash": 1,
            "stock": 0,
            "eps": 0
        },
        "2012": {
            "cash": 0,
            "stock": 0,
            "eps": 0
        },
        "2013": {
            "cash": 1.2,
            "stock": 0,
            "eps": 1.96
        },
        "2014": {
            "cash": 1.6,
            "stock": 0,
            "eps": 2.52
        },
        "2015": {
            "cash": 1.8,
            "stock": 0,
            "eps": 3.19
        },
        "2016": {
            "cash": 2,
            "stock": 0,
            "eps": 3.4
        },
        "2017": {
            "cash": 2.2,
            "stock": 0,
            "eps": 3.58
        },
        "2018": {
            "cash": 2.3,
            "stock": 0,
            "eps": 3.5
        },
        "2019": {
            "cash": 2.3,
            "stock": 0,
            "eps": 2.48
        },
        "2020": {
            "cash": 1.7,
            "stock": 0,
            "eps": 3.04
        },
        "2021": {
            "cash": 2,
            "stock": 0,
            "eps": 3.07
        },
        "2022": {
            "cash": 2,
            "stock": 0,
            "eps": 4.03
        },
        "2023": {
            "cash": 2.3,
            "stock": 0,
            "eps": 3.27
        },
        "2024": {
            "cash": 1.8,
            "stock": 0,
            "eps": 0
        }
    },
    "dividends": {
        "2011-01-01": {
            "cash": 1,
            "stock": 0
        },
        "2013-03-25": {
            "cash": 1.2,
            "stock": 0
        },
        "2014-08-29": {
            "cash": 1.6,
            "stock": 0
        },
        "2015-08-28": {
            "cash": 1.8,
            "stock": 0
        },
        "2016-09-02": {
            "cash": 2,
            "stock": 0
        },
        "2017-09-06": {
            "cash": 2.2,
            "stock": 0
        },
        "2018-09-06": {
            "cash": 2.3,
            "stock": 0
        },
        "2019-09-04": {
            "cash": 2.3,
            "stock": 0
        },
        "2020-07-31": {
            "cash": 1.7,
            "stock": 0
        },
        "2021-09-24": {
            "cash": 2,
            "stock": 0
        },
        "2022-07-22": {
            "cash": 2,
            "stock": 0
        },
        "2023-07-20": {
            "cash": 2.3,
            "stock": 0
        },
        "2024-02-26": {
            "cash": 1.8,
            "stock": 0
        }
    },
    "prices": {
        "200101": "無",
        "200102": "無",
        "200103": "無",
        "200104": "無",
        "200105": "無",
        "200106": "無",
        "200107": "無",
        "200108": "無",
        "200109": "無",
        "200110": "無",
        "200111": "無",
        "200112": "無",
        "200201": "無",
        "200202": "無",
        "200203": "無",
        "200204": "無",
        "200205": "無",
        "200206": "無",
        "200207": "無",
        "200208": "無",
        "200209": "無",
        "200210": "無",
        "200211": "無",
        "200212": "無",
        "200301": "無",
        "200302": "無",
        "200303": "無",
        "200304": "無",
        "200305": "無",
        "200306": "無",
        "200307": "無",
        "200308": "無",
        "200309": "無",
        "200310": "無",
        "200311": "無",
        "200312": "無",
        "200401": "無",
        "200402": "無",
        "200403": "無",
        "200404": "無",
        "200405": "無",
        "200406": "無",
        "200407": "無",
        "200408": "無",
        "200409": "無",
        "200410": "無",
        "200411": "無",
        "200412": "無",
        "200501": "無",
        "200502": "無",
        "200503": "無",
        "200504": "無",
        "200505": "無",
        "200506": "無",
        "200507": "無",
        "200508": "無",
        "200509": "無",
        "200510": "無",
        "200511": "無",
        "200512": "無",
        "200601": "無",
        "200602": "無",
        "200603": "無",
        "200604": "無",
        "200605": "無",
        "200606": "無",
        "200607": "無",
        "200608": "無",
        "200609": "無",
        "200610": "無",
        "200611": "無",
        "200612": "無",
        "200701": "無",
        "200702": "無",
        "200703": "無",
        "200704": "無",
        "200705": "無",
        "200706": "無",
        "200707": "無",
        "200708": "無",
        "200709": "無",
        "200710": "無",
        "200711": "無",
        "200712": "無",
        "200801": "無",
        "200802": "無",
        "200803": "無",
        "200804": "無",
        "200805": "無",
        "200806": "無",
        "200807": "無",
        "200808": "無",
        "200809": "無",
        "200810": "無",
        "200811": "無",
        "200812": "無",
        "200901": "無",
        "200902": "無",
        "200903": "無",
        "200904": "無",
        "200905": "無",
        "200906": "無",
        "200907": "無",
        "200908": "無",
        "200909": "無",
        "200910": "無",
        "200911": "無",
        "200912": "無",
        "201001": "無",
        "201002": "無",
        "201003": "無",
        "201004": "無",
        "201005": "無",
        "201006": "無",
        "201007": "無",
        "201008": "無",
        "201009": "無",
        "201010": "無",
        "201011": "無",
        "201012": "無",
        "201101": "無",
        "201102": "無",
        "201103": "無",
        "201104": "無",
        "201105": "無",
        "201106": "無",
        "201107": "無",
        "201108": "29.18",
        "201109": "26.40",
        "201110": "25.08",
        "201111": "24.32",
        "201112": "23.14",
        "201201": "19.97",
        "201202": "21.14",
        "201203": "21.79",
        "201204": "19.73",
        "201205": "19.39",
        "201206": "20.09",
        "201207": "20.39",
        "201208": "20.03",
        "201209": "21.20",
        "201210": "無",
        "201211": "21.62",
        "201212": "22.28",
        "201301": "24.15",
        "201302": "25.01",
        "201303": "26.75",
        "201304": "25.83",
        "201305": "26.21",
        "201306": "27.00",
        "201307": "29.56",
        "201308": "29.97",
        "201309": "31.14",
        "201310": "34.12",
        "201311": "31.48",
        "201312": "41.86",
        "201401": "38.91",
        "201402": "37.64",
        "201403": "38.58",
        "201404": "37.29",
        "201405": "34.09",
        "201406": "33.68",
        "201407": "32.65",
        "201408": "30.20",
        "201409": "30.31",
        "201410": "30.06",
        "201411": "30.80",
        "201412": "31.38",
        "201501": "32.70",
        "201502": "33.24",
        "201503": "34.03",
        "201504": "33.88",
        "201505": "38.21",
        "201506": "37.50",
        "201507": "37.11",
        "201508": "32.39",
        "201509": "30.70",
        "201510": "33.02",
        "201511": "38.50",
        "201512": "40.42",
        "201601": "41.66",
        "201602": "42.67",
        "201603": "40.74",
        "201604": "39.42",
        "201605": "37.09",
        "201606": "35.92",
        "201607": "36.72",
        "201608": "37.41",
        "201609": "38.63",
        "201610": "38.97",
        "201611": "36.40",
        "201612": "37.33",
        "201701": "36.65",
        "201702": "36.98",
        "201703": "37.84",
        "201704": "38.34",
        "201705": "37.92",
        "201706": "38.71",
        "201707": "38.91",
        "201708": "39.22",
        "201709": "40.59",
        "201710": "39.93",
        "201711": "41.49",
        "201712": "44.76",
        "201801": "44.18",
        "201802": "42.41",
        "201803": "42.63",
        "201804": "41.96",
        "201805": "41.06",
        "201806": "40.58",
        "201807": "40.35",
        "201808": "39.16",
        "201809": "37.99",
        "201810": "37.20",
        "201811": "36.02",
        "201812": "36.64",
        "201901": "36.60",
        "201902": "37.18",
        "201903": "37.24",
        "201904": "38.51",
        "201905": "38.17",
        "201906": "38.81",
        "201907": "39.59",
        "201908": "35.83",
        "201909": "35.84",
        "201910": "35.19",
        "201911": "34.90",
        "201912": "35.15",
        "202001": "35.21",
        "202002": "33.90",
        "202003": "28.68",
        "202004": "28.61",
        "202005": "29.80",
        "202006": "31.60",
        "202007": "30.27",
        "202008": "30.30",
        "202009": "30.87",
        "202010": "30.54",
        "202011": "32.25",
        "202012": "33.33",
        "202101": "32.91",
        "202102": "33.23",
        "202103": "35.06",
        "202104": "37.22",
        "202105": "36.18",
        "202106": "37.62",
        "202107": "38.55",
        "202108": "37.08",
        "202109": "35.21",
        "202110": "34.90",
        "202111": "36.16",
        "202112": "36.83",
        "202201": "36.75",
        "202202": "36.20",
        "202203": "35.89",
        "202204": "35.62",
        "202205": "34.88",
        "202206": "34.82",
        "202207": "32.83",
        "202208": "34.52",
        "202209": "35.92",
        "202210": "34.94",
        "202211": "35.42",
        "202212": "37.23",
        "202301": "38.75",
        "202302": "39.59",
        "202303": "38.85",
        "202304": "38.87",
        "202305": "38.69",
        "202306": "38.86",
        "202307": "37.49",
        "202308": "36.56",
        "202309": "36.11",
        "202310": "35.26",
        "202311": "35.90",
        "202312": "36.86",
        "202401": "36.61",
        "202402": "36.97",
        "202403": "37.76",
        "202404": "無"
    },
    "quarters": {
        "20011": {
            "year_quarter": 20011,
            "year": 2001,
            "quarter": 1,
            "eps": null,
            "eps_growth_year": null,
            "eps_4q": null,
            "eps_4q_growth_year": null,
            "roe": null,
            "roe_4q": 0,
            "gross_profit": null,
            "gross_margin": null,
            "gross_margin_4q_avg": 0,
            "net_income": null,
            "net_income_4q": null,
            "revenue": null,
            "revenue_4q": null,
            "common_shares": null,
            "book_valuer_per_share": null,
            "book_valuer_per_share_4q_avg": 0,
            "equity": null,
            "current_ratio": null,
            "debt_ratio": null,
            "inventory_turnover_ratio": null,
            "account_receivable_turnover_ratio": null,
            "reinvestment_rate": null,
            "research_to_sale_ratio": null,
            "price_fair": 0,
            "eps_avg_yearly": 0,
            "eps_latest_yearly": 0,
            "eps_growth_yearly": 0
        },
        "20012": {
            "year_quarter": 20012,
            "year": 2001,
            "quarter": 2,
            "eps": null,
            "eps_growth_year": null,
            "eps_4q": null,
            "eps_4q_growth_year": null,
            "roe": null,
            "roe_4q": 0,
            "gross_profit": null,
            "gross_margin": null,
            "gross_margin_4q_avg": 0,
            "net_income": null,
            "net_income_4q": null,
            "revenue": null,
            "revenue_4q": null,
            "common_shares": null,
            "book_valuer_per_share": null,
            "book_valuer_per_share_4q_avg": 0,
            "equity": null,
            "current_ratio": null,
            "debt_ratio": null,
            "inventory_turnover_ratio": null,
            "account_receivable_turnover_ratio": null,
            "reinvestment_rate": null,
            "research_to_sale_ratio": null,
            "price_fair": 0,
            "eps_avg_yearly": 0,
            "eps_latest_yearly": 0,
            "eps_growth_yearly": 0
        },
        "20013": {
            "year_quarter": 20013,
            "year": 2001,
            "quarter": 3,
            "eps": null,
            "eps_growth_year": null,
            "eps_4q": null,
            "eps_4q_growth_year": null,
            "roe": null,
            "roe_4q": 0,
            "gross_profit": null,
            "gross_margin": null,
            "gross_margin_4q_avg": 0,
            "net_income": null,
            "net_income_4q": null,
            "revenue": null,
            "revenue_4q": null,
            "common_shares": null,
            "book_valuer_per_share": null,
            "book_valuer_per_share_4q_avg": 0,
            "equity": null,
            "current_ratio": null,
            "debt_ratio": null,
            "inventory_turnover_ratio": null,
            "account_receivable_turnover_ratio": null,
            "reinvestment_rate": null,
            "research_to_sale_ratio": null,
            "price_fair": 0,
            "eps_avg_yearly": 0,
            "eps_latest_yearly": 0,
            "eps_growth_yearly": 0
        },
        "20014": {
            "year_quarter": 20014,
            "year": 2001,
            "quarter": 4,
            "eps": null,
            "eps_growth_year": null,
            "eps_4q": null,
            "eps_4q_growth_year": null,
            "roe": null,
            "roe_4q": 0,
            "gross_profit": null,
            "gross_margin": null,
            "gross_margin_4q_avg": 0,
            "net_income": null,
            "net_income_4q": null,
            "revenue": null,
            "revenue_4q": null,
            "common_shares": null,
            "book_valuer_per_share": null,
            "book_valuer_per_share_4q_avg": 0,
            "equity": null,
            "current_ratio": null,
            "debt_ratio": null,
            "inventory_turnover_ratio": null,
            "account_receivable_turnover_ratio": null,
            "reinvestment_rate": null,
            "research_to_sale_ratio": null,
            "price_fair": 0,
            "eps_avg_yearly": 0,
            "eps_latest_yearly": 0,
            "eps_growth_yearly": 0
        },
        "20021": {
            "year_quarter": 20021,
            "year": 2002,
            "quarter": 1,
            "eps": null,
            "eps_growth_year": null,
            "eps_4q": null,
            "eps_4q_growth_year": null,
            "roe": null,
            "roe_4q": 0,
            "gross_profit": null,
            "gross_margin": null,
            "gross_margin_4q_avg": 0,
            "net_income": null,
            "net_income_4q": null,
            "revenue": null,
            "revenue_4q": null,
            "common_shares": null,
            "book_valuer_per_share": null,
            "book_valuer_per_share_4q_avg": 0,
            "equity": null,
            "current_ratio": null,
            "debt_ratio": null,
            "inventory_turnover_ratio": null,
            "account_receivable_turnover_ratio": null,
            "reinvestment_rate": null,
            "research_to_sale_ratio": null,
            "price_fair": 0,
            "eps_avg_yearly": 0,
            "eps_latest_yearly": 0,
            "eps_growth_yearly": 0
        },
        "20022": {
            "year_quarter": 20022,
            "year": 2002,
            "quarter": 2,
            "eps": null,
            "eps_growth_year": null,
            "eps_4q": null,
            "eps_4q_growth_year": null,
            "roe": null,
            "roe_4q": 0,
            "gross_profit": null,
            "gross_margin": null,
            "gross_margin_4q_avg": 0,
            "net_income": null,
            "net_income_4q": null,
            "revenue": null,
            "revenue_4q": null,
            "common_shares": null,
            "book_valuer_per_share": null,
            "book_valuer_per_share_4q_avg": 0,
            "equity": null,
            "current_ratio": null,
            "debt_ratio": null,
            "inventory_turnover_ratio": null,
            "account_receivable_turnover_ratio": null,
            "reinvestment_rate": null,
            "research_to_sale_ratio": null,
            "price_fair": 0,
            "eps_avg_yearly": 0,
            "eps_latest_yearly": 0,
            "eps_growth_yearly": 0
        },
        "20023": {
            "year_quarter": 20023,
            "year": 2002,
            "quarter": 3,
            "eps": null,
            "eps_growth_year": null,
            "eps_4q": null,
            "eps_4q_growth_year": null,
            "roe": null,
            "roe_4q": 0,
            "gross_profit": null,
            "gross_margin": null,
            "gross_margin_4q_avg": 0,
            "net_income": null,
            "net_income_4q": null,
            "revenue": null,
            "revenue_4q": null,
            "common_shares": null,
            "book_valuer_per_share": null,
            "book_valuer_per_share_4q_avg": 0,
            "equity": null,
            "current_ratio": null,
            "debt_ratio": null,
            "inventory_turnover_ratio": null,
            "account_receivable_turnover_ratio": null,
            "reinvestment_rate": null,
            "research_to_sale_ratio": null,
            "price_fair": 0,
            "eps_avg_yearly": 0,
            "eps_latest_yearly": 0,
            "eps_growth_yearly": 0
        },
        "20024": {
            "year_quarter": 20024,
            "year": 2002,
            "quarter": 4,
            "eps": null,
            "eps_growth_year": null,
            "eps_4q": null,
            "eps_4q_growth_year": null,
            "roe": null,
            "roe_4q": 0,
            "gross_profit": null,
            "gross_margin": null,
            "gross_margin_4q_avg": 0,
            "net_income": null,
            "net_income_4q": null,
            "revenue": null,
            "revenue_4q": null,
            "common_shares": null,
            "book_valuer_per_share": null,
            "book_valuer_per_share_4q_avg": 0,
            "equity": null,
            "current_ratio": null,
            "debt_ratio": null,
            "inventory_turnover_ratio": null,
            "account_receivable_turnover_ratio": null,
            "reinvestment_rate": null,
            "research_to_sale_ratio": null,
            "price_fair": 0,
            "eps_avg_yearly": 0,
            "eps_latest_yearly": 0,
            "eps_growth_yearly": 0
        },
        "20031": {
            "year_quarter": 20031,
            "year": 2003,
            "quarter": 1,
            "eps": null,
            "eps_growth_year": null,
            "eps_4q": null,
            "eps_4q_growth_year": null,
            "roe": null,
            "roe_4q": 0,
            "gross_profit": null,
            "gross_margin": null,
            "gross_margin_4q_avg": 0,
            "net_income": null,
            "net_income_4q": null,
            "revenue": null,
            "revenue_4q": null,
            "common_shares": null,
            "book_valuer_per_share": null,
            "book_valuer_per_share_4q_avg": 0,
            "equity": null,
            "current_ratio": null,
            "debt_ratio": null,
            "inventory_turnover_ratio": null,
            "account_receivable_turnover_ratio": null,
            "reinvestment_rate": null,
            "research_to_sale_ratio": null,
            "price_fair": 0,
            "eps_avg_yearly": 0,
            "eps_latest_yearly": 0,
            "eps_growth_yearly": 0
        },
        "20032": {
            "year_quarter": 20032,
            "year": 2003,
            "quarter": 2,
            "eps": null,
            "eps_growth_year": null,
            "eps_4q": null,
            "eps_4q_growth_year": null,
            "roe": null,
            "roe_4q": 0,
            "gross_profit": null,
            "gross_margin": null,
            "gross_margin_4q_avg": 0,
            "net_income": null,
            "net_income_4q": null,
            "revenue": null,
            "revenue_4q": null,
            "common_shares": null,
            "book_valuer_per_share": null,
            "book_valuer_per_share_4q_avg": 0,
            "equity": null,
            "current_ratio": null,
            "debt_ratio": null,
            "inventory_turnover_ratio": null,
            "account_receivable_turnover_ratio": null,
            "reinvestment_rate": null,
            "research_to_sale_ratio": null,
            "price_fair": 0,
            "eps_avg_yearly": 0,
            "eps_latest_yearly": 0,
            "eps_growth_yearly": 0
        },
        "20033": {
            "year_quarter": 20033,
            "year": 2003,
            "quarter": 3,
            "eps": null,
            "eps_growth_year": null,
            "eps_4q": null,
            "eps_4q_growth_year": null,
            "roe": null,
            "roe_4q": 0,
            "gross_profit": null,
            "gross_margin": null,
            "gross_margin_4q_avg": 0,
            "net_income": null,
            "net_income_4q": null,
            "revenue": null,
            "revenue_4q": null,
            "common_shares": null,
            "book_valuer_per_share": null,
            "book_valuer_per_share_4q_avg": 0,
            "equity": null,
            "current_ratio": null,
            "debt_ratio": null,
            "inventory_turnover_ratio": null,
            "account_receivable_turnover_ratio": null,
            "reinvestment_rate": null,
            "research_to_sale_ratio": null,
            "price_fair": 0,
            "eps_avg_yearly": 0,
            "eps_latest_yearly": 0,
            "eps_growth_yearly": 0
        },
        "20034": {
            "year_quarter": 20034,
            "year": 2003,
            "quarter": 4,
            "eps": null,
            "eps_growth_year": null,
            "eps_4q": null,
            "eps_4q_growth_year": null,
            "roe": null,
            "roe_4q": 0,
            "gross_profit": null,
            "gross_margin": null,
            "gross_margin_4q_avg": 0,
            "net_income": null,
            "net_income_4q": null,
            "revenue": null,
            "revenue_4q": null,
            "common_shares": null,
            "book_valuer_per_share": null,
            "book_valuer_per_share_4q_avg": 0,
            "equity": null,
            "current_ratio": null,
            "debt_ratio": null,
            "inventory_turnover_ratio": null,
            "account_receivable_turnover_ratio": null,
            "reinvestment_rate": null,
            "research_to_sale_ratio": null,
            "price_fair": 0,
            "eps_avg_yearly": 0,
            "eps_latest_yearly": 0,
            "eps_growth_yearly": 0
        },
        "20041": {
            "year_quarter": 20041,
            "year": 2004,
            "quarter": 1,
            "eps": null,
            "eps_growth_year": null,
            "eps_4q": null,
            "eps_4q_growth_year": null,
            "roe": null,
            "roe_4q": 0,
            "gross_profit": null,
            "gross_margin": null,
            "gross_margin_4q_avg": 0,
            "net_income": null,
            "net_income_4q": null,
            "revenue": null,
            "revenue_4q": null,
            "common_shares": null,
            "book_valuer_per_share": null,
            "book_valuer_per_share_4q_avg": 0,
            "equity": null,
            "current_ratio": null,
            "debt_ratio": null,
            "inventory_turnover_ratio": null,
            "account_receivable_turnover_ratio": null,
            "reinvestment_rate": null,
            "research_to_sale_ratio": null,
            "price_fair": 0,
            "eps_avg_yearly": 0,
            "eps_latest_yearly": 0,
            "eps_growth_yearly": 0
        },
        "20042": {
            "year_quarter": 20042,
            "year": 2004,
            "quarter": 2,
            "eps": null,
            "eps_growth_year": null,
            "eps_4q": null,
            "eps_4q_growth_year": null,
            "roe": null,
            "roe_4q": 0,
            "gross_profit": null,
            "gross_margin": null,
            "gross_margin_4q_avg": 0,
            "net_income": null,
            "net_income_4q": null,
            "revenue": null,
            "revenue_4q": null,
            "common_shares": null,
            "book_valuer_per_share": null,
            "book_valuer_per_share_4q_avg": 0,
            "equity": null,
            "current_ratio": null,
            "debt_ratio": null,
            "inventory_turnover_ratio": null,
            "account_receivable_turnover_ratio": null,
            "reinvestment_rate": null,
            "research_to_sale_ratio": null,
            "price_fair": 0,
            "eps_avg_yearly": 0,
            "eps_latest_yearly": 0,
            "eps_growth_yearly": 0
        },
        "20043": {
            "year_quarter": 20043,
            "year": 2004,
            "quarter": 3,
            "eps": null,
            "eps_growth_year": null,
            "eps_4q": null,
            "eps_4q_growth_year": null,
            "roe": null,
            "roe_4q": 0,
            "gross_profit": null,
            "gross_margin": null,
            "gross_margin_4q_avg": 0,
            "net_income": null,
            "net_income_4q": null,
            "revenue": null,
            "revenue_4q": null,
            "common_shares": null,
            "book_valuer_per_share": null,
            "book_valuer_per_share_4q_avg": 0,
            "equity": null,
            "current_ratio": null,
            "debt_ratio": null,
            "inventory_turnover_ratio": null,
            "account_receivable_turnover_ratio": null,
            "reinvestment_rate": null,
            "research_to_sale_ratio": null,
            "price_fair": 0,
            "eps_avg_yearly": 0,
            "eps_latest_yearly": 0,
            "eps_growth_yearly": 0
        },
        "20044": {
            "year_quarter": 20044,
            "year": 2004,
            "quarter": 4,
            "eps": null,
            "eps_growth_year": null,
            "eps_4q": null,
            "eps_4q_growth_year": null,
            "roe": null,
            "roe_4q": 0,
            "gross_profit": null,
            "gross_margin": null,
            "gross_margin_4q_avg": 0,
            "net_income": null,
            "net_income_4q": null,
            "revenue": null,
            "revenue_4q": null,
            "common_shares": null,
            "book_valuer_per_share": null,
            "book_valuer_per_share_4q_avg": 0,
            "equity": null,
            "current_ratio": null,
            "debt_ratio": null,
            "inventory_turnover_ratio": null,
            "account_receivable_turnover_ratio": null,
            "reinvestment_rate": null,
            "research_to_sale_ratio": null,
            "price_fair": 0,
            "eps_avg_yearly": 0,
            "eps_latest_yearly": 0,
            "eps_growth_yearly": 0
        },
        "20051": {
            "year_quarter": 20051,
            "year": 2005,
            "quarter": 1,
            "eps": null,
            "eps_growth_year": null,
            "eps_4q": null,
            "eps_4q_growth_year": null,
            "roe": null,
            "roe_4q": 0,
            "gross_profit": null,
            "gross_margin": null,
            "gross_margin_4q_avg": 0,
            "net_income": null,
            "net_income_4q": null,
            "revenue": null,
            "revenue_4q": null,
            "common_shares": null,
            "book_valuer_per_share": null,
            "book_valuer_per_share_4q_avg": 0,
            "equity": null,
            "current_ratio": null,
            "debt_ratio": null,
            "inventory_turnover_ratio": null,
            "account_receivable_turnover_ratio": null,
            "reinvestment_rate": null,
            "research_to_sale_ratio": null,
            "price_fair": 0,
            "eps_avg_yearly": 0,
            "eps_latest_yearly": 0,
            "eps_growth_yearly": 0
        },
        "20052": {
            "year_quarter": 20052,
            "year": 2005,
            "quarter": 2,
            "eps": null,
            "eps_growth_year": null,
            "eps_4q": null,
            "eps_4q_growth_year": null,
            "roe": null,
            "roe_4q": 0,
            "gross_profit": null,
            "gross_margin": null,
            "gross_margin_4q_avg": 0,
            "net_income": null,
            "net_income_4q": null,
            "revenue": null,
            "revenue_4q": null,
            "common_shares": null,
            "book_valuer_per_share": null,
            "book_valuer_per_share_4q_avg": 0,
            "equity": null,
            "current_ratio": null,
            "debt_ratio": null,
            "inventory_turnover_ratio": null,
            "account_receivable_turnover_ratio": null,
            "reinvestment_rate": null,
            "research_to_sale_ratio": null,
            "price_fair": 0,
            "eps_avg_yearly": 0,
            "eps_latest_yearly": 0,
            "eps_growth_yearly": 0
        },
        "20053": {
            "year_quarter": 20053,
            "year": 2005,
            "quarter": 3,
            "eps": null,
            "eps_growth_year": null,
            "eps_4q": null,
            "eps_4q_growth_year": null,
            "roe": null,
            "roe_4q": 0,
            "gross_profit": null,
            "gross_margin": null,
            "gross_margin_4q_avg": 0,
            "net_income": null,
            "net_income_4q": null,
            "revenue": null,
            "revenue_4q": null,
            "common_shares": null,
            "book_valuer_per_share": null,
            "book_valuer_per_share_4q_avg": 0,
            "equity": null,
            "current_ratio": null,
            "debt_ratio": null,
            "inventory_turnover_ratio": null,
            "account_receivable_turnover_ratio": null,
            "reinvestment_rate": null,
            "research_to_sale_ratio": null,
            "price_fair": 0,
            "eps_avg_yearly": 0,
            "eps_latest_yearly": 0,
            "eps_growth_yearly": 0
        },
        "20054": {
            "year_quarter": 20054,
            "year": 2005,
            "quarter": 4,
            "eps": null,
            "eps_growth_year": null,
            "eps_4q": null,
            "eps_4q_growth_year": null,
            "roe": null,
            "roe_4q": 0,
            "gross_profit": null,
            "gross_margin": null,
            "gross_margin_4q_avg": 0,
            "net_income": null,
            "net_income_4q": null,
            "revenue": null,
            "revenue_4q": null,
            "common_shares": null,
            "book_valuer_per_share": null,
            "book_valuer_per_share_4q_avg": 0,
            "equity": null,
            "current_ratio": null,
            "debt_ratio": null,
            "inventory_turnover_ratio": null,
            "account_receivable_turnover_ratio": null,
            "reinvestment_rate": null,
            "research_to_sale_ratio": null,
            "price_fair": 0,
            "eps_avg_yearly": 0,
            "eps_latest_yearly": 0,
            "eps_growth_yearly": 0
        },
        "20061": {
            "year_quarter": 20061,
            "year": 2006,
            "quarter": 1,
            "eps": null,
            "eps_growth_year": null,
            "eps_4q": null,
            "eps_4q_growth_year": null,
            "roe": null,
            "roe_4q": 0,
            "gross_profit": null,
            "gross_margin": null,
            "gross_margin_4q_avg": 0,
            "net_income": null,
            "net_income_4q": null,
            "revenue": null,
            "revenue_4q": null,
            "common_shares": null,
            "book_valuer_per_share": null,
            "book_valuer_per_share_4q_avg": 0,
            "equity": null,
            "current_ratio": null,
            "debt_ratio": null,
            "inventory_turnover_ratio": null,
            "account_receivable_turnover_ratio": null,
            "reinvestment_rate": null,
            "research_to_sale_ratio": null,
            "price_fair": 0,
            "eps_avg_yearly": 0,
            "eps_latest_yearly": 0,
            "eps_growth_yearly": 0
        },
        "20062": {
            "year_quarter": 20062,
            "year": 2006,
            "quarter": 2,
            "eps": null,
            "eps_growth_year": null,
            "eps_4q": null,
            "eps_4q_growth_year": null,
            "roe": null,
            "roe_4q": 0,
            "gross_profit": null,
            "gross_margin": null,
            "gross_margin_4q_avg": 0,
            "net_income": null,
            "net_income_4q": null,
            "revenue": null,
            "revenue_4q": null,
            "common_shares": null,
            "book_valuer_per_share": null,
            "book_valuer_per_share_4q_avg": 0,
            "equity": null,
            "current_ratio": null,
            "debt_ratio": null,
            "inventory_turnover_ratio": null,
            "account_receivable_turnover_ratio": null,
            "reinvestment_rate": null,
            "research_to_sale_ratio": null,
            "price_fair": 0,
            "eps_avg_yearly": 0,
            "eps_latest_yearly": 0,
            "eps_growth_yearly": 0
        },
        "20063": {
            "year_quarter": 20063,
            "year": 2006,
            "quarter": 3,
            "eps": null,
            "eps_growth_year": null,
            "eps_4q": null,
            "eps_4q_growth_year": null,
            "roe": null,
            "roe_4q": 0,
            "gross_profit": null,
            "gross_margin": null,
            "gross_margin_4q_avg": 0,
            "net_income": null,
            "net_income_4q": null,
            "revenue": null,
            "revenue_4q": null,
            "common_shares": null,
            "book_valuer_per_share": null,
            "book_valuer_per_share_4q_avg": 0,
            "equity": null,
            "current_ratio": null,
            "debt_ratio": null,
            "inventory_turnover_ratio": null,
            "account_receivable_turnover_ratio": null,
            "reinvestment_rate": null,
            "research_to_sale_ratio": null,
            "price_fair": 0,
            "eps_avg_yearly": 0,
            "eps_latest_yearly": 0,
            "eps_growth_yearly": 0
        },
        "20064": {
            "year_quarter": 20064,
            "year": 2006,
            "quarter": 4,
            "eps": null,
            "eps_growth_year": null,
            "eps_4q": null,
            "eps_4q_growth_year": null,
            "roe": null,
            "roe_4q": 0,
            "gross_profit": null,
            "gross_margin": null,
            "gross_margin_4q_avg": 0,
            "net_income": null,
            "net_income_4q": null,
            "revenue": null,
            "revenue_4q": null,
            "common_shares": 160000,
            "book_valuer_per_share": 14.55,
            "book_valuer_per_share_4q_avg": 3.64,
            "equity": 232810,
            "current_ratio": 207.95,
            "debt_ratio": 33.94,
            "inventory_turnover_ratio": null,
            "account_receivable_turnover_ratio": null,
            "reinvestment_rate": null,
            "research_to_sale_ratio": null,
            "price_fair": 0,
            "eps_avg_yearly": 0,
            "eps_latest_yearly": 0,
            "eps_growth_yearly": 0
        },
        "20071": {
            "year_quarter": 20071,
            "year": 2007,
            "quarter": 1,
            "eps": null,
            "eps_growth_year": null,
            "eps_4q": null,
            "eps_4q_growth_year": null,
            "roe": null,
            "roe_4q": 0,
            "gross_profit": null,
            "gross_margin": null,
            "gross_margin_4q_avg": 0,
            "net_income": null,
            "net_income_4q": null,
            "revenue": null,
            "revenue_4q": null,
            "common_shares": null,
            "book_valuer_per_share": null,
            "book_valuer_per_share_4q_avg": 3.64,
            "equity": null,
            "current_ratio": null,
            "debt_ratio": null,
            "inventory_turnover_ratio": null,
            "account_receivable_turnover_ratio": null,
            "reinvestment_rate": null,
            "research_to_sale_ratio": null,
            "price_fair": 0,
            "eps_avg_yearly": 0,
            "eps_latest_yearly": 0,
            "eps_growth_yearly": 0
        },
        "20072": {
            "year_quarter": 20072,
            "year": 2007,
            "quarter": 2,
            "eps": null,
            "eps_growth_year": null,
            "eps_4q": null,
            "eps_4q_growth_year": null,
            "roe": null,
            "roe_4q": 0,
            "gross_profit": null,
            "gross_margin": null,
            "gross_margin_4q_avg": 0,
            "net_income": null,
            "net_income_4q": null,
            "revenue": null,
            "revenue_4q": null,
            "common_shares": null,
            "book_valuer_per_share": null,
            "book_valuer_per_share_4q_avg": 3.64,
            "equity": null,
            "current_ratio": null,
            "debt_ratio": null,
            "inventory_turnover_ratio": null,
            "account_receivable_turnover_ratio": null,
            "reinvestment_rate": null,
            "research_to_sale_ratio": null,
            "price_fair": 0,
            "eps_avg_yearly": 0,
            "eps_latest_yearly": 0,
            "eps_growth_yearly": 0
        },
        "20073": {
            "year_quarter": 20073,
            "year": 2007,
            "quarter": 3,
            "eps": null,
            "eps_growth_year": null,
            "eps_4q": null,
            "eps_4q_growth_year": null,
            "roe": null,
            "roe_4q": 0,
            "gross_profit": null,
            "gross_margin": null,
            "gross_margin_4q_avg": 0,
            "net_income": null,
            "net_income_4q": null,
            "revenue": null,
            "revenue_4q": null,
            "common_shares": null,
            "book_valuer_per_share": null,
            "book_valuer_per_share_4q_avg": 3.64,
            "equity": null,
            "current_ratio": null,
            "debt_ratio": null,
            "inventory_turnover_ratio": null,
            "account_receivable_turnover_ratio": null,
            "reinvestment_rate": null,
            "research_to_sale_ratio": null,
            "price_fair": 0,
            "eps_avg_yearly": 0,
            "eps_latest_yearly": 0,
            "eps_growth_yearly": 0
        },
        "20074": {
            "year_quarter": 20074,
            "year": 2007,
            "quarter": 4,
            "eps": null,
            "eps_growth_year": null,
            "eps_4q": null,
            "eps_4q_growth_year": null,
            "roe": null,
            "roe_4q": 0,
            "gross_profit": null,
            "gross_margin": null,
            "gross_margin_4q_avg": 0,
            "net_income": null,
            "net_income_4q": null,
            "revenue": null,
            "revenue_4q": null,
            "common_shares": 200000,
            "book_valuer_per_share": 13.99,
            "book_valuer_per_share_4q_avg": 3.5,
            "equity": 279859,
            "current_ratio": 205.8,
            "debt_ratio": 30.4,
            "inventory_turnover_ratio": null,
            "account_receivable_turnover_ratio": null,
            "reinvestment_rate": null,
            "research_to_sale_ratio": null,
            "price_fair": 0,
            "eps_avg_yearly": 0,
            "eps_latest_yearly": 0,
            "eps_growth_yearly": 0
        },
        "20081": {
            "year_quarter": 20081,
            "year": 2008,
            "quarter": 1,
            "eps": null,
            "eps_growth_year": null,
            "eps_4q": null,
            "eps_4q_growth_year": null,
            "roe": null,
            "roe_4q": 0,
            "gross_profit": null,
            "gross_margin": null,
            "gross_margin_4q_avg": 0,
            "net_income": null,
            "net_income_4q": null,
            "revenue": null,
            "revenue_4q": null,
            "common_shares": null,
            "book_valuer_per_share": null,
            "book_valuer_per_share_4q_avg": 3.5,
            "equity": null,
            "current_ratio": null,
            "debt_ratio": null,
            "inventory_turnover_ratio": null,
            "account_receivable_turnover_ratio": null,
            "reinvestment_rate": null,
            "research_to_sale_ratio": null,
            "price_fair": 0,
            "eps_avg_yearly": 0,
            "eps_latest_yearly": 0,
            "eps_growth_yearly": 0
        },
        "20082": {
            "year_quarter": 20082,
            "year": 2008,
            "quarter": 2,
            "eps": null,
            "eps_growth_year": null,
            "eps_4q": null,
            "eps_4q_growth_year": null,
            "roe": null,
            "roe_4q": 0,
            "gross_profit": null,
            "gross_margin": null,
            "gross_margin_4q_avg": 0,
            "net_income": null,
            "net_income_4q": null,
            "revenue": null,
            "revenue_4q": null,
            "common_shares": null,
            "book_valuer_per_share": null,
            "book_valuer_per_share_4q_avg": 3.5,
            "equity": null,
            "current_ratio": null,
            "debt_ratio": null,
            "inventory_turnover_ratio": null,
            "account_receivable_turnover_ratio": null,
            "reinvestment_rate": null,
            "research_to_sale_ratio": null,
            "price_fair": 0,
            "eps_avg_yearly": 0,
            "eps_latest_yearly": 0,
            "eps_growth_yearly": 0
        },
        "20083": {
            "year_quarter": 20083,
            "year": 2008,
            "quarter": 3,
            "eps": null,
            "eps_growth_year": null,
            "eps_4q": null,
            "eps_4q_growth_year": null,
            "roe": null,
            "roe_4q": 0,
            "gross_profit": null,
            "gross_margin": null,
            "gross_margin_4q_avg": 0,
            "net_income": null,
            "net_income_4q": null,
            "revenue": null,
            "revenue_4q": null,
            "common_shares": null,
            "book_valuer_per_share": null,
            "book_valuer_per_share_4q_avg": 3.5,
            "equity": null,
            "current_ratio": null,
            "debt_ratio": null,
            "inventory_turnover_ratio": null,
            "account_receivable_turnover_ratio": null,
            "reinvestment_rate": null,
            "research_to_sale_ratio": null,
            "price_fair": 0,
            "eps_avg_yearly": 0,
            "eps_latest_yearly": 0,
            "eps_growth_yearly": 0
        },
        "20084": {
            "year_quarter": 20084,
            "year": 2008,
            "quarter": 4,
            "eps": null,
            "eps_growth_year": null,
            "eps_4q": null,
            "eps_4q_growth_year": null,
            "roe": null,
            "roe_4q": 0,
            "gross_profit": null,
            "gross_margin": null,
            "gross_margin_4q_avg": 0,
            "net_income": null,
            "net_income_4q": null,
            "revenue": null,
            "revenue_4q": null,
            "common_shares": 200000,
            "book_valuer_per_share": 14.3,
            "book_valuer_per_share_4q_avg": 3.58,
            "equity": 286073,
            "current_ratio": 253.21,
            "debt_ratio": 24.13,
            "inventory_turnover_ratio": null,
            "account_receivable_turnover_ratio": null,
            "reinvestment_rate": null,
            "research_to_sale_ratio": null,
            "price_fair": 0,
            "eps_avg_yearly": 0,
            "eps_latest_yearly": 0,
            "eps_growth_yearly": 0
        },
        "20091": {
            "year_quarter": 20091,
            "year": 2009,
            "quarter": 1,
            "eps": null,
            "eps_growth_year": null,
            "eps_4q": null,
            "eps_4q_growth_year": null,
            "roe": null,
            "roe_4q": 0,
            "gross_profit": null,
            "gross_margin": null,
            "gross_margin_4q_avg": 0,
            "net_income": null,
            "net_income_4q": null,
            "revenue": null,
            "revenue_4q": null,
            "common_shares": null,
            "book_valuer_per_share": null,
            "book_valuer_per_share_4q_avg": 3.58,
            "equity": null,
            "current_ratio": null,
            "debt_ratio": null,
            "inventory_turnover_ratio": null,
            "account_receivable_turnover_ratio": null,
            "reinvestment_rate": null,
            "research_to_sale_ratio": null,
            "price_fair": 0,
            "eps_avg_yearly": 0,
            "eps_latest_yearly": 0,
            "eps_growth_yearly": 0
        },
        "20092": {
            "year_quarter": 20092,
            "year": 2009,
            "quarter": 2,
            "eps": null,
            "eps_growth_year": null,
            "eps_4q": null,
            "eps_4q_growth_year": null,
            "roe": null,
            "roe_4q": 0,
            "gross_profit": null,
            "gross_margin": null,
            "gross_margin_4q_avg": 0,
            "net_income": null,
            "net_income_4q": null,
            "revenue": null,
            "revenue_4q": null,
            "common_shares": null,
            "book_valuer_per_share": null,
            "book_valuer_per_share_4q_avg": 3.58,
            "equity": null,
            "current_ratio": null,
            "debt_ratio": null,
            "inventory_turnover_ratio": null,
            "account_receivable_turnover_ratio": null,
            "reinvestment_rate": null,
            "research_to_sale_ratio": null,
            "price_fair": 0,
            "eps_avg_yearly": 0,
            "eps_latest_yearly": 0,
            "eps_growth_yearly": 0
        },
        "20093": {
            "year_quarter": 20093,
            "year": 2009,
            "quarter": 3,
            "eps": null,
            "eps_growth_year": null,
            "eps_4q": null,
            "eps_4q_growth_year": null,
            "roe": null,
            "roe_4q": 0,
            "gross_profit": null,
            "gross_margin": null,
            "gross_margin_4q_avg": 0,
            "net_income": null,
            "net_income_4q": null,
            "revenue": null,
            "revenue_4q": null,
            "common_shares": null,
            "book_valuer_per_share": null,
            "book_valuer_per_share_4q_avg": 3.58,
            "equity": null,
            "current_ratio": null,
            "debt_ratio": null,
            "inventory_turnover_ratio": null,
            "account_receivable_turnover_ratio": null,
            "reinvestment_rate": null,
            "research_to_sale_ratio": null,
            "price_fair": 0,
            "eps_avg_yearly": 0,
            "eps_latest_yearly": 0,
            "eps_growth_yearly": 0
        },
        "20094": {
            "year_quarter": 20094,
            "year": 2009,
            "quarter": 4,
            "eps": null,
            "eps_growth_year": null,
            "eps_4q": null,
            "eps_4q_growth_year": null,
            "roe": null,
            "roe_4q": 0,
            "gross_profit": null,
            "gross_margin": null,
            "gross_margin_4q_avg": 0,
            "net_income": null,
            "net_income_4q": null,
            "revenue": null,
            "revenue_4q": null,
            "common_shares": 500000,
            "book_valuer_per_share": 12.59,
            "book_valuer_per_share_4q_avg": 3.15,
            "equity": 629748,
            "current_ratio": 283.58,
            "debt_ratio": 28.55,
            "inventory_turnover_ratio": null,
            "account_receivable_turnover_ratio": null,
            "reinvestment_rate": null,
            "research_to_sale_ratio": null,
            "price_fair": 0,
            "eps_avg_yearly": 0,
            "eps_latest_yearly": 0,
            "eps_growth_yearly": 0
        },
        "20101": {
            "year_quarter": 20101,
            "year": 2010,
            "quarter": 1,
            "eps": null,
            "eps_growth_year": null,
            "eps_4q": null,
            "eps_4q_growth_year": null,
            "roe": null,
            "roe_4q": 0,
            "gross_profit": null,
            "gross_margin": null,
            "gross_margin_4q_avg": 0,
            "net_income": null,
            "net_income_4q": null,
            "revenue": null,
            "revenue_4q": null,
            "common_shares": null,
            "book_valuer_per_share": null,
            "book_valuer_per_share_4q_avg": 3.15,
            "equity": null,
            "current_ratio": null,
            "debt_ratio": null,
            "inventory_turnover_ratio": null,
            "account_receivable_turnover_ratio": null,
            "reinvestment_rate": null,
            "research_to_sale_ratio": null,
            "price_fair": 0,
            "eps_avg_yearly": 0,
            "eps_latest_yearly": 0,
            "eps_growth_yearly": 0
        },
        "20102": {
            "year_quarter": 20102,
            "year": 2010,
            "quarter": 2,
            "eps": null,
            "eps_growth_year": null,
            "eps_4q": null,
            "eps_4q_growth_year": null,
            "roe": null,
            "roe_4q": 0,
            "gross_profit": null,
            "gross_margin": null,
            "gross_margin_4q_avg": 0,
            "net_income": null,
            "net_income_4q": null,
            "revenue": null,
            "revenue_4q": null,
            "common_shares": 500000,
            "book_valuer_per_share": null,
            "book_valuer_per_share_4q_avg": 3.15,
            "equity": 686447,
            "current_ratio": null,
            "debt_ratio": null,
            "inventory_turnover_ratio": null,
            "account_receivable_turnover_ratio": null,
            "reinvestment_rate": null,
            "research_to_sale_ratio": null,
            "price_fair": 0,
            "eps_avg_yearly": 0,
            "eps_latest_yearly": 0,
            "eps_growth_yearly": 0
        },
        "20103": {
            "year_quarter": 20103,
            "year": 2010,
            "quarter": 3,
            "eps": null,
            "eps_growth_year": null,
            "eps_4q": null,
            "eps_4q_growth_year": null,
            "roe": null,
            "roe_4q": 0,
            "gross_profit": null,
            "gross_margin": null,
            "gross_margin_4q_avg": 0,
            "net_income": null,
            "net_income_4q": null,
            "revenue": null,
            "revenue_4q": null,
            "common_shares": null,
            "book_valuer_per_share": null,
            "book_valuer_per_share_4q_avg": 3.15,
            "equity": null,
            "current_ratio": null,
            "debt_ratio": null,
            "inventory_turnover_ratio": null,
            "account_receivable_turnover_ratio": null,
            "reinvestment_rate": null,
            "research_to_sale_ratio": null,
            "price_fair": 0,
            "eps_avg_yearly": 0,
            "eps_latest_yearly": 0,
            "eps_growth_yearly": 0
        },
        "20104": {
            "year_quarter": 20104,
            "year": 2010,
            "quarter": 4,
            "eps": null,
            "eps_growth_year": null,
            "eps_4q": null,
            "eps_4q_growth_year": null,
            "roe": null,
            "roe_4q": 0,
            "gross_profit": null,
            "gross_margin": null,
            "gross_margin_4q_avg": 0,
            "net_income": null,
            "net_income_4q": null,
            "revenue": null,
            "revenue_4q": null,
            "common_shares": 645000,
            "book_valuer_per_share": 14.26,
            "book_valuer_per_share_4q_avg": 3.57,
            "equity": 920025,
            "current_ratio": 426.67,
            "debt_ratio": 20.97,
            "inventory_turnover_ratio": null,
            "account_receivable_turnover_ratio": null,
            "reinvestment_rate": null,
            "research_to_sale_ratio": null,
            "price_fair": 0,
            "eps_avg_yearly": 0,
            "eps_latest_yearly": 0,
            "eps_growth_yearly": 0
        },
        "20111": {
            "year_quarter": 20111,
            "year": 2011,
            "quarter": 1,
            "eps": null,
            "eps_growth_year": null,
            "eps_4q": null,
            "eps_4q_growth_year": null,
            "roe": null,
            "roe_4q": 0,
            "gross_profit": null,
            "gross_margin": null,
            "gross_margin_4q_avg": 0,
            "net_income": null,
            "net_income_4q": null,
            "revenue": null,
            "revenue_4q": null,
            "common_shares": null,
            "book_valuer_per_share": null,
            "book_valuer_per_share_4q_avg": 3.57,
            "equity": null,
            "current_ratio": null,
            "debt_ratio": null,
            "inventory_turnover_ratio": null,
            "account_receivable_turnover_ratio": null,
            "reinvestment_rate": null,
            "research_to_sale_ratio": null,
            "price_fair": 0,
            "eps_avg_yearly": 0,
            "eps_latest_yearly": 0,
            "eps_growth_yearly": 0
        },
        "20112": {
            "year_quarter": 20112,
            "year": 2011,
            "quarter": 2,
            "eps": null,
            "eps_growth_year": null,
            "eps_4q": null,
            "eps_4q_growth_year": null,
            "roe": null,
            "roe_4q": 0,
            "gross_profit": null,
            "gross_margin": null,
            "gross_margin_4q_avg": 0,
            "net_income": null,
            "net_income_4q": null,
            "revenue": null,
            "revenue_4q": null,
            "common_shares": 645000,
            "book_valuer_per_share": 13.16,
            "book_valuer_per_share_4q_avg": 6.86,
            "equity": 848578,
            "current_ratio": 334.73,
            "debt_ratio": 25.64,
            "inventory_turnover_ratio": null,
            "account_receivable_turnover_ratio": null,
            "reinvestment_rate": null,
            "research_to_sale_ratio": null,
            "price_fair": 0,
            "eps_avg_yearly": 0,
            "eps_latest_yearly": 0,
            "eps_growth_yearly": 0
        },
        "20113": {
            "year_quarter": 20113,
            "year": 2011,
            "quarter": 3,
            "eps": null,
            "eps_growth_year": null,
            "eps_4q": null,
            "eps_4q_growth_year": null,
            "roe": null,
            "roe_4q": 0,
            "gross_profit": null,
            "gross_margin": null,
            "gross_margin_4q_avg": 0,
            "net_income": null,
            "net_income_4q": null,
            "revenue": null,
            "revenue_4q": null,
            "common_shares": null,
            "book_valuer_per_share": null,
            "book_valuer_per_share_4q_avg": 6.86,
            "equity": null,
            "current_ratio": null,
            "debt_ratio": null,
            "inventory_turnover_ratio": null,
            "account_receivable_turnover_ratio": null,
            "reinvestment_rate": null,
            "research_to_sale_ratio": null,
            "price_fair": 0,
            "eps_avg_yearly": 0,
            "eps_latest_yearly": 0,
            "eps_growth_yearly": 0
        },
        "20114": {
            "year_quarter": 20114,
            "year": 2011,
            "quarter": 4,
            "eps": null,
            "eps_growth_year": null,
            "eps_4q": null,
            "eps_4q_growth_year": null,
            "roe": null,
            "roe_4q": 0,
            "gross_profit": null,
            "gross_margin": null,
            "gross_margin_4q_avg": 0,
            "net_income": null,
            "net_income_4q": null,
            "revenue": null,
            "revenue_4q": null,
            "common_shares": 645000,
            "book_valuer_per_share": 14.94,
            "book_valuer_per_share_4q_avg": 7.03,
            "equity": 963593,
            "current_ratio": 331.91,
            "debt_ratio": 23.99,
            "inventory_turnover_ratio": null,
            "account_receivable_turnover_ratio": null,
            "reinvestment_rate": null,
            "research_to_sale_ratio": null,
            "price_fair": 0,
            "eps_avg_yearly": 0,
            "eps_latest_yearly": 0,
            "eps_growth_yearly": 0
        },
        "20121": {
            "year_quarter": 20121,
            "year": 2012,
            "quarter": 1,
            "eps": null,
            "eps_growth_year": null,
            "eps_4q": null,
            "eps_4q_growth_year": null,
            "roe": null,
            "roe_4q": 0,
            "gross_profit": null,
            "gross_margin": null,
            "gross_margin_4q_avg": 0,
            "net_income": null,
            "net_income_4q": null,
            "revenue": null,
            "revenue_4q": null,
            "common_shares": null,
            "book_valuer_per_share": null,
            "book_valuer_per_share_4q_avg": 7.03,
            "equity": null,
            "current_ratio": null,
            "debt_ratio": null,
            "inventory_turnover_ratio": null,
            "account_receivable_turnover_ratio": null,
            "reinvestment_rate": null,
            "research_to_sale_ratio": null,
            "price_fair": 0,
            "eps_avg_yearly": 0,
            "eps_latest_yearly": 0,
            "eps_growth_yearly": 0
        },
        "20122": {
            "year_quarter": 20122,
            "year": 2012,
            "quarter": 2,
            "eps": null,
            "eps_growth_year": null,
            "eps_4q": null,
            "eps_4q_growth_year": null,
            "roe": null,
            "roe_4q": 0,
            "gross_profit": null,
            "gross_margin": null,
            "gross_margin_4q_avg": 0,
            "net_income": null,
            "net_income_4q": null,
            "revenue": null,
            "revenue_4q": null,
            "common_shares": 645000,
            "book_valuer_per_share": 14.42,
            "book_valuer_per_share_4q_avg": 7.34,
            "equity": 930199,
            "current_ratio": 203.45,
            "debt_ratio": 30.97,
            "inventory_turnover_ratio": null,
            "account_receivable_turnover_ratio": null,
            "reinvestment_rate": null,
            "research_to_sale_ratio": null,
            "price_fair": 0,
            "eps_avg_yearly": 0,
            "eps_latest_yearly": 0,
            "eps_growth_yearly": 0
        },
        "20123": {
            "year_quarter": 20123,
            "year": 2012,
            "quarter": 3,
            "eps": null,
            "eps_growth_year": null,
            "eps_4q": null,
            "eps_4q_growth_year": null,
            "roe": null,
            "roe_4q": 0,
            "gross_profit": 113640,
            "gross_margin": null,
            "gross_margin_4q_avg": 0,
            "net_income": 36747,
            "net_income_4q": null,
            "revenue": 363310,
            "revenue_4q": null,
            "common_shares": 645000,
            "book_valuer_per_share": null,
            "book_valuer_per_share_4q_avg": 7.34,
            "equity": 947912,
            "current_ratio": null,
            "debt_ratio": null,
            "inventory_turnover_ratio": null,
            "account_receivable_turnover_ratio": null,
            "reinvestment_rate": null,
            "research_to_sale_ratio": null,
            "price_fair": 0,
            "eps_avg_yearly": 0,
            "eps_latest_yearly": 0,
            "eps_growth_yearly": 0
        },
        "20124": {
            "year_quarter": 20124,
            "year": 2012,
            "quarter": 4,
            "eps": null,
            "eps_growth_year": null,
            "eps_4q": null,
            "eps_4q_growth_year": null,
            "roe": null,
            "roe_4q": 0,
            "gross_profit": 128701,
            "gross_margin": null,
            "gross_margin_4q_avg": 0,
            "net_income": 46822,
            "net_income_4q": null,
            "revenue": 419488,
            "revenue_4q": null,
            "common_shares": 645000,
            "book_valuer_per_share": 15.48,
            "book_valuer_per_share_4q_avg": 7.48,
            "equity": 998634,
            "current_ratio": 266.6,
            "debt_ratio": 23.38,
            "inventory_turnover_ratio": null,
            "account_receivable_turnover_ratio": null,
            "reinvestment_rate": null,
            "research_to_sale_ratio": null,
            "price_fair": 0,
            "eps_avg_yearly": 0,
            "eps_latest_yearly": 0,
            "eps_growth_yearly": 0
        },
        "20131": {
            "year_quarter": 20131,
            "year": 2013,
            "quarter": 1,
            "eps": null,
            "eps_growth_year": null,
            "eps_4q": null,
            "eps_4q_growth_year": null,
            "roe": null,
            "roe_4q": 0,
            "gross_profit": 105591,
            "gross_margin": null,
            "gross_margin_4q_avg": 0,
            "net_income": 33399,
            "net_income_4q": null,
            "revenue": 350436,
            "revenue_4q": null,
            "common_shares": 645000,
            "book_valuer_per_share": 16.09,
            "book_valuer_per_share_4q_avg": 11.5,
            "equity": 1037932,
            "current_ratio": 303.58,
            "debt_ratio": 22.34,
            "inventory_turnover_ratio": null,
            "account_receivable_turnover_ratio": null,
            "reinvestment_rate": null,
            "research_to_sale_ratio": null,
            "price_fair": 0,
            "eps_avg_yearly": 0,
            "eps_latest_yearly": 0,
            "eps_growth_yearly": 0
        },
        "20132": {
            "year_quarter": 20132,
            "year": 2013,
            "quarter": 2,
            "eps": 0.64,
            "eps_growth_year": null,
            "eps_4q": 0.64,
            "eps_4q_growth_year": null,
            "roe": 4.04,
            "roe_4q": 4.04,
            "gross_profit": 122781,
            "gross_margin": 28.8,
            "gross_margin_4q_avg": 7.2,
            "net_income": 41039,
            "net_income_4q": null,
            "revenue": 426376,
            "revenue_4q": null,
            "common_shares": 645000,
            "book_valuer_per_share": 15.41,
            "book_valuer_per_share_4q_avg": 11.75,
            "equity": 993760,
            "current_ratio": 234.56,
            "debt_ratio": 27.98,
            "inventory_turnover_ratio": 1.01,
            "account_receivable_turnover_ratio": 4.51,
            "reinvestment_rate": null,
            "research_to_sale_ratio": null,
            "price_fair": 0,
            "eps_avg_yearly": 0,
            "eps_latest_yearly": 0,
            "eps_growth_yearly": 0
        },
        "20133": {
            "year_quarter": 20133,
            "year": 2013,
            "quarter": 3,
            "eps": 0.57,
            "eps_growth_year": null,
            "eps_4q": 1.2,
            "eps_4q_growth_year": null,
            "roe": 3.61,
            "roe_4q": 7.65,
            "gross_profit": 143333,
            "gross_margin": 32.41,
            "gross_margin_4q_avg": 15.3,
            "net_income": 36463,
            "net_income_4q": null,
            "revenue": 442206,
            "revenue_4q": null,
            "common_shares": 645000,
            "book_valuer_per_share": 15.91,
            "book_valuer_per_share_4q_avg": 15.72,
            "equity": 1026403,
            "current_ratio": 292.95,
            "debt_ratio": 22.91,
            "inventory_turnover_ratio": 0.96,
            "account_receivable_turnover_ratio": 2.26,
            "reinvestment_rate": null,
            "research_to_sale_ratio": 0.43,
            "price_fair": 6.84,
            "eps_avg_yearly": 2.28,
            "eps_latest_yearly": 2.28,
            "eps_growth_yearly": -43.75
        },
        "20134": {
            "year_quarter": 20134,
            "year": 2013,
            "quarter": 4,
            "eps": 0.75,
            "eps_growth_year": null,
            "eps_4q": 1.82,
            "eps_4q_growth_year": null,
            "roe": 4.7,
            "roe_4q": 12.350000000000001,
            "gross_profit": 163937,
            "gross_margin": 31.65,
            "gross_margin_4q_avg": 23.22,
            "net_income": 54629,
            "net_income_4q": null,
            "revenue": 517965,
            "revenue_4q": null,
            "common_shares": 726000,
            "book_valuer_per_share": 17.91,
            "book_valuer_per_share_4q_avg": 16.33,
            "equity": 1300630,
            "current_ratio": 371.3,
            "debt_ratio": 20.73,
            "inventory_turnover_ratio": 1.13,
            "account_receivable_turnover_ratio": 2.7,
            "reinvestment_rate": null,
            "research_to_sale_ratio": 0.35,
            "price_fair": 92.4,
            "eps_avg_yearly": 2.64,
            "eps_latest_yearly": 3,
            "eps_growth_yearly": 41.28
        },
        "20141": {
            "year_quarter": 20141,
            "year": 2014,
            "quarter": 1,
            "eps": 0.43,
            "eps_growth_year": null,
            "eps_4q": 2.25,
            "eps_4q_growth_year": null,
            "roe": 2.35,
            "roe_4q": 14.7,
            "gross_profit": 116991,
            "gross_margin": 29.96,
            "gross_margin_4q_avg": 30.71,
            "net_income": 31092,
            "net_income_4q": null,
            "revenue": 390448,
            "revenue_4q": null,
            "common_shares": 726000,
            "book_valuer_per_share": 18.51,
            "book_valuer_per_share_4q_avg": 16.94,
            "equity": 1344040,
            "current_ratio": 432.91,
            "debt_ratio": 17.96,
            "inventory_turnover_ratio": 0.82,
            "account_receivable_turnover_ratio": 2.32,
            "reinvestment_rate": null,
            "research_to_sale_ratio": 0.84,
            "price_fair": 7,
            "eps_avg_yearly": 2.33,
            "eps_latest_yearly": 1.72,
            "eps_growth_yearly": -29.37
        },
        "20142": {
            "year_quarter": 20142,
            "year": 2014,
            "quarter": 2,
            "eps": 0.56,
            "eps_growth_year": -11.99,
            "eps_4q": 2.24,
            "eps_4q_growth_year": 252.02,
            "roe": 3.12,
            "roe_4q": 13.780000000000001,
            "gross_profit": 145532,
            "gross_margin": 29.7,
            "gross_margin_4q_avg": 30.93,
            "net_income": 40424,
            "net_income_4q": null,
            "revenue": 490033,
            "revenue_4q": null,
            "common_shares": 726000,
            "book_valuer_per_share": 17.23,
            "book_valuer_per_share_4q_avg": 17.39,
            "equity": 1250692,
            "current_ratio": 287.64,
            "debt_ratio": 24.77,
            "inventory_turnover_ratio": 0.99,
            "account_receivable_turnover_ratio": 3.05,
            "reinvestment_rate": null,
            "research_to_sale_ratio": 0.77,
            "price_fair": 42.06,
            "eps_avg_yearly": 2.31,
            "eps_latest_yearly": 2.24,
            "eps_growth_yearly": 8.21
        },
        "20143": {
            "year_quarter": 20143,
            "year": 2014,
            "quarter": 3,
            "eps": 0.76,
            "eps_growth_year": 33.33,
            "eps_4q": 2.49,
            "eps_4q_growth_year": 107.57,
            "roe": 4.27,
            "roe_4q": 14.440000000000001,
            "gross_profit": 154249,
            "gross_margin": 30.5,
            "gross_margin_4q_avg": 30.45,
            "net_income": 54932,
            "net_income_4q": null,
            "revenue": 505765,
            "revenue_4q": null,
            "common_shares": 726000,
            "book_valuer_per_share": 18.18,
            "book_valuer_per_share_4q_avg": 17.96,
            "equity": 1320138,
            "current_ratio": 398.44,
            "debt_ratio": 18.12,
            "inventory_turnover_ratio": 0.98,
            "account_receivable_turnover_ratio": 2.99,
            "reinvestment_rate": null,
            "research_to_sale_ratio": 0.84,
            "price_fair": 85.96,
            "eps_avg_yearly": 2.46,
            "eps_latest_yearly": 3.04,
            "eps_growth_yearly": 35.14
        },
        "20144": {
            "year_quarter": 20144,
            "year": 2014,
            "quarter": 4,
            "eps": 0.77,
            "eps_growth_year": 1.88,
            "eps_4q": 2.51,
            "eps_4q_growth_year": 37.82,
            "roe": 4.09,
            "roe_4q": 13.83,
            "gross_profit": 168887,
            "gross_margin": 30.06,
            "gross_margin_4q_avg": 30.06,
            "net_income": 55657,
            "net_income_4q": null,
            "revenue": 561807,
            "revenue_4q": null,
            "common_shares": 726000,
            "book_valuer_per_share": 19.26,
            "book_valuer_per_share_4q_avg": 18.3,
            "equity": 1398610,
            "current_ratio": 401.8,
            "debt_ratio": 18.45,
            "inventory_turnover_ratio": 1.01,
            "account_receivable_turnover_ratio": 3.29,
            "reinvestment_rate": null,
            "research_to_sale_ratio": 1.01,
            "price_fair": 89.6,
            "eps_avg_yearly": 2.56,
            "eps_latest_yearly": 3.08,
            "eps_growth_yearly": 30.16
        },
        "20151": {
            "year_quarter": 20151,
            "year": 2015,
            "quarter": 1,
            "eps": 0.58,
            "eps_growth_year": 34.88,
            "eps_4q": 2.66,
            "eps_4q_growth_year": 18.19,
            "roe": 2.97,
            "roe_4q": 14.45,
            "gross_profit": 145665,
            "gross_margin": 30.13,
            "gross_margin_4q_avg": 30.1,
            "net_income": 41902,
            "net_income_4q": null,
            "revenue": 483441,
            "revenue_4q": null,
            "common_shares": 726000,
            "book_valuer_per_share": 19.64,
            "book_valuer_per_share_4q_avg": 18.58,
            "equity": 1426152,
            "current_ratio": 461.21,
            "debt_ratio": 16.51,
            "inventory_turnover_ratio": 0.84,
            "account_receivable_turnover_ratio": 2.85,
            "reinvestment_rate": null,
            "research_to_sale_ratio": 0.82,
            "price_fair": 54.93,
            "eps_avg_yearly": 2.53,
            "eps_latest_yearly": 2.32,
            "eps_growth_yearly": 11.75
        },
        "20152": {
            "year_quarter": 20152,
            "year": 2015,
            "quarter": 2,
            "eps": 0.65,
            "eps_growth_year": 16.07,
            "eps_4q": 2.75,
            "eps_4q_growth_year": 22.63,
            "roe": 3.41,
            "roe_4q": 14.74,
            "gross_profit": 166980,
            "gross_margin": 31.22,
            "gross_margin_4q_avg": 30.48,
            "net_income": 46913,
            "net_income_4q": null,
            "revenue": 534829,
            "revenue_4q": null,
            "common_shares": 726000,
            "book_valuer_per_share": 18.22,
            "book_valuer_per_share_4q_avg": 18.83,
            "equity": 1323059,
            "current_ratio": 261.21,
            "debt_ratio": 24.54,
            "inventory_turnover_ratio": 0.91,
            "account_receivable_turnover_ratio": 2.77,
            "reinvestment_rate": null,
            "research_to_sale_ratio": 0.77,
            "price_fair": 66.71,
            "eps_avg_yearly": 2.54,
            "eps_latest_yearly": 2.6,
            "eps_growth_yearly": 16.32
        },
        "20153": {
            "year_quarter": 20153,
            "year": 2015,
            "quarter": 3,
            "eps": 0.97,
            "eps_growth_year": 27.63,
            "eps_4q": 2.96,
            "eps_4q_growth_year": 18.58,
            "roe": 5.12,
            "roe_4q": 15.590000000000002,
            "gross_profit": 180254,
            "gross_margin": 33.23,
            "gross_margin_4q_avg": 31.16,
            "net_income": 70258,
            "net_income_4q": null,
            "revenue": 542509,
            "revenue_4q": null,
            "common_shares": 726000,
            "book_valuer_per_share": 19.56,
            "book_valuer_per_share_4q_avg": 19.17,
            "equity": 1420005,
            "current_ratio": 353.59,
            "debt_ratio": 17.99,
            "inventory_turnover_ratio": 0.88,
            "account_receivable_turnover_ratio": 2.46,
            "reinvestment_rate": null,
            "research_to_sale_ratio": 0.85,
            "price_fair": 93.96,
            "eps_avg_yearly": 2.68,
            "eps_latest_yearly": 3.88,
            "eps_growth_yearly": 36.38
        },
        "20154": {
            "year_quarter": 20154,
            "year": 2015,
            "quarter": 4,
            "eps": 0.99,
            "eps_growth_year": 29.46,
            "eps_4q": 3.18,
            "eps_4q_growth_year": 26.92,
            "roe": 4.95,
            "roe_4q": 16.45,
            "gross_profit": 213125,
            "gross_margin": 33.16,
            "gross_margin_4q_avg": 31.94,
            "net_income": 72054,
            "net_income_4q": null,
            "revenue": 642709,
            "revenue_4q": null,
            "common_shares": 726000,
            "book_valuer_per_share": 20.57,
            "book_valuer_per_share_4q_avg": 19.5,
            "equity": 1493731,
            "current_ratio": 361.21,
            "debt_ratio": 18.91,
            "inventory_turnover_ratio": 1.04,
            "account_receivable_turnover_ratio": 2.91,
            "reinvestment_rate": null,
            "research_to_sale_ratio": 0.67,
            "price_fair": 98.42,
            "eps_avg_yearly": 2.81,
            "eps_latest_yearly": 3.96,
            "eps_growth_yearly": 33.57
        },
        "20161": {
            "year_quarter": 20161,
            "year": 2016,
            "quarter": 1,
            "eps": 0.64,
            "eps_growth_year": 10.34,
            "eps_4q": 3.25,
            "eps_4q_growth_year": 22.28,
            "roe": 3.09,
            "roe_4q": 16.57,
            "gross_profit": 157421,
            "gross_margin": 31.13,
            "gross_margin_4q_avg": 32.19,
            "net_income": 46673,
            "net_income_4q": null,
            "revenue": 505729,
            "revenue_4q": null,
            "common_shares": 726000,
            "book_valuer_per_share": 21.07,
            "book_valuer_per_share_4q_avg": 19.86,
            "equity": 1529522,
            "current_ratio": 405.5,
            "debt_ratio": 16.89,
            "inventory_turnover_ratio": 0.82,
            "account_receivable_turnover_ratio": 2.51,
            "reinvestment_rate": null,
            "research_to_sale_ratio": 0.76,
            "price_fair": 77.15,
            "eps_avg_yearly": 2.79,
            "eps_latest_yearly": 2.56,
            "eps_growth_yearly": 17.66
        },
        "20162": {
            "year_quarter": 20162,
            "year": 2016,
            "quarter": 2,
            "eps": 0.75,
            "eps_growth_year": 15.38,
            "eps_4q": 3.36,
            "eps_4q_growth_year": 22.24,
            "roe": 3.68,
            "roe_4q": 16.84,
            "gross_profit": 167406,
            "gross_margin": 30.66,
            "gross_margin_4q_avg": 32.05,
            "net_income": 54761,
            "net_income_4q": null,
            "revenue": 546077,
            "revenue_4q": null,
            "common_shares": 726000,
            "book_valuer_per_share": 19.92,
            "book_valuer_per_share_4q_avg": 20.28,
            "equity": 1446554,
            "current_ratio": 266.36,
            "debt_ratio": 24.54,
            "inventory_turnover_ratio": 0.86,
            "account_receivable_turnover_ratio": 2.56,
            "reinvestment_rate": -57.76,
            "research_to_sale_ratio": 0.8,
            "price_fair": 89.59,
            "eps_avg_yearly": 2.81,
            "eps_latest_yearly": 3,
            "eps_growth_yearly": 21.92
        },
        "20163": {
            "year_quarter": 20163,
            "year": 2016,
            "quarter": 3,
            "eps": 0.89,
            "eps_growth_year": -8.25,
            "eps_4q": 3.28,
            "eps_4q_growth_year": 10.73,
            "roe": 4.38,
            "roe_4q": 16.1,
            "gross_profit": 175995,
            "gross_margin": 32.01,
            "gross_margin_4q_avg": 31.74,
            "net_income": 64289,
            "net_income_4q": null,
            "revenue": 549767,
            "revenue_4q": null,
            "common_shares": 726000,
            "book_valuer_per_share": 20.52,
            "book_valuer_per_share_4q_avg": 20.52,
            "equity": 1489930,
            "current_ratio": 333.3,
            "debt_ratio": 20.57,
            "inventory_turnover_ratio": 0.84,
            "account_receivable_turnover_ratio": 2.41,
            "reinvestment_rate": 36.38,
            "research_to_sale_ratio": 0.9,
            "price_fair": 100.26,
            "eps_avg_yearly": 2.86,
            "eps_latest_yearly": 3.56,
            "eps_growth_yearly": 25.98
        },
        "20164": {
            "year_quarter": 20164,
            "year": 2016,
            "quarter": 4,
            "eps": 1.12,
            "eps_growth_year": 12.95,
            "eps_4q": 3.4,
            "eps_4q_growth_year": 6.92,
            "roe": 5.3,
            "roe_4q": 16.45,
            "gross_profit": 206833,
            "gross_margin": 33.31,
            "gross_margin_4q_avg": 31.78,
            "net_income": 81388,
            "net_income_4q": null,
            "revenue": 620916,
            "revenue_4q": null,
            "common_shares": 726000,
            "book_valuer_per_share": 21.79,
            "book_valuer_per_share_4q_avg": 20.83,
            "equity": 1582230,
            "current_ratio": 345.97,
            "debt_ratio": 21.12,
            "inventory_turnover_ratio": 0.91,
            "account_receivable_turnover_ratio": 2.76,
            "reinvestment_rate": -59.17,
            "research_to_sale_ratio": 0.67,
            "price_fair": 104.3,
            "eps_avg_yearly": 2.98,
            "eps_latest_yearly": 4.48,
            "eps_growth_yearly": 31.5
        },
        "20171": {
            "year_quarter": 20171,
            "year": 2017,
            "quarter": 1,
            "eps": 0.66,
            "eps_growth_year": 3.12,
            "eps_4q": 3.42,
            "eps_4q_growth_year": 5.31,
            "roe": 3.04,
            "roe_4q": 16.4,
            "gross_profit": 159346,
            "gross_margin": 32.31,
            "gross_margin_4q_avg": 32.07,
            "net_income": 47982,
            "net_income_4q": null,
            "revenue": 493249,
            "revenue_4q": null,
            "common_shares": 726000,
            "book_valuer_per_share": 21.65,
            "book_valuer_per_share_4q_avg": 20.97,
            "equity": 1571745,
            "current_ratio": 480.81,
            "debt_ratio": 16.52,
            "inventory_turnover_ratio": 0.74,
            "account_receivable_turnover_ratio": 2.22,
            "reinvestment_rate": 15.46,
            "research_to_sale_ratio": 0.9,
            "price_fair": 84.14,
            "eps_avg_yearly": 2.96,
            "eps_latest_yearly": 2.64,
            "eps_growth_yearly": 18.45
        },
        "20172": {
            "year_quarter": 20172,
            "year": 2017,
            "quarter": 2,
            "eps": 0.88,
            "eps_growth_year": 17.33,
            "eps_4q": 3.55,
            "eps_4q_growth_year": 5.68,
            "roe": 4.19,
            "roe_4q": 16.91,
            "gross_profit": 194474,
            "gross_margin": 34.27,
            "gross_margin_4q_avg": 32.98,
            "net_income": 63939,
            "net_income_4q": null,
            "revenue": 567486,
            "revenue_4q": null,
            "common_shares": 726000,
            "book_valuer_per_share": 20.4,
            "book_valuer_per_share_4q_avg": 21.09,
            "equity": 1481234,
            "current_ratio": 290.13,
            "debt_ratio": 25.04,
            "inventory_turnover_ratio": 0.81,
            "account_receivable_turnover_ratio": 2.51,
            "reinvestment_rate": 15.83,
            "research_to_sale_ratio": 1.32,
            "price_fair": 104.74,
            "eps_avg_yearly": 2.99,
            "eps_latest_yearly": 3.52,
            "eps_growth_yearly": 25.63
        },
        "20173": {
            "year_quarter": 20173,
            "year": 2017,
            "quarter": 3,
            "eps": 0.94,
            "eps_growth_year": 5.62,
            "eps_4q": 3.6,
            "eps_4q_growth_year": 9.85,
            "roe": 4.48,
            "roe_4q": 17.01,
            "gross_profit": 195921,
            "gross_margin": 33.79,
            "gross_margin_4q_avg": 33.42,
            "net_income": 67899,
            "net_income_4q": null,
            "revenue": 579839,
            "revenue_4q": null,
            "common_shares": 726000,
            "book_valuer_per_share": 21.31,
            "book_valuer_per_share_4q_avg": 21.29,
            "equity": 1546848,
            "current_ratio": 327.5,
            "debt_ratio": 22.48,
            "inventory_turnover_ratio": 0.75,
            "account_receivable_turnover_ratio": 2.35,
            "reinvestment_rate": 18.55,
            "research_to_sale_ratio": 1.88,
            "price_fair": 107.98,
            "eps_avg_yearly": 3.09,
            "eps_latest_yearly": 3.76,
            "eps_growth_yearly": 30.07
        },
        "20174": {
            "year_quarter": 20174,
            "year": 2017,
            "quarter": 4,
            "eps": 1.1,
            "eps_growth_year": -1.93,
            "eps_4q": 3.58,
            "eps_4q_growth_year": 5.07,
            "roe": 5.06,
            "roe_4q": 16.77,
            "gross_profit": 206651,
            "gross_margin": 32.83,
            "gross_margin_4q_avg": 33.3,
            "net_income": 79814,
            "net_income_4q": null,
            "revenue": 629403,
            "revenue_4q": null,
            "common_shares": 726000,
            "book_valuer_per_share": 22.16,
            "book_valuer_per_share_4q_avg": 21.38,
            "equity": 1608488,
            "current_ratio": 319.64,
            "debt_ratio": 23.52,
            "inventory_turnover_ratio": 0.76,
            "account_receivable_turnover_ratio": 2.49,
            "reinvestment_rate": 18.66,
            "research_to_sale_ratio": 1.03,
            "price_fair": 111.04,
            "eps_avg_yearly": 3.17,
            "eps_latest_yearly": 4.4,
            "eps_growth_yearly": 26.43
        },
        "20181": {
            "year_quarter": 20181,
            "year": 2018,
            "quarter": 1,
            "eps": 0.78,
            "eps_growth_year": 18.18,
            "eps_4q": 3.69,
            "eps_4q_growth_year": 7.91,
            "roe": 3.47,
            "roe_4q": 17.2,
            "gross_profit": 168423,
            "gross_margin": 31.63,
            "gross_margin_4q_avg": 33.13,
            "net_income": 56417,
            "net_income_4q": null,
            "revenue": 532487,
            "revenue_4q": null,
            "common_shares": 726000,
            "book_valuer_per_share": 22.66,
            "book_valuer_per_share_4q_avg": 21.63,
            "equity": 1645454,
            "current_ratio": 421.2,
            "debt_ratio": 18.73,
            "inventory_turnover_ratio": 0.64,
            "account_receivable_turnover_ratio": 2.31,
            "reinvestment_rate": 18.27,
            "research_to_sale_ratio": 0.92,
            "price_fair": 114.1,
            "eps_avg_yearly": 3.26,
            "eps_latest_yearly": 3.12,
            "eps_growth_yearly": 29.83
        },
        "20182": {
            "year_quarter": 20182,
            "year": 2018,
            "quarter": 2,
            "eps": 0.81,
            "eps_growth_year": -7.95,
            "eps_4q": 3.62,
            "eps_4q_growth_year": 2.05,
            "roe": 3.65,
            "roe_4q": 16.66,
            "gross_profit": 183690,
            "gross_margin": 32.3,
            "gross_margin_4q_avg": 32.64,
            "net_income": 58741,
            "net_income_4q": null,
            "revenue": 568634,
            "revenue_4q": null,
            "common_shares": 726000,
            "book_valuer_per_share": 21.68,
            "book_valuer_per_share_4q_avg": 21.95,
            "equity": 1573914,
            "current_ratio": 246.3,
            "debt_ratio": 28.55,
            "inventory_turnover_ratio": 0.67,
            "account_receivable_turnover_ratio": 2.6,
            "reinvestment_rate": 31.63,
            "research_to_sale_ratio": 1.06,
            "price_fair": 110.4,
            "eps_avg_yearly": 3.32,
            "eps_latest_yearly": 3.24,
            "eps_growth_yearly": 23.23
        },
        "20183": {
            "year_quarter": 20183,
            "year": 2018,
            "quarter": 3,
            "eps": 0.81,
            "eps_growth_year": -13.83,
            "eps_4q": 3.5,
            "eps_4q_growth_year": -2.74,
            "roe": 3.7,
            "roe_4q": 15.879999999999999,
            "gross_profit": 192962,
            "gross_margin": 33.6,
            "gross_margin_4q_avg": 32.59,
            "net_income": 59076,
            "net_income_4q": null,
            "revenue": 574305,
            "revenue_4q": null,
            "common_shares": 726000,
            "book_valuer_per_share": 22.27,
            "book_valuer_per_share_4q_avg": 22.19,
            "equity": 1616874,
            "current_ratio": 216.08,
            "debt_ratio": 30.22,
            "inventory_turnover_ratio": 0.64,
            "account_receivable_turnover_ratio": 2.36,
            "reinvestment_rate": 36.36,
            "research_to_sale_ratio": 1.07,
            "price_fair": 81.04,
            "eps_avg_yearly": 3.34,
            "eps_latest_yearly": 3.24,
            "eps_growth_yearly": 14.3
        },
        "20184": {
            "year_quarter": 20184,
            "year": 2018,
            "quarter": 4,
            "eps": 1.1,
            "eps_growth_year": -0.04,
            "eps_4q": 3.5,
            "eps_4q_growth_year": -2.17,
            "roe": 4.81,
            "roe_4q": 15.63,
            "gross_profit": 206564,
            "gross_margin": 33.44,
            "gross_margin_4q_avg": 32.74,
            "net_income": 79778,
            "net_income_4q": null,
            "revenue": 617687,
            "revenue_4q": null,
            "common_shares": 726000,
            "book_valuer_per_share": 23.41,
            "book_valuer_per_share_4q_avg": 22.51,
            "equity": 1699740,
            "current_ratio": 257.74,
            "debt_ratio": 25.84,
            "inventory_turnover_ratio": 0.69,
            "account_receivable_turnover_ratio": 2.5,
            "reinvestment_rate": 42.12,
            "research_to_sale_ratio": 0.79,
            "price_fair": 112.51,
            "eps_avg_yearly": 3.42,
            "eps_latest_yearly": 4.4,
            "eps_growth_yearly": 22.92
        },
        "20191": {
            "year_quarter": 20191,
            "year": 2019,
            "quarter": 1,
            "eps": 0.57,
            "eps_growth_year": -26.92,
            "eps_4q": 3.29,
            "eps_4q_growth_year": -10.9,
            "roe": 2.39,
            "roe_4q": 14.549999999999999,
            "gross_profit": 155486,
            "gross_margin": 31.34,
            "gross_margin_4q_avg": 32.67,
            "net_income": 41259,
            "net_income_4q": null,
            "revenue": 496161,
            "revenue_4q": null,
            "common_shares": 726000,
            "book_valuer_per_share": 24.09,
            "book_valuer_per_share_4q_avg": 22.86,
            "equity": 1749289,
            "current_ratio": 253.21,
            "debt_ratio": 26.61,
            "inventory_turnover_ratio": 0.58,
            "account_receivable_turnover_ratio": 2.17,
            "reinvestment_rate": 49.18,
            "research_to_sale_ratio": 0.96,
            "price_fair": 92.36,
            "eps_avg_yearly": 3.42,
            "eps_latest_yearly": 2.28,
            "eps_growth_yearly": 17.05
        },
        "20192": {
            "year_quarter": 20192,
            "year": 2019,
            "quarter": 2,
            "eps": 0.49,
            "eps_growth_year": -39.51,
            "eps_4q": 2.97,
            "eps_4q_growth_year": -18.07,
            "roe": 2.09,
            "roe_4q": 12.989999999999998,
            "gross_profit": 166923,
            "gross_margin": 28.33,
            "gross_margin_4q_avg": 31.68,
            "net_income": 35248,
            "net_income_4q": null,
            "revenue": 589158,
            "revenue_4q": null,
            "common_shares": 726000,
            "book_valuer_per_share": 22.3,
            "book_valuer_per_share_4q_avg": 23.02,
            "equity": 1618956,
            "current_ratio": 171.22,
            "debt_ratio": 34.37,
            "inventory_turnover_ratio": 0.76,
            "account_receivable_turnover_ratio": 2.66,
            "reinvestment_rate": 54.26,
            "research_to_sale_ratio": 0.68,
            "price_fair": 69.25,
            "eps_avg_yearly": 3.38,
            "eps_latest_yearly": 1.96,
            "eps_growth_yearly": 10.52
        },
        "20193": {
            "year_quarter": 20193,
            "year": 2019,
            "quarter": 3,
            "eps": 0.64,
            "eps_growth_year": -20.99,
            "eps_4q": 2.8,
            "eps_4q_growth_year": -20.06,
            "roe": 2.85,
            "roe_4q": 12.14,
            "gross_profit": 176665,
            "gross_margin": 31.88,
            "gross_margin_4q_avg": 31.25,
            "net_income": 46796,
            "net_income_4q": null,
            "revenue": 554204,
            "revenue_4q": null,
            "common_shares": 726000,
            "book_valuer_per_share": 23,
            "book_valuer_per_share_4q_avg": 23.2,
            "equity": 1669956,
            "current_ratio": 184.62,
            "debt_ratio": 30.88,
            "inventory_turnover_ratio": 0.69,
            "account_receivable_turnover_ratio": 2.6,
            "reinvestment_rate": 59.84,
            "research_to_sale_ratio": 0.85,
            "price_fair": 52.24,
            "eps_avg_yearly": 3.29,
            "eps_latest_yearly": 2.56,
            "eps_growth_yearly": 5.86
        },
        "20194": {
            "year_quarter": 20194,
            "year": 2019,
            "quarter": 4,
            "eps": 0.78,
            "eps_growth_year": -29.12,
            "eps_4q": 2.48,
            "eps_4q_growth_year": -29.2,
            "roe": 3.36,
            "roe_4q": 10.690000000000001,
            "gross_profit": 202609,
            "gross_margin": 29.14,
            "gross_margin_4q_avg": 30.17,
            "net_income": 56549,
            "net_income_4q": null,
            "revenue": 695403,
            "revenue_4q": null,
            "common_shares": 726000,
            "book_valuer_per_share": 23.32,
            "book_valuer_per_share_4q_avg": 23.18,
            "equity": 1693257,
            "current_ratio": 180.87,
            "debt_ratio": 33.02,
            "inventory_turnover_ratio": 0.93,
            "account_receivable_turnover_ratio": 3.11,
            "reinvestment_rate": 47.69,
            "research_to_sale_ratio": 0.54,
            "price_fair": 67.45,
            "eps_avg_yearly": 3.24,
            "eps_latest_yearly": 3.12,
            "eps_growth_yearly": 10.82
        },
        "20201": {
            "year_quarter": 20201,
            "year": 2020,
            "quarter": 1,
            "eps": 0.48,
            "eps_growth_year": -15.79,
            "eps_4q": 2.39,
            "eps_4q_growth_year": -27.48,
            "roe": 2.03,
            "roe_4q": 10.33,
            "gross_profit": 147711,
            "gross_margin": 30.67,
            "gross_margin_4q_avg": 30.01,
            "net_income": 34618,
            "net_income_4q": null,
            "revenue": 481608,
            "revenue_4q": null,
            "common_shares": 726000,
            "book_valuer_per_share": 23.66,
            "book_valuer_per_share_4q_avg": 23.07,
            "equity": 1717597,
            "current_ratio": 199.6,
            "debt_ratio": 30.39,
            "inventory_turnover_ratio": 0.64,
            "account_receivable_turnover_ratio": 2.07,
            "reinvestment_rate": 48.04,
            "research_to_sale_ratio": 0.88,
            "price_fair": 64.13,
            "eps_avg_yearly": 3.2,
            "eps_latest_yearly": 1.92,
            "eps_growth_yearly": 10.04
        },
        "20202": {
            "year_quarter": 20202,
            "year": 2020,
            "quarter": 2,
            "eps": 0.69,
            "eps_growth_year": 40.82,
            "eps_4q": 2.61,
            "eps_4q_growth_year": -11.94,
            "roe": 3.02,
            "roe_4q": 11.26,
            "gross_profit": 178099,
            "gross_margin": 30.44,
            "gross_margin_4q_avg": 30.53,
            "net_income": 50321,
            "net_income_4q": null,
            "revenue": 585034,
            "revenue_4q": null,
            "common_shares": 726000,
            "book_valuer_per_share": 22.35,
            "book_valuer_per_share_4q_avg": 23.08,
            "equity": 1611156,
            "current_ratio": 161.11,
            "debt_ratio": 35.68,
            "inventory_turnover_ratio": 0.72,
            "account_receivable_turnover_ratio": 2.57,
            "reinvestment_rate": 45.05,
            "research_to_sale_ratio": 0.71,
            "price_fair": 84.98,
            "eps_avg_yearly": 3.19,
            "eps_latest_yearly": 2.76,
            "eps_growth_yearly": 16.68
        },
        "20203": {
            "year_quarter": 20203,
            "year": 2020,
            "quarter": 3,
            "eps": 0.99,
            "eps_growth_year": 54.69,
            "eps_4q": 2.96,
            "eps_4q_growth_year": 5.8,
            "roe": 4.38,
            "roe_4q": 12.79,
            "gross_profit": 203620,
            "gross_margin": 33.04,
            "gross_margin_4q_avg": 30.82,
            "net_income": 71827,
            "net_income_4q": null,
            "revenue": 616338,
            "revenue_4q": null,
            "common_shares": 726000,
            "book_valuer_per_share": 23.12,
            "book_valuer_per_share_4q_avg": 23.11,
            "equity": 1666120,
            "current_ratio": 176.48,
            "debt_ratio": 34.49,
            "inventory_turnover_ratio": 0.66,
            "account_receivable_turnover_ratio": 2.61,
            "reinvestment_rate": 44.34,
            "research_to_sale_ratio": 0.74,
            "price_fair": 105.56,
            "eps_avg_yearly": 3.21,
            "eps_latest_yearly": 3.96,
            "eps_growth_yearly": 22.88
        },
        "20204": {
            "year_quarter": 20204,
            "year": 2020,
            "quarter": 4,
            "eps": 0.88,
            "eps_growth_year": 12.8,
            "eps_4q": 3.05,
            "eps_4q_growth_year": 23.26,
            "roe": 3.74,
            "roe_4q": 13.17,
            "gross_profit": 204738,
            "gross_margin": 32.83,
            "gross_margin_4q_avg": 31.75,
            "net_income": 63290,
            "net_income_4q": null,
            "revenue": 623541,
            "revenue_4q": null,
            "common_shares": 726000,
            "book_valuer_per_share": 23.63,
            "book_valuer_per_share_4q_avg": 23.19,
            "equity": 1715527,
            "current_ratio": 195.52,
            "debt_ratio": 32.7,
            "inventory_turnover_ratio": 0.64,
            "account_receivable_turnover_ratio": 2.59,
            "reinvestment_rate": 43.13,
            "research_to_sale_ratio": 0.76,
            "price_fair": 74.49,
            "eps_avg_yearly": 3.15,
            "eps_latest_yearly": 3.52,
            "eps_growth_yearly": 13.65
        },
        "20211": {
            "year_quarter": 20211,
            "year": 2021,
            "quarter": 1,
            "eps": 0.74,
            "eps_growth_year": 54.17,
            "eps_4q": 3.32,
            "eps_4q_growth_year": 39.06,
            "roe": 3.12,
            "roe_4q": 14.26,
            "gross_profit": 195655,
            "gross_margin": 34.93,
            "gross_margin_4q_avg": 32.81,
            "net_income": 54712,
            "net_income_4q": null,
            "revenue": 560192,
            "revenue_4q": null,
            "common_shares": 726000,
            "book_valuer_per_share": 24.6,
            "book_valuer_per_share_4q_avg": 23.43,
            "equity": 1791771,
            "current_ratio": 226.9,
            "debt_ratio": 31.3,
            "inventory_turnover_ratio": 0.57,
            "account_receivable_turnover_ratio": 2.28,
            "reinvestment_rate": 41.62,
            "research_to_sale_ratio": 0.8,
            "price_fair": 94.9,
            "eps_avg_yearly": 3.17,
            "eps_latest_yearly": 2.96,
            "eps_growth_yearly": 19.94
        },
        "20212": {
            "year_quarter": 20212,
            "year": 2021,
            "quarter": 2,
            "eps": 0.78,
            "eps_growth_year": 13.04,
            "eps_4q": 3.4,
            "eps_4q_growth_year": 30.05,
            "roe": 3.08,
            "roe_4q": 14.32,
            "gross_profit": 208447,
            "gross_margin": 33.85,
            "gross_margin_4q_avg": 33.66,
            "net_income": 55804,
            "net_income_4q": null,
            "revenue": 615807,
            "revenue_4q": null,
            "common_shares": 726000,
            "book_valuer_per_share": 25.11,
            "book_valuer_per_share_4q_avg": 24.12,
            "equity": 1830342,
            "current_ratio": 233.32,
            "debt_ratio": 32.32,
            "inventory_turnover_ratio": 0.63,
            "account_receivable_turnover_ratio": 2.44,
            "reinvestment_rate": 39.19,
            "research_to_sale_ratio": 0.79,
            "price_fair": 72.19,
            "eps_avg_yearly": 3.15,
            "eps_latest_yearly": 3.12,
            "eps_growth_yearly": 12.95
        },
        "20213": {
            "year_quarter": 20213,
            "year": 2021,
            "quarter": 3,
            "eps": 0.67,
            "eps_growth_year": -32.32,
            "eps_4q": 3.07,
            "eps_4q_growth_year": 3.74,
            "roe": 2.77,
            "roe_4q": 12.709999999999999,
            "gross_profit": 175119,
            "gross_margin": 34.65,
            "gross_margin_4q_avg": 34.07,
            "net_income": 49557,
            "net_income_4q": null,
            "revenue": 505414,
            "revenue_4q": null,
            "common_shares": 726000,
            "book_valuer_per_share": 23.9,
            "book_valuer_per_share_4q_avg": 24.31,
            "equity": 1744193,
            "current_ratio": 248.03,
            "debt_ratio": 32.85,
            "inventory_turnover_ratio": 0.46,
            "account_receivable_turnover_ratio": 2.1,
            "reinvestment_rate": 36.48,
            "research_to_sale_ratio": 1.32,
            "price_fair": 54.55,
            "eps_avg_yearly": 3.08,
            "eps_latest_yearly": 2.68,
            "eps_growth_yearly": 7.72
        },
        "20214": {
            "year_quarter": 20214,
            "year": 2021,
            "quarter": 4,
            "eps": 0.88,
            "eps_growth_year": 0.12,
            "eps_4q": 3.07,
            "eps_4q_growth_year": 0.58,
            "roe": 3.65,
            "roe_4q": 12.620000000000001,
            "gross_profit": 218330,
            "gross_margin": 31.59,
            "gross_margin_4q_avg": 33.76,
            "net_income": 64775,
            "net_income_4q": null,
            "revenue": 691225,
            "revenue_4q": null,
            "common_shares": 726000,
            "book_valuer_per_share": 24.69,
            "book_valuer_per_share_4q_avg": 24.58,
            "equity": 1802268,
            "current_ratio": 239.89,
            "debt_ratio": 33.96,
            "inventory_turnover_ratio": 0.63,
            "account_receivable_turnover_ratio": 2.62,
            "reinvestment_rate": 33.48,
            "research_to_sale_ratio": 0.99,
            "price_fair": 64.39,
            "eps_avg_yearly": 3.02,
            "eps_latest_yearly": 3.52,
            "eps_growth_yearly": 11.31
        },
        "20221": {
            "year_quarter": 20221,
            "year": 2022,
            "quarter": 1,
            "eps": 0.78,
            "eps_growth_year": 5.41,
            "eps_4q": 3.11,
            "eps_4q_growth_year": -6.34,
            "roe": 3.09,
            "roe_4q": 12.59,
            "gross_profit": 200548,
            "gross_margin": 34.49,
            "gross_margin_4q_avg": 33.65,
            "net_income": 56944,
            "net_income_4q": null,
            "revenue": 581410,
            "revenue_4q": null,
            "common_shares": 726000,
            "book_valuer_per_share": 25.88,
            "book_valuer_per_share_4q_avg": 24.9,
            "equity": 1889002,
            "current_ratio": 288.41,
            "debt_ratio": 29.73,
            "inventory_turnover_ratio": 0.5,
            "account_receivable_turnover_ratio": 1.97,
            "reinvestment_rate": 33.39,
            "research_to_sale_ratio": 1.07,
            "price_fair": 77.79,
            "eps_avg_yearly": 3.02,
            "eps_latest_yearly": 3.12,
            "eps_growth_yearly": 15.74
        },
        "20222": {
            "year_quarter": 20222,
            "year": 2022,
            "quarter": 2,
            "eps": 1.01,
            "eps_growth_year": 29.49,
            "eps_4q": 3.34,
            "eps_4q_growth_year": -1.64,
            "roe": 3.98,
            "roe_4q": 13.49,
            "gross_profit": 231534,
            "gross_margin": 33.18,
            "gross_margin_4q_avg": 33.48,
            "net_income": 74312,
            "net_income_4q": null,
            "revenue": 697906,
            "revenue_4q": null,
            "common_shares": 726000,
            "book_valuer_per_share": 25.2,
            "book_valuer_per_share_4q_avg": 24.92,
            "equity": 1841274,
            "current_ratio": 261.25,
            "debt_ratio": 31.66,
            "inventory_turnover_ratio": 0.59,
            "account_receivable_turnover_ratio": 2.41,
            "reinvestment_rate": 18.52,
            "research_to_sale_ratio": 0.9,
            "price_fair": 98.77,
            "eps_avg_yearly": 3.07,
            "eps_latest_yearly": 4.04,
            "eps_growth_yearly": 22.15
        },
        "20223": {
            "year_quarter": 20223,
            "year": 2022,
            "quarter": 3,
            "eps": 1.14,
            "eps_growth_year": 70.15,
            "eps_4q": 3.81,
            "eps_4q_growth_year": 24.1,
            "roe": 4.37,
            "roe_4q": 15.09,
            "gross_profit": 243453,
            "gross_margin": 35.58,
            "gross_margin_4q_avg": 33.71,
            "net_income": 83197,
            "net_income_4q": null,
            "revenue": 684210,
            "revenue_4q": null,
            "common_shares": 726000,
            "book_valuer_per_share": 26.96,
            "book_valuer_per_share_4q_avg": 25.68,
            "equity": 1969094,
            "current_ratio": 303.51,
            "debt_ratio": 27.57,
            "inventory_turnover_ratio": 0.55,
            "account_receivable_turnover_ratio": 2.23,
            "reinvestment_rate": 7.19,
            "research_to_sale_ratio": 1.13,
            "price_fair": 110.43,
            "eps_avg_yearly": 3.16,
            "eps_latest_yearly": 4.56,
            "eps_growth_yearly": 25.37
        },
        "20224": {
            "year_quarter": 20224,
            "year": 2022,
            "quarter": 4,
            "eps": 1.1,
            "eps_growth_year": 25.54,
            "eps_4q": 4.04,
            "eps_4q_growth_year": 31.38,
            "roe": 4.05,
            "roe_4q": 15.49,
            "gross_profit": 243809,
            "gross_margin": 34.53,
            "gross_margin_4q_avg": 34.45,
            "net_income": 80838,
            "net_income_4q": null,
            "revenue": 706080,
            "revenue_4q": null,
            "common_shares": 726000,
            "book_valuer_per_share": 27.7,
            "book_valuer_per_share_4q_avg": 26.44,
            "equity": 2023737,
            "current_ratio": 344.67,
            "debt_ratio": 25.8,
            "inventory_turnover_ratio": 0.58,
            "account_receivable_turnover_ratio": 2.16,
            "reinvestment_rate": -2.71,
            "research_to_sale_ratio": 1.19,
            "price_fair": 80.57,
            "eps_avg_yearly": 3.16,
            "eps_latest_yearly": 4.4,
            "eps_growth_yearly": 15.54
        },
        "20231": {
            "year_quarter": 20231,
            "year": 2023,
            "quarter": 1,
            "eps": 0.46,
            "eps_growth_year": -41.03,
            "eps_4q": 3.71,
            "eps_4q_growth_year": 19.43,
            "roe": 1.66,
            "roe_4q": 14.06,
            "gross_profit": 177242,
            "gross_margin": 35.15,
            "gross_margin_4q_avg": 34.61,
            "net_income": 33930,
            "net_income_4q": null,
            "revenue": 504197,
            "revenue_4q": null,
            "common_shares": 726000,
            "book_valuer_per_share": 28.15,
            "book_valuer_per_share_4q_avg": 27,
            "equity": 2056898,
            "current_ratio": 460.53,
            "debt_ratio": 21.37,
            "inventory_turnover_ratio": 0.42,
            "account_receivable_turnover_ratio": 1.65,
            "reinvestment_rate": -10.02,
            "research_to_sale_ratio": 1.67,
            "price_fair": 72.05,
            "eps_avg_yearly": 3.13,
            "eps_latest_yearly": 1.84,
            "eps_growth_yearly": 13.04
        },
        "20232": {
            "year_quarter": 20232,
            "year": 2023,
            "quarter": 2,
            "eps": 0.64,
            "eps_growth_year": -36.63,
            "eps_4q": 3.34,
            "eps_4q_growth_year": -0.09,
            "roe": 2.3,
            "roe_4q": 12.379999999999999,
            "gross_profit": 212297,
            "gross_margin": 32.57,
            "gross_margin_4q_avg": 34.46,
            "net_income": 46277,
            "net_income_4q": null,
            "revenue": 651780,
            "revenue_4q": null,
            "common_shares": 726000,
            "book_valuer_per_share": 26.74,
            "book_valuer_per_share_4q_avg": 27.39,
            "equity": 1962908,
            "current_ratio": 289.35,
            "debt_ratio": 28.62,
            "inventory_turnover_ratio": 0.57,
            "account_receivable_turnover_ratio": 2.33,
            "reinvestment_rate": -13.14,
            "research_to_sale_ratio": 1.39,
            "price_fair": 110.78,
            "eps_avg_yearly": 3.17,
            "eps_latest_yearly": 2.56,
            "eps_growth_yearly": 26.33
        },
        "20233": {
            "year_quarter": 20233,
            "year": 2023,
            "quarter": 3,
            "eps": 0.82,
            "eps_growth_year": -28.07,
            "eps_4q": 3.02,
            "eps_4q_growth_year": -20.76,
            "roe": 2.99,
            "roe_4q": 11,
            "gross_profit": 211850,
            "gross_margin": 33.58,
            "gross_margin_4q_avg": 33.96,
            "net_income": 59368,
            "net_income_4q": null,
            "revenue": 630926,
            "revenue_4q": null,
            "common_shares": 726000,
            "book_valuer_per_share": 27.29,
            "book_valuer_per_share_4q_avg": 27.47,
            "equity": 2007027,
            "current_ratio": 339.11,
            "debt_ratio": 25.75,
            "inventory_turnover_ratio": 0.54,
            "account_receivable_turnover_ratio": 2.13,
            "reinvestment_rate": -20.82,
            "research_to_sale_ratio": 1.32,
            "price_fair": 112.35,
            "eps_avg_yearly": 3.21,
            "eps_latest_yearly": 3.28,
            "eps_growth_yearly": 25.71
        },
        "20234": {
            "year_quarter": 20234,
            "year": 2023,
            "quarter": 4,
            "eps": 1.35,
            "eps_growth_year": 22.62,
            "eps_4q": 3.27,
            "eps_4q_growth_year": -18.98,
            "roe": 4.83,
            "roe_4q": 11.780000000000001,
            "gross_profit": 256233,
            "gross_margin": 35.89,
            "gross_margin_4q_avg": 34.3,
            "net_income": 97883,
            "net_income_4q": null,
            "revenue": 713929,
            "revenue_4q": null,
            "common_shares": 726000,
            "book_valuer_per_share": 27.85,
            "book_valuer_per_share_4q_avg": 27.51,
            "equity": 2047346,
            "current_ratio": 383.6,
            "debt_ratio": 24.27,
            "inventory_turnover_ratio": 0.62,
            "account_receivable_turnover_ratio": 2.13,
            "reinvestment_rate": -27.42,
            "research_to_sale_ratio": 1.31,
            "price_fair": 117.34,
            "eps_avg_yearly": 3.35,
            "eps_latest_yearly": 5.4,
            "eps_growth_yearly": 36.4
        }
    },
    "months": {
        "2011-08": {
            "month": "2011-08",
            "price": "29.18",
            "revenue": 80353
        },
        "2011-09": {
            "month": "2011-09",
            "price": "26.40",
            "revenue": 74851
        },
        "2011-10": {
            "month": "2011-10",
            "price": "25.08",
            "revenue": 68648
        },
        "2011-11": {
            "month": "2011-11",
            "price": "24.32",
            "revenue": 78124
        },
        "2011-12": {
            "month": "2011-12",
            "price": "23.14",
            "revenue": 81502
        },
        "2012-01": {
            "month": "2012-01",
            "price": "19.97",
            "revenue": 54645
        },
        "2012-02": {
            "month": "2012-02",
            "price": "21.14",
            "revenue": 55464
        },
        "2012-03": {
            "month": "2012-03",
            "price": "21.79",
            "revenue": 81037
        },
        "2012-04": {
            "month": "2012-04",
            "price": "19.73",
            "revenue": 62602
        },
        "2012-05": {
            "month": "2012-05",
            "price": "19.39",
            "revenue": 79193
        },
        "2012-06": {
            "month": "2012-06",
            "price": "20.09",
            "revenue": 81441
        },
        "2012-07": {
            "month": "2012-07",
            "price": "20.39",
            "revenue": 86962
        },
        "2012-08": {
            "month": "2012-08",
            "price": "20.03",
            "revenue": 80398
        },
        "2012-09": {
            "month": "2012-09",
            "price": "21.20",
            "revenue": 70141
        },
        "2012-11": {
            "month": "2012-11",
            "price": "21.62",
            "revenue": 88898
        },
        "2012-12": {
            "month": "2012-12",
            "price": "22.28",
            "revenue": 92321
        },
        "2013-01": {
            "month": "2013-01",
            "price": "24.15",
            "revenue": 164227
        },
        "2013-02": {
            "month": "2013-02",
            "price": "25.01",
            "revenue": 73998
        },
        "2013-03": {
            "month": "2013-03",
            "price": "26.75",
            "revenue": 115064
        },
        "2013-04": {
            "month": "2013-04",
            "price": "25.83",
            "revenue": 121496
        },
        "2013-05": {
            "month": "2013-05",
            "price": "26.21",
            "revenue": 144618
        },
        "2013-06": {
            "month": "2013-06",
            "price": "27.00",
            "revenue": 157409
        },
        "2013-07": {
            "month": "2013-07",
            "price": "29.56",
            "revenue": 150586
        },
        "2013-08": {
            "month": "2013-08",
            "price": "29.97",
            "revenue": 151018
        },
        "2013-09": {
            "month": "2013-09",
            "price": "31.14",
            "revenue": 140603
        },
        "2013-10": {
            "month": "2013-10",
            "price": "34.12",
            "revenue": 165859
        },
        "2013-11": {
            "month": "2013-11",
            "price": "31.48",
            "revenue": 162115
        },
        "2013-12": {
            "month": "2013-12",
            "price": "41.86",
            "revenue": 189990
        },
        "2014-01": {
            "month": "2014-01",
            "price": "38.91",
            "revenue": 150975
        },
        "2014-02": {
            "month": "2014-02",
            "price": "37.64",
            "revenue": 91863
        },
        "2014-03": {
            "month": "2014-03",
            "price": "38.58",
            "revenue": 147610
        },
        "2014-04": {
            "month": "2014-04",
            "price": "37.29",
            "revenue": 163830
        },
        "2014-05": {
            "month": "2014-05",
            "price": "34.09",
            "revenue": 166681
        },
        "2014-06": {
            "month": "2014-06",
            "price": "33.68",
            "revenue": 159523
        },
        "2014-07": {
            "month": "2014-07",
            "price": "32.65",
            "revenue": 172388
        },
        "2014-08": {
            "month": "2014-08",
            "price": "30.20",
            "revenue": 165001
        },
        "2014-09": {
            "month": "2014-09",
            "price": "30.31",
            "revenue": 168375
        },
        "2014-10": {
            "month": "2014-10",
            "price": "30.06",
            "revenue": 180190
        },
        "2014-11": {
            "month": "2014-11",
            "price": "30.80",
            "revenue": 180033
        },
        "2014-12": {
            "month": "2014-12",
            "price": "31.38",
            "revenue": 201585
        },
        "2015-01": {
            "month": "2015-01",
            "price": "32.70",
            "revenue": 213771
        },
        "2015-02": {
            "month": "2015-02",
            "price": "33.24",
            "revenue": 96844
        },
        "2015-03": {
            "month": "2015-03",
            "price": "34.03",
            "revenue": 172825
        },
        "2015-04": {
            "month": "2015-04",
            "price": "33.88",
            "revenue": 177375
        },
        "2015-05": {
            "month": "2015-05",
            "price": "38.21",
            "revenue": 183969
        },
        "2015-06": {
            "month": "2015-06",
            "price": "37.50",
            "revenue": 173486
        },
        "2015-07": {
            "month": "2015-07",
            "price": "37.11",
            "revenue": 179465
        },
        "2015-08": {
            "month": "2015-08",
            "price": "32.39",
            "revenue": 178121
        },
        "2015-09": {
            "month": "2015-09",
            "price": "30.70",
            "revenue": 184922
        },
        "2015-10": {
            "month": "2015-10",
            "price": "33.02",
            "revenue": 188286
        },
        "2015-11": {
            "month": "2015-11",
            "price": "38.50",
            "revenue": 206818
        },
        "2015-12": {
            "month": "2015-12",
            "price": "40.42",
            "revenue": 247605
        },
        "2016-01": {
            "month": "2016-01",
            "price": "41.66",
            "revenue": 224834
        },
        "2016-02": {
            "month": "2016-02",
            "price": "42.67",
            "revenue": 94381
        },
        "2016-03": {
            "month": "2016-03",
            "price": "40.74",
            "revenue": 186514
        },
        "2016-04": {
            "month": "2016-04",
            "price": "39.42",
            "revenue": 183380
        },
        "2016-05": {
            "month": "2016-05",
            "price": "37.09",
            "revenue": 182430
        },
        "2016-06": {
            "month": "2016-06",
            "price": "35.92",
            "revenue": 180267
        },
        "2016-07": {
            "month": "2016-07",
            "price": "36.72",
            "revenue": 179345
        },
        "2016-08": {
            "month": "2016-08",
            "price": "37.41",
            "revenue": 196723
        },
        "2016-09": {
            "month": "2016-09",
            "price": "38.63",
            "revenue": 173699
        },
        "2016-10": {
            "month": "2016-10",
            "price": "38.97",
            "revenue": 177351
        },
        "2016-11": {
            "month": "2016-11",
            "price": "36.40",
            "revenue": 205717
        },
        "2016-12": {
            "month": "2016-12",
            "price": "37.33",
            "revenue": 237849
        },
        "2017-01": {
            "month": "2017-01",
            "price": "36.65",
            "revenue": 171907
        },
        "2017-02": {
            "month": "2017-02",
            "price": "36.98",
            "revenue": 97472
        },
        "2017-03": {
            "month": "2017-03",
            "price": "37.84",
            "revenue": 223870
        },
        "2017-04": {
            "month": "2017-04",
            "price": "38.34",
            "revenue": 178215
        },
        "2017-05": {
            "month": "2017-05",
            "price": "37.92",
            "revenue": 205137
        },
        "2017-06": {
            "month": "2017-06",
            "price": "38.71",
            "revenue": 184133
        },
        "2017-07": {
            "month": "2017-07",
            "price": "38.91",
            "revenue": 186258
        },
        "2017-08": {
            "month": "2017-08",
            "price": "39.22",
            "revenue": 208995
        },
        "2017-09": {
            "month": "2017-09",
            "price": "40.59",
            "revenue": 184587
        },
        "2017-10": {
            "month": "2017-10",
            "price": "39.93",
            "revenue": 195890
        },
        "2017-11": {
            "month": "2017-11",
            "price": "41.49",
            "revenue": 209797
        },
        "2017-12": {
            "month": "2017-12",
            "price": "44.76",
            "revenue": 223715
        },
        "2018-01": {
            "month": "2018-01",
            "price": "44.18",
            "revenue": 244408
        },
        "2018-02": {
            "month": "2018-02",
            "price": "42.41",
            "revenue": 89333
        },
        "2018-03": {
            "month": "2018-03",
            "price": "42.63",
            "revenue": 198746
        },
        "2018-04": {
            "month": "2018-04",
            "price": "41.96",
            "revenue": 190441
        },
        "2018-05": {
            "month": "2018-05",
            "price": "41.06",
            "revenue": 188190
        },
        "2018-06": {
            "month": "2018-06",
            "price": "40.58",
            "revenue": 190003
        },
        "2018-07": {
            "month": "2018-07",
            "price": "40.35",
            "revenue": 182671
        },
        "2018-08": {
            "month": "2018-08",
            "price": "39.16",
            "revenue": 199775
        },
        "2018-09": {
            "month": "2018-09",
            "price": "37.99",
            "revenue": 191858
        },
        "2018-10": {
            "month": "2018-10",
            "price": "37.20",
            "revenue": 189112
        },
        "2018-11": {
            "month": "2018-11",
            "price": "36.02",
            "revenue": 208194
        },
        "2018-12": {
            "month": "2018-12",
            "price": "36.64",
            "revenue": 220381
        },
        "2019-01": {
            "month": "2019-01",
            "price": "36.60",
            "revenue": 213140
        },
        "2019-02": {
            "month": "2019-02",
            "price": "37.18",
            "revenue": 84246
        },
        "2019-03": {
            "month": "2019-03",
            "price": "37.24",
            "revenue": 198774
        },
        "2019-04": {
            "month": "2019-04",
            "price": "38.51",
            "revenue": 206826
        },
        "2019-05": {
            "month": "2019-05",
            "price": "38.17",
            "revenue": 212903
        },
        "2019-06": {
            "month": "2019-06",
            "price": "38.81",
            "revenue": 169458
        },
        "2019-07": {
            "month": "2019-07",
            "price": "39.59",
            "revenue": 189110
        },
        "2019-08": {
            "month": "2019-08",
            "price": "35.83",
            "revenue": 193517
        },
        "2019-09": {
            "month": "2019-09",
            "price": "35.84",
            "revenue": 171549
        },
        "2019-10": {
            "month": "2019-10",
            "price": "35.19",
            "revenue": 224399
        },
        "2019-11": {
            "month": "2019-11",
            "price": "34.90",
            "revenue": 221131
        },
        "2019-12": {
            "month": "2019-12",
            "price": "35.15",
            "revenue": 249873
        },
        "2020-01": {
            "month": "2020-01",
            "price": "35.21",
            "revenue": 138504
        },
        "2020-02": {
            "month": "2020-02",
            "price": "33.90",
            "revenue": 138584
        },
        "2020-03": {
            "month": "2020-03",
            "price": "28.68",
            "revenue": 204519
        },
        "2020-04": {
            "month": "2020-04",
            "price": "28.61",
            "revenue": 192901
        },
        "2020-05": {
            "month": "2020-05",
            "price": "29.80",
            "revenue": 190548
        },
        "2020-06": {
            "month": "2020-06",
            "price": "31.60",
            "revenue": 201584
        },
        "2020-07": {
            "month": "2020-07",
            "price": "30.27",
            "revenue": 212883
        },
        "2020-08": {
            "month": "2020-08",
            "price": "30.30",
            "revenue": 197882
        },
        "2020-09": {
            "month": "2020-09",
            "price": "30.87",
            "revenue": 205573
        },
        "2020-10": {
            "month": "2020-10",
            "price": "30.54",
            "revenue": 203519
        },
        "2020-11": {
            "month": "2020-11",
            "price": "32.25",
            "revenue": 187860
        },
        "2020-12": {
            "month": "2020-12",
            "price": "33.33",
            "revenue": 232162
        },
        "2021-01": {
            "month": "2021-01",
            "price": "32.91",
            "revenue": 223703
        },
        "2021-02": {
            "month": "2021-02",
            "price": "33.23",
            "revenue": 105282
        },
        "2021-03": {
            "month": "2021-03",
            "price": "35.06",
            "revenue": 231207
        },
        "2021-04": {
            "month": "2021-04",
            "price": "37.22",
            "revenue": 205788
        },
        "2021-05": {
            "month": "2021-05",
            "price": "36.18",
            "revenue": 199880
        },
        "2021-06": {
            "month": "2021-06",
            "price": "37.62",
            "revenue": 210139
        },
        "2021-07": {
            "month": "2021-07",
            "price": "38.55",
            "revenue": 186122
        },
        "2021-08": {
            "month": "2021-08",
            "price": "37.08",
            "revenue": 166402
        },
        "2021-09": {
            "month": "2021-09",
            "price": "35.21",
            "revenue": 152891
        },
        "2021-10": {
            "month": "2021-10",
            "price": "34.90",
            "revenue": 218008
        },
        "2021-11": {
            "month": "2021-11",
            "price": "36.16",
            "revenue": 229057
        },
        "2021-12": {
            "month": "2021-12",
            "price": "36.83",
            "revenue": 244160
        },
        "2022-01": {
            "month": "2022-01",
            "price": "36.75",
            "revenue": 216284
        },
        "2022-02": {
            "month": "2022-02",
            "price": "36.20",
            "revenue": 92792
        },
        "2022-03": {
            "month": "2022-03",
            "price": "35.89",
            "revenue": 272334
        },
        "2022-04": {
            "month": "2022-04",
            "price": "35.62",
            "revenue": 239932
        },
        "2022-05": {
            "month": "2022-05",
            "price": "34.88",
            "revenue": 234919
        },
        "2022-06": {
            "month": "2022-06",
            "price": "34.82",
            "revenue": 223055
        },
        "2022-07": {
            "month": "2022-07",
            "price": "32.83",
            "revenue": 220316
        },
        "2022-08": {
            "month": "2022-08",
            "price": "34.52",
            "revenue": 235523
        },
        "2022-09": {
            "month": "2022-09",
            "price": "35.92",
            "revenue": 228371
        },
        "2022-10": {
            "month": "2022-10",
            "price": "34.94",
            "revenue": 198224
        },
        "2022-11": {
            "month": "2022-11",
            "price": "35.42",
            "revenue": 244226
        },
        "2022-12": {
            "month": "2022-12",
            "price": "37.23",
            "revenue": 263630
        },
        "2023-01": {
            "month": "2023-01",
            "price": "38.75",
            "revenue": 126309
        },
        "2023-02": {
            "month": "2023-02",
            "price": "39.59",
            "revenue": 130739
        },
        "2023-03": {
            "month": "2023-03",
            "price": "38.85",
            "revenue": 247149
        },
        "2023-04": {
            "month": "2023-04",
            "price": "38.87",
            "revenue": 201023
        },
        "2023-05": {
            "month": "2023-05",
            "price": "38.69",
            "revenue": 248227
        },
        "2023-06": {
            "month": "2023-06",
            "price": "38.86",
            "revenue": 202530
        },
        "2023-07": {
            "month": "2023-07",
            "price": "37.49",
            "revenue": 205272
        },
        "2023-08": {
            "month": "2023-08",
            "price": "36.56",
            "revenue": 218924
        },
        "2023-09": {
            "month": "2023-09",
            "price": "36.11",
            "revenue": 206731
        },
        "2023-10": {
            "month": "2023-10",
            "price": "35.26",
            "revenue": 208324
        },
        "2023-11": {
            "month": "2023-11",
            "price": "35.90",
            "revenue": 251693
        },
        "2023-12": {
            "month": "2023-12",
            "price": "36.86",
            "revenue": 253912
        },
        "2024-01": {
            "month": "2024-01",
            "price": "36.61",
            "revenue": 248873
        },
        "2024-02": {
            "month": "2024-02",
            "price": "36.97",
            "revenue": 109017
        }
    }
}
