{
    "summary": {
        "stock_name": "台紙",
        "stock_id": "1902",
        "category": "造紙",
        "main_business": "化工<br>紙器<br>休閒",
        "website_url": "",
        "ceo": "余美玲",
        "pe_ratio": 26,
        "report_year_from": 2001,
        "report_year_to": 2020,
        "age": 22,
        "eps_negative_percentage": 51,
        "eps_growth_avg": {
            "last_all": -13.01,
            "last_2y": -6.8,
            "last_4y": -30.1,
            "last_8y": -13.63,
            "last_12y": -26.92,
            "last_16y": -13.01,
            "last_20y": null,
            "at_2006_last_3y": 0,
            "at_2007_last_3y": 33.33,
            "at_2008_last_3y": 1.7,
            "at_2009_last_3y": 1.7,
            "at_2010_last_3y": 1.7,
            "at_2011_last_3y": -57.93,
            "at_2012_last_3y": -92.96,
            "at_2013_last_3y": -89.44,
            "at_2014_last_3y": -51.29,
            "at_2015_last_3y": 8.33,
            "at_2016_last_3y": 8.33,
            "at_2017_last_3y": 8.33,
            "at_2018_last_3y": 26.9,
            "at_2019_last_3y": -9.67,
            "at_2020_last_3y": -6.8,
            "at_2021_last_3y": -6.8,
            "at_2022_last_3y": -6.8,
            "at_2023_last_3y": -6.8,
            "at_2006_last_all": 0,
            "at_2007_last_all": 33.33,
            "at_2008_last_all": 26.28,
            "at_2009_last_all": 1.02,
            "at_2010_last_all": 1.02,
            "at_2011_last_all": -12.3,
            "at_2012_last_all": -24.83,
            "at_2013_last_all": -24.83,
            "at_2014_last_all": -18.6,
            "at_2015_last_all": -5.42,
            "at_2016_last_all": -14.88,
            "at_2017_last_all": -14.88,
            "at_2018_last_all": -6.19,
            "at_2019_last_all": -6.48,
            "at_2020_last_all": -13.01,
            "at_2021_last_all": -13.01,
            "at_2022_last_all": -13.01,
            "at_2023_last_all": -13.01
        },
        "latest_eps": 0.78,
        "latest_price": 20.65,
        "latest_roe": 5.89,
        "latest_gross_margin": 15.11,
        "latest_equity": 6988001,
        "latest_revenue": 1118848,
        "latest_gross_profit": 169106,
        "latest_net_income": 53928,
        "latest_debt_ratio": 27.3,
        "latest_current_ratio": 302.55,
        "latest_account_receivable_turnover_ratio": 1.42,
        "latest_inventory_turnover_ratio": 0.81,
        "latest_reinvestment_rate": 54.23,
        "latest_research_to_sale_ratio": null
    },
    "eps_dividends": {
        "1991": {
            "cash": 0,
            "stock": 0,
            "eps": 0
        },
        "1992": {
            "cash": 0,
            "stock": 0,
            "eps": 0
        },
        "2001": {
            "cash": 0,
            "stock": 0,
            "eps": -1.21
        },
        "2002": {
            "cash": 0,
            "stock": 0,
            "eps": -3.49
        },
        "2003": {
            "cash": 0,
            "stock": 0,
            "eps": 0.49
        },
        "2004": {
            "cash": 0,
            "stock": 0,
            "eps": 0.98
        },
        "2005": {
            "cash": 0,
            "stock": 0,
            "eps": -0.59
        },
        "2006": {
            "cash": 0,
            "stock": 0,
            "eps": 0.27
        },
        "2007": {
            "cash": 0,
            "stock": 0,
            "eps": 0.98
        },
        "2008": {
            "cash": 0,
            "stock": 0,
            "eps": 1.03
        },
        "2009": {
            "cash": 0,
            "stock": 0,
            "eps": -0.28
        },
        "2010": {
            "cash": 0,
            "stock": 0,
            "eps": 2.51
        },
        "2011": {
            "cash": 2,
            "stock": 1,
            "eps": 0.53
        },
        "2012": {
            "cash": 0,
            "stock": 0,
            "eps": -0.46
        },
        "2013": {
            "cash": 0,
            "stock": 0,
            "eps": 0.04
        },
        "2014": {
            "cash": 0,
            "stock": 0,
            "eps": 0.05
        },
        "2015": {
            "cash": 0,
            "stock": 0,
            "eps": 0.45
        },
        "2016": {
            "cash": 0,
            "stock": 0,
            "eps": -0.69
        },
        "2017": {
            "cash": 0,
            "stock": 0,
            "eps": 0.57
        },
        "2018": {
            "cash": 0,
            "stock": 0,
            "eps": 1.03
        },
        "2019": {
            "cash": 0,
            "stock": 0,
            "eps": 0.93
        },
        "2020": {
            "cash": 0,
            "stock": 0,
            "eps": 0.08
        }
    },
    "dividends": {
        "1991-05-30": {
            "cash": 0,
            "stock": 0.13
        },
        "1992-05-14": {
            "cash": 0,
            "stock": 0.1
        },
        "2011-01-01": {
            "cash": 0.5,
            "stock": 0
        },
        "2011-03-29": {
            "cash": 0.6,
            "stock": 0.6
        },
        "2018-07-24": {
            "cash": 0.33,
            "stock": 0
        },
        "2019-09-27": {
            "cash": 0.35,
            "stock": 0
        }
    },
    "prices": {
        "200101": "4.59",
        "200102": "5.24",
        "200103": "4.90",
        "200104": "4.40",
        "200105": "3.72",
        "200106": "3.46",
        "200107": "2.64",
        "200108": "2.55",
        "200109": "2.15",
        "200110": "1.86",
        "200111": "1.85",
        "200112": "2.18",
        "200201": "2.53",
        "200202": "2.96",
        "200203": "4.47",
        "200204": "5.69",
        "200205": "5.10",
        "200206": "5.85",
        "200207": "5.70",
        "200208": "5.01",
        "200209": "3.55",
        "200210": "3.60",
        "200211": "3.70",
        "200212": "4.08",
        "200301": "7.09",
        "200302": "7.39",
        "200303": "6.66",
        "200304": "6.38",
        "200305": "4.38",
        "200306": "4.70",
        "200307": "4.97",
        "200308": "4.98",
        "200309": "4.82",
        "200310": "4.92",
        "200311": "5.28",
        "200312": "10.45",
        "200401": "10.68",
        "200402": "12.96",
        "200403": "12.51",
        "200404": "11.54",
        "200405": "10.06",
        "200406": "9.83",
        "200407": "9.55",
        "200408": "9.40",
        "200409": "10.41",
        "200410": "10.28",
        "200411": "9.91",
        "200412": "10.51",
        "200501": "10.81",
        "200502": "10.65",
        "200503": "10.40",
        "200504": "8.92",
        "200505": "7.67",
        "200506": "8.19",
        "200507": "7.76",
        "200508": "6.76",
        "200509": "6.28",
        "200510": "6.28",
        "200511": "6.22",
        "200512": "6.34",
        "200601": "6.25",
        "200602": "6.14",
        "200603": "5.43",
        "200604": "6.74",
        "200605": "8.51",
        "200606": "6.98",
        "200607": "7.08",
        "200608": "6.93",
        "200609": "6.41",
        "200610": "7.56",
        "200611": "9.27",
        "200612": "10.89",
        "200701": "9.66",
        "200702": "9.24",
        "200703": "9.24",
        "200704": "10.14",
        "200705": "9.64",
        "200706": "10.04",
        "200707": "12.00",
        "200708": "10.36",
        "200709": "11.39",
        "200710": "12.53",
        "200711": "11.18",
        "200712": "10.30",
        "200801": "10.78",
        "200802": "11.20",
        "200803": "12.05",
        "200804": "13.20",
        "200805": "17.70",
        "200806": "15.25",
        "200807": "13.96",
        "200808": "13.29",
        "200809": "10.61",
        "200810": "6.92",
        "200811": "7.72",
        "200812": "7.94",
        "200901": "7.92",
        "200902": "7.29",
        "200903": "7.70",
        "200904": "9.67",
        "200905": "10.16",
        "200906": "9.98",
        "200907": "9.68",
        "200908": "10.23",
        "200909": "9.90",
        "200910": "10.19",
        "200911": "9.89",
        "200912": "10.20",
        "201001": "10.61",
        "201002": "9.54",
        "201003": "10.39",
        "201004": "11.38",
        "201005": "11.93",
        "201006": "11.46",
        "201007": "12.01",
        "201008": "15.05",
        "201009": "16.60",
        "201010": "17.65",
        "201011": "18.34",
        "201012": "17.82",
        "201101": "17.87",
        "201102": "17.35",
        "201103": "16.99",
        "201104": "17.73",
        "201105": "15.81",
        "201106": "14.61",
        "201107": "14.27",
        "201108": "12.29",
        "201109": "10.74",
        "201110": "10.88",
        "201111": "10.29",
        "201112": "8.98",
        "201201": "9.08",
        "201202": "10.99",
        "201203": "11.67",
        "201204": "10.27",
        "201205": "9.67",
        "201206": "9.19",
        "201207": "9.18",
        "201208": "9.56",
        "201209": "9.75",
        "201210": "9.08",
        "201211": "8.58",
        "201212": "9.01",
        "201301": "9.26",
        "201302": "9.40",
        "201303": "9.30",
        "201304": "9.03",
        "201305": "9.79",
        "201306": "10.30",
        "201307": "10.81",
        "201308": "12.81",
        "201309": "12.45",
        "201310": "12.85",
        "201311": "12.33",
        "201312": "12.56",
        "201401": "12.96",
        "201402": "12.55",
        "201403": "12.65",
        "201404": "12.03",
        "201405": "12.16",
        "201406": "13.01",
        "201407": "14.05",
        "201408": "13.14",
        "201409": "12.47",
        "201410": "11.47",
        "201411": "11.03",
        "201412": "11.11",
        "201501": "11.27",
        "201502": "11.13",
        "201503": "11.12",
        "201504": "11.33",
        "201505": "11.09",
        "201506": "10.58",
        "201507": "10.72",
        "201508": "10.67",
        "201509": "10.70",
        "201510": "10.79",
        "201511": "10.79",
        "201512": "10.67",
        "201601": "10.62",
        "201602": "10.50",
        "201603": "11.09",
        "201604": "10.77",
        "201605": "10.79",
        "201606": "10.83",
        "201607": "10.73",
        "201608": "10.49",
        "201609": "10.24",
        "201610": "10.22",
        "201611": "10.29",
        "201612": "11.20",
        "201701": "11.83",
        "201702": "12.89",
        "201703": "13.59",
        "201704": "13.07",
        "201705": "14.38",
        "201706": "18.15",
        "201707": "17.88",
        "201708": "18.92",
        "201709": "20.48",
        "201710": "20.01",
        "201711": "18.71",
        "201712": "17.86",
        "201801": "19.19",
        "201802": "18.45",
        "201803": "18.42",
        "201804": "18.50",
        "201805": "18.37",
        "201806": "18.89",
        "201807": "18.10",
        "201808": "18.05",
        "201809": "17.92",
        "201810": "17.71",
        "201811": "17.57",
        "201812": "17.94",
        "201901": "18.88",
        "201902": "19.89",
        "201903": "19.87",
        "201904": "18.99",
        "201905": "18.44",
        "201906": "18.26",
        "201907": "18.76",
        "201908": "19.70",
        "201909": "20.56",
        "201910": "20.35",
        "201911": "19.77",
        "201912": "19.60",
        "202001": "21.21",
        "202002": "20.20",
        "202003": "20.12",
        "202004": "20.46",
        "202005": "20.65",
        "202006": "無",
        "202007": "無",
        "202008": "無",
        "202009": "無",
        "202010": "無",
        "202011": "無",
        "202012": "無",
        "202101": "無",
        "202102": "無",
        "202103": "無",
        "202104": "無",
        "202105": "無",
        "202106": "無",
        "202107": "無",
        "202108": "無",
        "202109": "無",
        "202110": "無",
        "202111": "無",
        "202112": "無",
        "202201": "無",
        "202202": "無",
        "202203": "無",
        "202204": "無",
        "202205": "無",
        "202206": "無",
        "202207": "無",
        "202208": "無",
        "202209": "無",
        "202210": "無",
        "202211": "無",
        "202212": "無",
        "202301": "無",
        "202302": "無",
        "202303": "無",
        "202304": "無",
        "202305": "無"
    },
    "quarters": {
        "20011": {
            "year_quarter": 20011,
            "year": 2001,
            "quarter": 1,
            "eps": -0.22,
            "eps_growth_year": -159.46,
            "eps_4q": -0.34,
            "eps_4q_growth_year": -266.77,
            "roe": -1.91,
            "gross_profit": 50783,
            "gross_margin": 5.99,
            "net_income": -124042,
            "revenue": 848422,
            "common_shares": 5600000,
            "equity": 6090956,
            "current_ratio": 99.2,
            "debt_ratio": 54.85,
            "inventory_turnover_ratio": 0.22,
            "account_receivable_turnover_ratio": null,
            "reinvestment_rate": null,
            "research_to_sale_ratio": null,
            "price_fair": 0,
            "eps_avg_yearly": 0,
            "eps_latest_yearly": 0,
            "eps_growth_yearly": 0
        },
        "20012": {
            "year_quarter": 20012,
            "year": 2001,
            "quarter": 2,
            "eps": -0.29,
            "eps_growth_year": -270.59,
            "eps_4q": -0.81,
            "eps_4q_growth_year": -287.55,
            "roe": -2.72,
            "gross_profit": 222715,
            "gross_margin": 16.95,
            "net_income": -164948,
            "revenue": 1313616,
            "common_shares": 5600000,
            "equity": 6019823,
            "current_ratio": 96.84,
            "debt_ratio": 55.61,
            "inventory_turnover_ratio": 0.31,
            "account_receivable_turnover_ratio": null,
            "reinvestment_rate": null,
            "research_to_sale_ratio": null,
            "price_fair": 0,
            "eps_avg_yearly": 0,
            "eps_latest_yearly": 0,
            "eps_growth_yearly": 0
        },
        "20013": {
            "year_quarter": 20013,
            "year": 2001,
            "quarter": 3,
            "eps": -0.3,
            "eps_growth_year": -528.57,
            "eps_4q": -1.17,
            "eps_4q_growth_year": -292.3,
            "roe": -2.82,
            "gross_profit": 162013,
            "gross_margin": 13.69,
            "net_income": -167158,
            "revenue": 1183718,
            "common_shares": 5600000,
            "equity": 5855774,
            "current_ratio": 96.25,
            "debt_ratio": 54.93,
            "inventory_turnover_ratio": 0.31,
            "account_receivable_turnover_ratio": null,
            "reinvestment_rate": null,
            "research_to_sale_ratio": null,
            "price_fair": 0,
            "eps_avg_yearly": 0,
            "eps_latest_yearly": 0,
            "eps_growth_yearly": 0
        },
        "20014": {
            "year_quarter": 20014,
            "year": 2001,
            "quarter": 4,
            "eps": -0.4,
            "eps_growth_year": null,
            "eps_4q": -1.22,
            "eps_4q_growth_year": -547.55,
            "roe": -3.73,
            "gross_profit": 162525,
            "gross_margin": 14.24,
            "net_income": -226125,
            "revenue": 1141110,
            "common_shares": 5600000,
            "equity": 6284685,
            "current_ratio": 120.64,
            "debt_ratio": 52.45,
            "inventory_turnover_ratio": 0.32,
            "account_receivable_turnover_ratio": null,
            "reinvestment_rate": null,
            "research_to_sale_ratio": null,
            "price_fair": 0,
            "eps_avg_yearly": 0,
            "eps_latest_yearly": 0,
            "eps_growth_yearly": 0
        },
        "20021": {
            "year_quarter": 20021,
            "year": 2002,
            "quarter": 1,
            "eps": 0.05,
            "eps_growth_year": null,
            "eps_4q": -0.94,
            "eps_4q_growth_year": null,
            "roe": 0.48,
            "gross_profit": 135284,
            "gross_margin": 12.56,
            "net_income": 28283,
            "revenue": 1077135,
            "common_shares": 5600000,
            "equity": 5604774,
            "current_ratio": 104.23,
            "debt_ratio": 53.35,
            "inventory_turnover_ratio": 0.34,
            "account_receivable_turnover_ratio": null,
            "reinvestment_rate": null,
            "research_to_sale_ratio": null,
            "price_fair": 0,
            "eps_avg_yearly": 0,
            "eps_latest_yearly": 0,
            "eps_growth_yearly": 0
        },
        "20022": {
            "year_quarter": 20022,
            "year": 2002,
            "quarter": 2,
            "eps": -0.04,
            "eps_growth_year": null,
            "eps_4q": -0.69,
            "eps_4q_growth_year": null,
            "roe": -0.35,
            "gross_profit": 129582,
            "gross_margin": 11.54,
            "net_income": -19750,
            "revenue": 1122998,
            "common_shares": 5600000,
            "equity": 5581076,
            "current_ratio": 104.06,
            "debt_ratio": 52.28,
            "inventory_turnover_ratio": 0.4,
            "account_receivable_turnover_ratio": null,
            "reinvestment_rate": null,
            "research_to_sale_ratio": null,
            "price_fair": 0,
            "eps_avg_yearly": 0,
            "eps_latest_yearly": 0,
            "eps_growth_yearly": 0
        },
        "20023": {
            "year_quarter": 20023,
            "year": 2002,
            "quarter": 3,
            "eps": -3.45,
            "eps_growth_year": null,
            "eps_4q": -3.74,
            "eps_4q_growth_year": null,
            "roe": -39.92,
            "gross_profit": 172246,
            "gross_margin": 14.98,
            "net_income": -1875970,
            "revenue": 1149989,
            "common_shares": 5600000,
            "equity": 3817155,
            "current_ratio": 77.34,
            "debt_ratio": 60.84,
            "inventory_turnover_ratio": 0.52,
            "account_receivable_turnover_ratio": null,
            "reinvestment_rate": null,
            "research_to_sale_ratio": null,
            "price_fair": 0,
            "eps_avg_yearly": 0,
            "eps_latest_yearly": 0,
            "eps_growth_yearly": 0
        },
        "20024": {
            "year_quarter": 20024,
            "year": 2002,
            "quarter": 4,
            "eps": -0.05,
            "eps_growth_year": null,
            "eps_4q": -3.49,
            "eps_4q_growth_year": null,
            "roe": -0.73,
            "gross_profit": 133280,
            "gross_margin": 13.21,
            "net_income": -29709,
            "revenue": 1008802,
            "common_shares": 5600000,
            "equity": 4353460,
            "current_ratio": 89.33,
            "debt_ratio": 58.35,
            "inventory_turnover_ratio": 0.65,
            "account_receivable_turnover_ratio": null,
            "reinvestment_rate": null,
            "research_to_sale_ratio": null,
            "price_fair": 0,
            "eps_avg_yearly": 0,
            "eps_latest_yearly": 0,
            "eps_growth_yearly": 0
        },
        "20031": {
            "year_quarter": 20031,
            "year": 2003,
            "quarter": 1,
            "eps": 0.09,
            "eps_growth_year": 80,
            "eps_4q": -3.24,
            "eps_4q_growth_year": null,
            "roe": 1.28,
            "gross_profit": 113011,
            "gross_margin": 10.71,
            "net_income": 51996,
            "revenue": 1055340,
            "common_shares": 5600000,
            "equity": 3768128,
            "current_ratio": 63.87,
            "debt_ratio": 59.86,
            "inventory_turnover_ratio": 0.76,
            "account_receivable_turnover_ratio": null,
            "reinvestment_rate": null,
            "research_to_sale_ratio": null,
            "price_fair": 0,
            "eps_avg_yearly": 0,
            "eps_latest_yearly": 0,
            "eps_growth_yearly": 0
        },
        "20032": {
            "year_quarter": 20032,
            "year": 2003,
            "quarter": 2,
            "eps": 0.06,
            "eps_growth_year": null,
            "eps_4q": -3.28,
            "eps_4q_growth_year": null,
            "roe": 0.88,
            "gross_profit": 132576,
            "gross_margin": 15.21,
            "net_income": 33278,
            "revenue": 871718,
            "common_shares": 5600000,
            "equity": 3791843,
            "current_ratio": 63.85,
            "debt_ratio": 57.73,
            "inventory_turnover_ratio": 0.63,
            "account_receivable_turnover_ratio": null,
            "reinvestment_rate": null,
            "research_to_sale_ratio": null,
            "price_fair": 0.72,
            "eps_avg_yearly": 0.24,
            "eps_latest_yearly": 0.24,
            "eps_growth_yearly": -133.33
        },
        "20033": {
            "year_quarter": 20033,
            "year": 2003,
            "quarter": 3,
            "eps": 0.15,
            "eps_growth_year": null,
            "eps_4q": 0.35,
            "eps_4q_growth_year": null,
            "roe": 1.12,
            "gross_profit": 132162,
            "gross_margin": 13.31,
            "net_income": 42331,
            "revenue": 992813,
            "common_shares": 2800000,
            "equity": 3781099,
            "current_ratio": 66.08,
            "debt_ratio": 58.83,
            "inventory_turnover_ratio": 0.69,
            "account_receivable_turnover_ratio": null,
            "reinvestment_rate": null,
            "research_to_sale_ratio": null,
            "price_fair": 14.7,
            "eps_avg_yearly": 0.42,
            "eps_latest_yearly": 0.6,
            "eps_growth_yearly": 233.33
        },
        "20034": {
            "year_quarter": 20034,
            "year": 2003,
            "quarter": 4,
            "eps": 0.19,
            "eps_growth_year": null,
            "eps_4q": 0.65,
            "eps_4q_growth_year": null,
            "roe": 1.26,
            "gross_profit": 141230,
            "gross_margin": 14.5,
            "net_income": 52237,
            "revenue": 973959,
            "common_shares": 2800000,
            "equity": 4486319,
            "current_ratio": 122.64,
            "debt_ratio": 54.77,
            "inventory_turnover_ratio": 0.61,
            "account_receivable_turnover_ratio": null,
            "reinvestment_rate": null,
            "research_to_sale_ratio": null,
            "price_fair": 18.67,
            "eps_avg_yearly": 0.53,
            "eps_latest_yearly": 0.76,
            "eps_growth_yearly": 191.11
        },
        "20041": {
            "year_quarter": 20041,
            "year": 2004,
            "quarter": 1,
            "eps": 0.17,
            "eps_growth_year": 88.89,
            "eps_4q": 0.64,
            "eps_4q_growth_year": null,
            "roe": 1.11,
            "gross_profit": 120827,
            "gross_margin": 12.45,
            "net_income": 46094,
            "revenue": 970700,
            "common_shares": 2800000,
            "equity": 3812524,
            "current_ratio": 85.4,
            "debt_ratio": 58.14,
            "inventory_turnover_ratio": 0.59,
            "account_receivable_turnover_ratio": null,
            "reinvestment_rate": null,
            "research_to_sale_ratio": null,
            "price_fair": 19.95,
            "eps_avg_yearly": 0.57,
            "eps_latest_yearly": 0.68,
            "eps_growth_yearly": 132.81
        },
        "20042": {
            "year_quarter": 20042,
            "year": 2004,
            "quarter": 2,
            "eps": 0.39,
            "eps_growth_year": 550,
            "eps_4q": 0.9,
            "eps_4q_growth_year": null,
            "roe": 2.77,
            "gross_profit": 166103,
            "gross_margin": 16.42,
            "net_income": 107567,
            "revenue": 1011706,
            "common_shares": 2800000,
            "equity": 3959627,
            "current_ratio": 90.99,
            "debt_ratio": 59.57,
            "inventory_turnover_ratio": 0.55,
            "account_receivable_turnover_ratio": null,
            "reinvestment_rate": null,
            "research_to_sale_ratio": null,
            "price_fair": 26.88,
            "eps_avg_yearly": 0.77,
            "eps_latest_yearly": 1.56,
            "eps_growth_yearly": 209.78
        },
        "20043": {
            "year_quarter": 20043,
            "year": 2004,
            "quarter": 3,
            "eps": 0.17,
            "eps_growth_year": 13.33,
            "eps_4q": 0.93,
            "eps_4q_growth_year": 168.34,
            "roe": 1.13,
            "gross_profit": 138546,
            "gross_margin": 14.26,
            "net_income": 46005,
            "revenue": 971278,
            "common_shares": 2800000,
            "equity": 4168815,
            "current_ratio": 90.9,
            "debt_ratio": 57.74,
            "inventory_turnover_ratio": 0.5,
            "account_receivable_turnover_ratio": null,
            "reinvestment_rate": null,
            "research_to_sale_ratio": null,
            "price_fair": 26.37,
            "eps_avg_yearly": 0.75,
            "eps_latest_yearly": 0.68,
            "eps_growth_yearly": 137.21
        },
        "20044": {
            "year_quarter": 20044,
            "year": 2004,
            "quarter": 4,
            "eps": 0.25,
            "eps_growth_year": 31.58,
            "eps_4q": 0.95,
            "eps_4q_growth_year": 45.57,
            "roe": 1.58,
            "gross_profit": 123010,
            "gross_margin": 11.77,
            "net_income": 71086,
            "revenue": 1044946,
            "common_shares": 2987000,
            "equity": 4819449,
            "current_ratio": 113.11,
            "debt_ratio": 54.47,
            "inventory_turnover_ratio": 0.52,
            "account_receivable_turnover_ratio": null,
            "reinvestment_rate": null,
            "research_to_sale_ratio": null,
            "price_fair": 27.6,
            "eps_avg_yearly": 0.79,
            "eps_latest_yearly": 1,
            "eps_growth_yearly": 144.5
        },
        "20051": {
            "year_quarter": 20051,
            "year": 2005,
            "quarter": 1,
            "eps": -0.09,
            "eps_growth_year": -152.94,
            "eps_4q": 0.64,
            "eps_4q_growth_year": 0.14,
            "roe": -0.57,
            "gross_profit": 146938,
            "gross_margin": 12.94,
            "net_income": -27606,
            "revenue": 1135769,
            "common_shares": 3069200,
            "equity": 4893818,
            "current_ratio": 80.66,
            "debt_ratio": 47.57,
            "inventory_turnover_ratio": 0.59,
            "account_receivable_turnover_ratio": null,
            "reinvestment_rate": null,
            "research_to_sale_ratio": null,
            "price_fair": 27.6,
            "eps_avg_yearly": 0.79,
            "eps_latest_yearly": 1,
            "eps_growth_yearly": 144.5
        },
        "20052": {
            "year_quarter": 20052,
            "year": 2005,
            "quarter": 2,
            "eps": 0.05,
            "eps_growth_year": -87.18,
            "eps_4q": 0.37,
            "eps_4q_growth_year": -58.98,
            "roe": 0.29,
            "gross_profit": 52233,
            "gross_margin": 5.67,
            "net_income": 14017,
            "revenue": 921507,
            "common_shares": 3069300,
            "equity": 4899785,
            "current_ratio": 80.63,
            "debt_ratio": 48.61,
            "inventory_turnover_ratio": 0.52,
            "account_receivable_turnover_ratio": null,
            "reinvestment_rate": null,
            "research_to_sale_ratio": null,
            "price_fair": 27.6,
            "eps_avg_yearly": 0.79,
            "eps_latest_yearly": 1,
            "eps_growth_yearly": 144.5
        },
        "20053": {
            "year_quarter": 20053,
            "year": 2005,
            "quarter": 3,
            "eps": -0.28,
            "eps_growth_year": -264.71,
            "eps_4q": -0.09,
            "eps_4q_growth_year": -109.42,
            "roe": -1.72,
            "gross_profit": 29981,
            "gross_margin": 3.34,
            "net_income": -84406,
            "revenue": 897333,
            "common_shares": 3069300,
            "equity": 4917805,
            "current_ratio": 78.7,
            "debt_ratio": 50.01,
            "inventory_turnover_ratio": 0.47,
            "account_receivable_turnover_ratio": null,
            "reinvestment_rate": null,
            "research_to_sale_ratio": null,
            "price_fair": 27.6,
            "eps_avg_yearly": 0.79,
            "eps_latest_yearly": 1,
            "eps_growth_yearly": 144.5
        },
        "20054": {
            "year_quarter": 20054,
            "year": 2005,
            "quarter": 4,
            "eps": -0.27,
            "eps_growth_year": -208,
            "eps_4q": -0.49,
            "eps_4q_growth_year": -151.77,
            "roe": -1.57,
            "gross_profit": 64596,
            "gross_margin": 6.19,
            "net_income": -81823,
            "revenue": 1042927,
            "common_shares": 3069300,
            "equity": 5493086,
            "current_ratio": 131.73,
            "debt_ratio": 49.84,
            "inventory_turnover_ratio": 0.52,
            "account_receivable_turnover_ratio": null,
            "reinvestment_rate": null,
            "research_to_sale_ratio": null,
            "price_fair": 27.6,
            "eps_avg_yearly": 0.79,
            "eps_latest_yearly": 1,
            "eps_growth_yearly": 144.5
        },
        "20061": {
            "year_quarter": 20061,
            "year": 2006,
            "quarter": 1,
            "eps": 0.1,
            "eps_growth_year": null,
            "eps_4q": -0.39,
            "eps_4q_growth_year": -161.36,
            "roe": 0.6,
            "gross_profit": 66924,
            "gross_margin": 5.82,
            "net_income": 30801,
            "revenue": 1150213,
            "common_shares": 3069300,
            "equity": 4821026,
            "current_ratio": 98.72,
            "debt_ratio": 48.15,
            "inventory_turnover_ratio": 0.64,
            "account_receivable_turnover_ratio": null,
            "reinvestment_rate": null,
            "research_to_sale_ratio": null,
            "price_fair": 27.6,
            "eps_avg_yearly": 0.79,
            "eps_latest_yearly": 1,
            "eps_growth_yearly": 144.5
        },
        "20062": {
            "year_quarter": 20062,
            "year": 2006,
            "quarter": 2,
            "eps": 0,
            "eps_growth_year": -100,
            "eps_4q": -0.44,
            "eps_4q_growth_year": -219.3,
            "roe": 0,
            "gross_profit": 70788,
            "gross_margin": 7.07,
            "net_income": 236,
            "revenue": 1001939,
            "common_shares": 3069300,
            "equity": 4807684,
            "current_ratio": 88.54,
            "debt_ratio": 48.27,
            "inventory_turnover_ratio": 0.58,
            "account_receivable_turnover_ratio": null,
            "reinvestment_rate": null,
            "research_to_sale_ratio": null,
            "price_fair": 27.6,
            "eps_avg_yearly": 0.79,
            "eps_latest_yearly": 1,
            "eps_growth_yearly": 144.5
        },
        "20063": {
            "year_quarter": 20063,
            "year": 2006,
            "quarter": 3,
            "eps": -0.05,
            "eps_growth_year": null,
            "eps_4q": -0.22,
            "eps_4q_growth_year": null,
            "roe": -0.34,
            "gross_profit": 98622,
            "gross_margin": 9.75,
            "net_income": -16391,
            "revenue": 1011877,
            "common_shares": 3069300,
            "equity": 4838730,
            "current_ratio": 97.33,
            "debt_ratio": 48.57,
            "inventory_turnover_ratio": 0.55,
            "account_receivable_turnover_ratio": null,
            "reinvestment_rate": -22.19,
            "research_to_sale_ratio": null,
            "price_fair": 27.6,
            "eps_avg_yearly": 0.79,
            "eps_latest_yearly": 1,
            "eps_growth_yearly": 144.5
        },
        "20064": {
            "year_quarter": 20064,
            "year": 2006,
            "quarter": 4,
            "eps": 0.22,
            "eps_growth_year": null,
            "eps_4q": 0.27,
            "eps_4q_growth_year": null,
            "roe": 1.29,
            "gross_profit": 152904,
            "gross_margin": 13.78,
            "net_income": 66930,
            "revenue": 1109845,
            "common_shares": 3125550,
            "equity": 5569704,
            "current_ratio": 120.94,
            "debt_ratio": 49.54,
            "inventory_turnover_ratio": 0.54,
            "account_receivable_turnover_ratio": null,
            "reinvestment_rate": 124.19,
            "research_to_sale_ratio": null,
            "price_fair": 27.6,
            "eps_avg_yearly": 0.79,
            "eps_latest_yearly": 1,
            "eps_growth_yearly": 144.5
        },
        "20071": {
            "year_quarter": 20071,
            "year": 2007,
            "quarter": 1,
            "eps": 0.07,
            "eps_growth_year": -30,
            "eps_4q": 0.24,
            "eps_4q_growth_year": null,
            "roe": 0.38,
            "gross_profit": 120237,
            "gross_margin": 11.7,
            "net_income": 20491,
            "revenue": 1027581,
            "common_shares": 3298675,
            "equity": 5112231,
            "current_ratio": 85.44,
            "debt_ratio": 45.04,
            "inventory_turnover_ratio": 0.53,
            "account_receivable_turnover_ratio": null,
            "reinvestment_rate": 51.17,
            "research_to_sale_ratio": null,
            "price_fair": 25.38,
            "eps_avg_yearly": 0.73,
            "eps_latest_yearly": 0.28,
            "eps_growth_yearly": 92.34
        },
        "20072": {
            "year_quarter": 20072,
            "year": 2007,
            "quarter": 2,
            "eps": 0.35,
            "eps_growth_year": null,
            "eps_4q": 0.57,
            "eps_4q_growth_year": null,
            "roe": 2.21,
            "gross_profit": 234367,
            "gross_margin": 16.41,
            "net_income": 114289,
            "revenue": 1428207,
            "common_shares": 3357675,
            "equity": 5251772,
            "current_ratio": 89.34,
            "debt_ratio": 41.13,
            "inventory_turnover_ratio": 0.86,
            "account_receivable_turnover_ratio": null,
            "reinvestment_rate": 52.01,
            "research_to_sale_ratio": null,
            "price_fair": 30.45,
            "eps_avg_yearly": 0.87,
            "eps_latest_yearly": 1.4,
            "eps_growth_yearly": 309.01
        },
        "20073": {
            "year_quarter": 20073,
            "year": 2007,
            "quarter": 3,
            "eps": 0.22,
            "eps_growth_year": null,
            "eps_4q": 0.84,
            "eps_4q_growth_year": null,
            "roe": 1.36,
            "gross_profit": 183395,
            "gross_margin": 14.07,
            "net_income": 71870,
            "revenue": 1303218,
            "common_shares": 3357675,
            "equity": 5329596,
            "current_ratio": 118.2,
            "debt_ratio": 40.21,
            "inventory_turnover_ratio": 0.86,
            "account_receivable_turnover_ratio": null,
            "reinvestment_rate": 42.67,
            "research_to_sale_ratio": null,
            "price_fair": 31.68,
            "eps_avg_yearly": 0.91,
            "eps_latest_yearly": 0.88,
            "eps_growth_yearly": 215.44
        },
        "20074": {
            "year_quarter": 20074,
            "year": 2007,
            "quarter": 4,
            "eps": 0.34,
            "eps_growth_year": 54.55,
            "eps_4q": 0.97,
            "eps_4q_growth_year": 263.14,
            "roe": 1.93,
            "gross_profit": 196143,
            "gross_margin": 15.86,
            "net_income": 110870,
            "revenue": 1236434,
            "common_shares": 3357675,
            "equity": 6153163,
            "current_ratio": 172.54,
            "debt_ratio": 44.92,
            "inventory_turnover_ratio": 0.68,
            "account_receivable_turnover_ratio": null,
            "reinvestment_rate": -76.82,
            "research_to_sale_ratio": null,
            "price_fair": 34.3,
            "eps_avg_yearly": 0.98,
            "eps_latest_yearly": 1.36,
            "eps_growth_yearly": 229.38
        },
        "20081": {
            "year_quarter": 20081,
            "year": 2008,
            "quarter": 1,
            "eps": 0.67,
            "eps_growth_year": 857.14,
            "eps_4q": 1.48,
            "eps_4q_growth_year": 506.68,
            "roe": 3.81,
            "gross_profit": 297323,
            "gross_margin": 19.47,
            "net_income": 236821,
            "revenue": 1527333,
            "common_shares": 3357675,
            "equity": 6263457,
            "current_ratio": 174.49,
            "debt_ratio": 43.22,
            "inventory_turnover_ratio": 0.75,
            "account_receivable_turnover_ratio": null,
            "reinvestment_rate": 105.8,
            "research_to_sale_ratio": null,
            "price_fair": 43.05,
            "eps_avg_yearly": 1.23,
            "eps_latest_yearly": 2.68,
            "eps_growth_yearly": 283.17
        },
        "20082": {
            "year_quarter": 20082,
            "year": 2008,
            "quarter": 2,
            "eps": 1.19,
            "eps_growth_year": 240,
            "eps_4q": 2.35,
            "eps_4q_growth_year": 314.9,
            "roe": 6.51,
            "gross_profit": 278064,
            "gross_margin": 18.52,
            "net_income": 407056,
            "revenue": 1501531,
            "common_shares": 3357675,
            "equity": 6244094,
            "current_ratio": 193.04,
            "debt_ratio": 38.64,
            "inventory_turnover_ratio": 0.74,
            "account_receivable_turnover_ratio": null,
            "reinvestment_rate": 74.43,
            "research_to_sale_ratio": null,
            "price_fair": 57.05,
            "eps_avg_yearly": 1.63,
            "eps_latest_yearly": 4.76,
            "eps_growth_yearly": 257.27
        },
        "20083": {
            "year_quarter": 20083,
            "year": 2008,
            "quarter": 3,
            "eps": 0.27,
            "eps_growth_year": 22.73,
            "eps_4q": 2.21,
            "eps_4q_growth_year": 163.53,
            "roe": 1.57,
            "gross_profit": 257486,
            "gross_margin": 17.58,
            "net_income": 100631,
            "revenue": 1464325,
            "common_shares": 3357675,
            "equity": 6542254,
            "current_ratio": 207.43,
            "debt_ratio": 39.77,
            "inventory_turnover_ratio": 0.63,
            "account_receivable_turnover_ratio": null,
            "reinvestment_rate": 73.9,
            "research_to_sale_ratio": null,
            "price_fair": 58.8,
            "eps_avg_yearly": 1.68,
            "eps_latest_yearly": 1.08,
            "eps_growth_yearly": 246.82
        },
        "20084": {
            "year_quarter": 20084,
            "year": 2008,
            "quarter": 4,
            "eps": -1.1,
            "eps_growth_year": -423.53,
            "eps_4q": 0.92,
            "eps_4q_growth_year": -5.99,
            "roe": -5.54,
            "gross_profit": -286946,
            "gross_margin": -24.08,
            "net_income": -351665,
            "revenue": 1191846,
            "common_shares": 3357675,
            "equity": 6150709,
            "current_ratio": 182.89,
            "debt_ratio": 43.22,
            "inventory_turnover_ratio": 0.68,
            "account_receivable_turnover_ratio": 3.89,
            "reinvestment_rate": -32.65,
            "research_to_sale_ratio": null,
            "price_fair": 62.2,
            "eps_avg_yearly": 1.78,
            "eps_latest_yearly": 1.08,
            "eps_growth_yearly": 255.19
        },
        "20091": {
            "year_quarter": 20091,
            "year": 2009,
            "quarter": 1,
            "eps": -0.44,
            "eps_growth_year": -165.67,
            "eps_4q": -0.08,
            "eps_4q_growth_year": -105.3,
            "roe": -2.23,
            "gross_profit": -11539,
            "gross_margin": -1.1,
            "net_income": -136647,
            "revenue": 1050860,
            "common_shares": 3357675,
            "equity": 6090772,
            "current_ratio": 192.08,
            "debt_ratio": 41.62,
            "inventory_turnover_ratio": 0.51,
            "account_receivable_turnover_ratio": 1.86,
            "reinvestment_rate": 171.7,
            "research_to_sale_ratio": null,
            "price_fair": 62.2,
            "eps_avg_yearly": 1.78,
            "eps_latest_yearly": 1.08,
            "eps_growth_yearly": 255.19
        },
        "20092": {
            "year_quarter": 20092,
            "year": 2009,
            "quarter": 2,
            "eps": -0.29,
            "eps_growth_year": -124.37,
            "eps_4q": -1.55,
            "eps_4q_growth_year": -165.96,
            "roe": -1.5,
            "gross_profit": -2333,
            "gross_margin": -0.16,
            "net_income": -89888,
            "revenue": 1447821,
            "common_shares": 3357675,
            "equity": 5855503,
            "current_ratio": 170.19,
            "debt_ratio": 44.6,
            "inventory_turnover_ratio": 0.77,
            "account_receivable_turnover_ratio": 2.33,
            "reinvestment_rate": 200.47,
            "research_to_sale_ratio": null,
            "price_fair": 62.2,
            "eps_avg_yearly": 1.78,
            "eps_latest_yearly": 1.08,
            "eps_growth_yearly": 255.19
        },
        "20093": {
            "year_quarter": 20093,
            "year": 2009,
            "quarter": 3,
            "eps": -0.12,
            "eps_growth_year": -144.44,
            "eps_4q": -1.94,
            "eps_4q_growth_year": -187.98,
            "roe": -0.56,
            "gross_profit": 73420,
            "gross_margin": 5.09,
            "net_income": -33087,
            "revenue": 1442055,
            "common_shares": 3357675,
            "equity": 5915875,
            "current_ratio": 207.96,
            "debt_ratio": 43.06,
            "inventory_turnover_ratio": 0.79,
            "account_receivable_turnover_ratio": 2.05,
            "reinvestment_rate": 158.1,
            "research_to_sale_ratio": null,
            "price_fair": 62.2,
            "eps_avg_yearly": 1.78,
            "eps_latest_yearly": 1.08,
            "eps_growth_yearly": 255.19
        },
        "20094": {
            "year_quarter": 20094,
            "year": 2009,
            "quarter": 4,
            "eps": 0.57,
            "eps_growth_year": null,
            "eps_4q": -0.28,
            "eps_4q_growth_year": -131.12,
            "roe": 3.33,
            "gross_profit": 310264,
            "gross_margin": 18.48,
            "net_income": 198099,
            "revenue": 1678651,
            "common_shares": 3357675,
            "equity": 5967749,
            "current_ratio": 215.67,
            "debt_ratio": 41.76,
            "inventory_turnover_ratio": 0.84,
            "account_receivable_turnover_ratio": 4.48,
            "reinvestment_rate": -65.13,
            "research_to_sale_ratio": null,
            "price_fair": 62.2,
            "eps_avg_yearly": 1.78,
            "eps_latest_yearly": 1.08,
            "eps_growth_yearly": 255.19
        },
        "20101": {
            "year_quarter": 20101,
            "year": 2010,
            "quarter": 1,
            "eps": 0.5,
            "eps_growth_year": null,
            "eps_4q": 0.65,
            "eps_4q_growth_year": null,
            "roe": 2.88,
            "gross_profit": 274764,
            "gross_margin": 16.98,
            "net_income": 172127,
            "revenue": 1618188,
            "common_shares": 3357675,
            "equity": 6004425,
            "current_ratio": 230.14,
            "debt_ratio": 39.52,
            "inventory_turnover_ratio": 0.83,
            "account_receivable_turnover_ratio": 2.13,
            "reinvestment_rate": 111.86,
            "research_to_sale_ratio": null,
            "price_fair": 63.18,
            "eps_avg_yearly": 1.81,
            "eps_latest_yearly": 2,
            "eps_growth_yearly": 217.15
        },
        "20102": {
            "year_quarter": 20102,
            "year": 2010,
            "quarter": 2,
            "eps": 0.7,
            "eps_growth_year": null,
            "eps_4q": 1.65,
            "eps_4q_growth_year": null,
            "roe": 3.91,
            "gross_profit": 372289,
            "gross_margin": 24.03,
            "net_income": 240335,
            "revenue": 1549187,
            "common_shares": 3357675,
            "equity": 6278157,
            "current_ratio": 214.75,
            "debt_ratio": 39.88,
            "inventory_turnover_ratio": 0.67,
            "account_receivable_turnover_ratio": 2.07,
            "reinvestment_rate": 92.41,
            "research_to_sale_ratio": null,
            "price_fair": 67.04,
            "eps_avg_yearly": 1.92,
            "eps_latest_yearly": 2.8,
            "eps_growth_yearly": 210.8
        },
        "20103": {
            "year_quarter": 20103,
            "year": 2010,
            "quarter": 3,
            "eps": 0.86,
            "eps_growth_year": null,
            "eps_4q": 2.48,
            "eps_4q_growth_year": null,
            "roe": 4.85,
            "gross_profit": 322570,
            "gross_margin": 19.31,
            "net_income": 314018,
            "revenue": 1670209,
            "common_shares": 3669175,
            "equity": 6661419,
            "current_ratio": 242.68,
            "debt_ratio": 34.95,
            "inventory_turnover_ratio": 0.73,
            "account_receivable_turnover_ratio": 2.17,
            "reinvestment_rate": 68.29,
            "research_to_sale_ratio": null,
            "price_fair": 72.38,
            "eps_avg_yearly": 2.07,
            "eps_latest_yearly": 3.44,
            "eps_growth_yearly": 198.86
        },
        "20104": {
            "year_quarter": 20104,
            "year": 2010,
            "quarter": 4,
            "eps": 0.45,
            "eps_growth_year": -20.62,
            "eps_4q": 2.32,
            "eps_4q_growth_year": null,
            "roe": 2.83,
            "gross_profit": 247887,
            "gross_margin": 14.49,
            "net_income": 188556,
            "revenue": 1710402,
            "common_shares": 3840975,
            "equity": 6658380,
            "current_ratio": 261.68,
            "debt_ratio": 35.91,
            "inventory_turnover_ratio": 0.82,
            "account_receivable_turnover_ratio": 2.25,
            "reinvestment_rate": -55.63,
            "research_to_sale_ratio": null,
            "price_fair": 71.53,
            "eps_avg_yearly": 2.04,
            "eps_latest_yearly": 1.8,
            "eps_growth_yearly": 163.45
        },
        "20111": {
            "year_quarter": 20111,
            "year": 2011,
            "quarter": 1,
            "eps": 0.21,
            "eps_growth_year": -58,
            "eps_4q": 2.09,
            "eps_4q_growth_year": 219.11,
            "roe": 1.36,
            "gross_profit": 208515,
            "gross_margin": 12.62,
            "net_income": 90230,
            "revenue": 1652073,
            "common_shares": 3857675,
            "equity": 6642530,
            "current_ratio": 280.87,
            "debt_ratio": 35.71,
            "inventory_turnover_ratio": 0.77,
            "account_receivable_turnover_ratio": 2.26,
            "reinvestment_rate": 44.45,
            "research_to_sale_ratio": null,
            "price_fair": 73.31,
            "eps_avg_yearly": 2.09,
            "eps_latest_yearly": 0.84,
            "eps_growth_yearly": 168.85
        },
        "20112": {
            "year_quarter": 20112,
            "year": 2011,
            "quarter": 2,
            "eps": 0.24,
            "eps_growth_year": -66.16,
            "eps_4q": 1.63,
            "eps_4q_growth_year": -1.01,
            "roe": 1.6,
            "gross_profit": 234727,
            "gross_margin": 15.25,
            "net_income": 105146,
            "revenue": 1539163,
            "common_shares": 3857675,
            "equity": 6472327,
            "current_ratio": 224.46,
            "debt_ratio": 39.37,
            "inventory_turnover_ratio": 0.62,
            "account_receivable_turnover_ratio": 2.14,
            "reinvestment_rate": 54.02,
            "research_to_sale_ratio": null,
            "price_fair": 71.91,
            "eps_avg_yearly": 2.05,
            "eps_latest_yearly": 0.96,
            "eps_growth_yearly": 28.59
        },
        "20113": {
            "year_quarter": 20113,
            "year": 2011,
            "quarter": 3,
            "eps": 0.13,
            "eps_growth_year": -85.34,
            "eps_4q": 1,
            "eps_4q_growth_year": -59.8,
            "roe": 0.91,
            "gross_profit": 220286,
            "gross_margin": 12.01,
            "net_income": 59542,
            "revenue": 1834478,
            "common_shares": 4089135,
            "equity": 6656410,
            "current_ratio": 267.75,
            "debt_ratio": 37.78,
            "inventory_turnover_ratio": 0.75,
            "account_receivable_turnover_ratio": 2.66,
            "reinvestment_rate": 61.65,
            "research_to_sale_ratio": null,
            "price_fair": 70.76,
            "eps_avg_yearly": 2.02,
            "eps_latest_yearly": 0.52,
            "eps_growth_yearly": 25.43
        },
        "20114": {
            "year_quarter": 20114,
            "year": 2011,
            "quarter": 4,
            "eps": -0.05,
            "eps_growth_year": -111.69,
            "eps_4q": 0.52,
            "eps_4q_growth_year": -77.57,
            "roe": -0.18,
            "gross_profit": 48678,
            "gross_margin": 3.28,
            "net_income": -12310,
            "revenue": 1482302,
            "common_shares": 4020005,
            "equity": 6698180,
            "current_ratio": 259.01,
            "debt_ratio": 37.28,
            "inventory_turnover_ratio": 0.71,
            "account_receivable_turnover_ratio": 2.18,
            "reinvestment_rate": 29.58,
            "research_to_sale_ratio": null,
            "price_fair": 33.73,
            "eps_avg_yearly": 2.09,
            "eps_latest_yearly": 0.52,
            "eps_growth_yearly": 6.15
        },
        "20121": {
            "year_quarter": 20121,
            "year": 2012,
            "quarter": 1,
            "eps": -0.22,
            "eps_growth_year": -204.76,
            "eps_4q": 0.09,
            "eps_4q_growth_year": -95.51,
            "roe": -1.26,
            "gross_profit": 62128,
            "gross_margin": 4.52,
            "net_income": -83228,
            "revenue": 1375050,
            "common_shares": 4020005,
            "equity": 6551358,
            "current_ratio": 268.64,
            "debt_ratio": 37.78,
            "inventory_turnover_ratio": 0.69,
            "account_receivable_turnover_ratio": 2.09,
            "reinvestment_rate": 50.61,
            "research_to_sale_ratio": null,
            "price_fair": 6.07,
            "eps_avg_yearly": 2.02,
            "eps_latest_yearly": 0.52,
            "eps_growth_yearly": -36.3
        },
        "20122": {
            "year_quarter": 20122,
            "year": 2012,
            "quarter": 2,
            "eps": -0,
            "eps_growth_year": -101.64,
            "eps_4q": -0.15,
            "eps_4q_growth_year": -109.33,
            "roe": 0.06,
            "gross_profit": 123347,
            "gross_margin": 8.38,
            "net_income": 3714,
            "revenue": 1471480,
            "common_shares": 4020005,
            "equity": 6377913,
            "current_ratio": 250.11,
            "debt_ratio": 39.77,
            "inventory_turnover_ratio": 0.71,
            "account_receivable_turnover_ratio": 2.18,
            "reinvestment_rate": 64.32,
            "research_to_sale_ratio": null,
            "price_fair": 5.04,
            "eps_avg_yearly": 1.68,
            "eps_latest_yearly": 0.52,
            "eps_growth_yearly": -79.64
        },
        "20123": {
            "year_quarter": 20123,
            "year": 2012,
            "quarter": 3,
            "eps": -0.14,
            "eps_growth_year": -208.49,
            "eps_4q": -0.42,
            "eps_4q_growth_year": -141.86,
            "roe": -0.85,
            "gross_profit": 68052,
            "gross_margin": 4.41,
            "net_income": -53764,
            "revenue": 1543753,
            "common_shares": 4020005,
            "equity": 6281570,
            "current_ratio": 231.19,
            "debt_ratio": 40.89,
            "inventory_turnover_ratio": 0.77,
            "account_receivable_turnover_ratio": 2.3,
            "reinvestment_rate": 67.65,
            "research_to_sale_ratio": null,
            "price_fair": 5.3,
            "eps_avg_yearly": 1.77,
            "eps_latest_yearly": 0.52,
            "eps_growth_yearly": -46.85
        },
        "20124": {
            "year_quarter": 20124,
            "year": 2012,
            "quarter": 4,
            "eps": -0.1,
            "eps_growth_year": null,
            "eps_4q": -0.47,
            "eps_4q_growth_year": -189.56,
            "roe": -0.6,
            "gross_profit": 63259,
            "gross_margin": 3.96,
            "net_income": -37499,
            "revenue": 1597581,
            "common_shares": 4020005,
            "equity": 6183447,
            "current_ratio": 244.66,
            "debt_ratio": 41.1,
            "inventory_turnover_ratio": 0.82,
            "account_receivable_turnover_ratio": 2.27,
            "reinvestment_rate": 27.54,
            "research_to_sale_ratio": null,
            "price_fair": 5.3,
            "eps_avg_yearly": 1.77,
            "eps_latest_yearly": 0.52,
            "eps_growth_yearly": -46.85
        },
        "20131": {
            "year_quarter": 20131,
            "year": 2013,
            "quarter": 1,
            "eps": 0.03,
            "eps_growth_year": null,
            "eps_4q": -0.21,
            "eps_4q_growth_year": -326.17,
            "roe": 0.26,
            "gross_profit": 159869,
            "gross_margin": 9.34,
            "net_income": 15887,
            "revenue": 1711371,
            "common_shares": 4020005,
            "equity": 6113234,
            "current_ratio": 238.38,
            "debt_ratio": 42.45,
            "inventory_turnover_ratio": 0.81,
            "account_receivable_turnover_ratio": 2.27,
            "reinvestment_rate": 37.48,
            "research_to_sale_ratio": null,
            "price_fair": 5.3,
            "eps_avg_yearly": 1.77,
            "eps_latest_yearly": 0.52,
            "eps_growth_yearly": -46.85
        },
        "20132": {
            "year_quarter": 20132,
            "year": 2013,
            "quarter": 2,
            "eps": 0.08,
            "eps_growth_year": null,
            "eps_4q": -0.12,
            "eps_4q_growth_year": null,
            "roe": 0.62,
            "gross_profit": 192191,
            "gross_margin": 11.27,
            "net_income": 38190,
            "revenue": 1705721,
            "common_shares": 4020005,
            "equity": 6148357,
            "current_ratio": 231.93,
            "debt_ratio": 42.95,
            "inventory_turnover_ratio": 0.76,
            "account_receivable_turnover_ratio": 2.22,
            "reinvestment_rate": 33.25,
            "research_to_sale_ratio": null,
            "price_fair": 55.48,
            "eps_avg_yearly": 1.59,
            "eps_latest_yearly": 0.32,
            "eps_growth_yearly": 42.34
        },
        "20133": {
            "year_quarter": 20133,
            "year": 2013,
            "quarter": 3,
            "eps": -0.08,
            "eps_growth_year": null,
            "eps_4q": -0.07,
            "eps_4q_growth_year": null,
            "roe": -0.48,
            "gross_profit": 99177,
            "gross_margin": 6.2,
            "net_income": -29106,
            "revenue": 1599321,
            "common_shares": 4020005,
            "equity": 6087733,
            "current_ratio": 243.06,
            "debt_ratio": 42,
            "inventory_turnover_ratio": 0.75,
            "account_receivable_turnover_ratio": 2.12,
            "reinvestment_rate": 36.2,
            "research_to_sale_ratio": null,
            "price_fair": 55.48,
            "eps_avg_yearly": 1.59,
            "eps_latest_yearly": 0.32,
            "eps_growth_yearly": 42.34
        },
        "20134": {
            "year_quarter": 20134,
            "year": 2013,
            "quarter": 4,
            "eps": 0.01,
            "eps_growth_year": null,
            "eps_4q": 0.04,
            "eps_4q_growth_year": null,
            "roe": 0.15,
            "gross_profit": 58841,
            "gross_margin": 3.77,
            "net_income": 9269,
            "revenue": 1562660,
            "common_shares": 4020005,
            "equity": 6118319,
            "current_ratio": 228.78,
            "debt_ratio": 42.34,
            "inventory_turnover_ratio": 0.78,
            "account_receivable_turnover_ratio": 2.26,
            "reinvestment_rate": 12.83,
            "research_to_sale_ratio": null,
            "price_fair": 55.48,
            "eps_avg_yearly": 1.59,
            "eps_latest_yearly": 0.32,
            "eps_growth_yearly": 42.34
        },
        "20141": {
            "year_quarter": 20141,
            "year": 2014,
            "quarter": 1,
            "eps": -0.05,
            "eps_growth_year": -266.67,
            "eps_4q": -0.04,
            "eps_4q_growth_year": null,
            "roe": -0.24,
            "gross_profit": 117897,
            "gross_margin": 7.8,
            "net_income": -14928,
            "revenue": 1510999,
            "common_shares": 4020005,
            "equity": 6150923,
            "current_ratio": 216.8,
            "debt_ratio": 42.43,
            "inventory_turnover_ratio": 0.75,
            "account_receivable_turnover_ratio": 2.2,
            "reinvestment_rate": 31.46,
            "research_to_sale_ratio": null,
            "price_fair": 53.4,
            "eps_avg_yearly": 1.53,
            "eps_latest_yearly": 0.32,
            "eps_growth_yearly": 55.41
        },
        "20142": {
            "year_quarter": 20142,
            "year": 2014,
            "quarter": 2,
            "eps": -0.03,
            "eps_growth_year": -137.5,
            "eps_4q": -0.14,
            "eps_4q_growth_year": null,
            "roe": -0.09,
            "gross_profit": 119685,
            "gross_margin": 7.48,
            "net_income": -5566,
            "revenue": 1599893,
            "common_shares": 4020005,
            "equity": 6085470,
            "current_ratio": 210.38,
            "debt_ratio": 43.42,
            "inventory_turnover_ratio": 0.76,
            "account_receivable_turnover_ratio": 2.23,
            "reinvestment_rate": 24.01,
            "research_to_sale_ratio": null,
            "price_fair": 45.97,
            "eps_avg_yearly": 1.31,
            "eps_latest_yearly": 0.32,
            "eps_growth_yearly": 37.98
        },
        "20143": {
            "year_quarter": 20143,
            "year": 2014,
            "quarter": 3,
            "eps": 0.18,
            "eps_growth_year": null,
            "eps_4q": 0.11,
            "eps_4q_growth_year": null,
            "roe": 1.22,
            "gross_profit": 217799,
            "gross_margin": 11.63,
            "net_income": 75140,
            "revenue": 1872202,
            "common_shares": 4020005,
            "equity": 6207859,
            "current_ratio": 249.1,
            "debt_ratio": 38.57,
            "inventory_turnover_ratio": 0.86,
            "account_receivable_turnover_ratio": 2.51,
            "reinvestment_rate": 93.97,
            "research_to_sale_ratio": null,
            "price_fair": 31.08,
            "eps_avg_yearly": 0.89,
            "eps_latest_yearly": 0.32,
            "eps_growth_yearly": 27.29
        },
        "20144": {
            "year_quarter": 20144,
            "year": 2014,
            "quarter": 4,
            "eps": -0.05,
            "eps_growth_year": -693.63,
            "eps_4q": 0.05,
            "eps_4q_growth_year": 15.09,
            "roe": -0.26,
            "gross_profit": 485169,
            "gross_margin": 27.24,
            "net_income": -16443,
            "revenue": 1781084,
            "common_shares": 4020005,
            "equity": 6264996,
            "current_ratio": 241.41,
            "debt_ratio": 38.33,
            "inventory_turnover_ratio": 0.74,
            "account_receivable_turnover_ratio": 2.29,
            "reinvestment_rate": -121.73,
            "research_to_sale_ratio": null,
            "price_fair": 23.1,
            "eps_avg_yearly": 0.66,
            "eps_latest_yearly": 0.32,
            "eps_growth_yearly": 81.79
        },
        "20151": {
            "year_quarter": 20151,
            "year": 2015,
            "quarter": 1,
            "eps": 0.1,
            "eps_growth_year": null,
            "eps_4q": 0.2,
            "eps_4q_growth_year": null,
            "roe": 0.72,
            "gross_profit": 229073,
            "gross_margin": 15.54,
            "net_income": 45302,
            "revenue": 1473765,
            "common_shares": 4020005,
            "equity": 6246433,
            "current_ratio": 240,
            "debt_ratio": 36.64,
            "inventory_turnover_ratio": 0.7,
            "account_receivable_turnover_ratio": 2,
            "reinvestment_rate": -953.03,
            "research_to_sale_ratio": null,
            "price_fair": 21,
            "eps_avg_yearly": 0.6,
            "eps_latest_yearly": 0.32,
            "eps_growth_yearly": 180.16
        },
        "20152": {
            "year_quarter": 20152,
            "year": 2015,
            "quarter": 2,
            "eps": 0.18,
            "eps_growth_year": null,
            "eps_4q": 0.41,
            "eps_4q_growth_year": null,
            "roe": 1.23,
            "gross_profit": 261837,
            "gross_margin": 15.1,
            "net_income": 76670,
            "revenue": 1733772,
            "common_shares": 4020005,
            "equity": 6260109,
            "current_ratio": 256.32,
            "debt_ratio": 37.53,
            "inventory_turnover_ratio": 0.82,
            "account_receivable_turnover_ratio": 2.43,
            "reinvestment_rate": null,
            "research_to_sale_ratio": null,
            "price_fair": 18.2,
            "eps_avg_yearly": 0.52,
            "eps_latest_yearly": 0.72,
            "eps_growth_yearly": 267.78
        },
        "20153": {
            "year_quarter": 20153,
            "year": 2015,
            "quarter": 3,
            "eps": 0.18,
            "eps_growth_year": 0,
            "eps_4q": 0.41,
            "eps_4q_growth_year": 265.7,
            "roe": 1.19,
            "gross_profit": 161303,
            "gross_margin": 10.78,
            "net_income": 75639,
            "revenue": 1496993,
            "common_shares": 4020005,
            "equity": 6430840,
            "current_ratio": 317.59,
            "debt_ratio": 36.81,
            "inventory_turnover_ratio": 0.79,
            "account_receivable_turnover_ratio": 2.11,
            "reinvestment_rate": -4671.88,
            "research_to_sale_ratio": null,
            "price_fair": 20.53,
            "eps_avg_yearly": 0.59,
            "eps_latest_yearly": 0.72,
            "eps_growth_yearly": 328.89
        },
        "20154": {
            "year_quarter": 20154,
            "year": 2015,
            "quarter": 4,
            "eps": -0.01,
            "eps_growth_year": null,
            "eps_4q": 0.45,
            "eps_4q_growth_year": 815.72,
            "roe": 0.02,
            "gross_profit": 188552,
            "gross_margin": 12.12,
            "net_income": 1109,
            "revenue": 1556191,
            "common_shares": 4020005,
            "equity": 6376790,
            "current_ratio": 271.54,
            "debt_ratio": 34.67,
            "inventory_turnover_ratio": 0.88,
            "account_receivable_turnover_ratio": 2.4,
            "reinvestment_rate": -2796.53,
            "research_to_sale_ratio": null,
            "price_fair": 20.53,
            "eps_avg_yearly": 0.59,
            "eps_latest_yearly": 0.72,
            "eps_growth_yearly": 328.89
        },
        "20161": {
            "year_quarter": 20161,
            "year": 2016,
            "quarter": 1,
            "eps": 0.11,
            "eps_growth_year": 10,
            "eps_4q": 0.46,
            "eps_4q_growth_year": 133.14,
            "roe": 0.75,
            "gross_profit": 135251,
            "gross_margin": 13.39,
            "net_income": 47746,
            "revenue": 1010175,
            "common_shares": 4020005,
            "equity": 6292814,
            "current_ratio": 262.15,
            "debt_ratio": 33.08,
            "inventory_turnover_ratio": 0.63,
            "account_receivable_turnover_ratio": 1.75,
            "reinvestment_rate": -626.46,
            "research_to_sale_ratio": null,
            "price_fair": 20.53,
            "eps_avg_yearly": 0.59,
            "eps_latest_yearly": 0.72,
            "eps_growth_yearly": 328.89
        },
        "20162": {
            "year_quarter": 20162,
            "year": 2016,
            "quarter": 2,
            "eps": 0.02,
            "eps_growth_year": -88.89,
            "eps_4q": 0.3,
            "eps_4q_growth_year": -27.11,
            "roe": 0.18,
            "gross_profit": 157254,
            "gross_margin": 14.12,
            "net_income": 11355,
            "revenue": 1113999,
            "common_shares": 4020005,
            "equity": 6322299,
            "current_ratio": 213.52,
            "debt_ratio": 32.23,
            "inventory_turnover_ratio": 0.72,
            "account_receivable_turnover_ratio": 2.03,
            "reinvestment_rate": -606.63,
            "research_to_sale_ratio": null,
            "price_fair": 16.1,
            "eps_avg_yearly": 0.46,
            "eps_latest_yearly": 0.08,
            "eps_growth_yearly": 164.85
        },
        "20163": {
            "year_quarter": 20163,
            "year": 2016,
            "quarter": 3,
            "eps": 0.14,
            "eps_growth_year": -22.22,
            "eps_4q": 0.26,
            "eps_4q_growth_year": -36.78,
            "roe": 0.97,
            "gross_profit": 123347,
            "gross_margin": 12,
            "net_income": 60952,
            "revenue": 1028281,
            "common_shares": 4020005,
            "equity": 6304094,
            "current_ratio": 251.97,
            "debt_ratio": 28.98,
            "inventory_turnover_ratio": 0.69,
            "account_receivable_turnover_ratio": 1.91,
            "reinvestment_rate": -367.05,
            "research_to_sale_ratio": null,
            "price_fair": 16.8,
            "eps_avg_yearly": 0.48,
            "eps_latest_yearly": 0.56,
            "eps_growth_yearly": 611.88
        },
        "20164": {
            "year_quarter": 20164,
            "year": 2016,
            "quarter": 4,
            "eps": -0.96,
            "eps_growth_year": null,
            "eps_4q": -0.69,
            "eps_4q_growth_year": -251.8,
            "roe": -6.16,
            "gross_profit": -46228,
            "gross_margin": -3.87,
            "net_income": -379159,
            "revenue": 1194649,
            "common_shares": 4020005,
            "equity": 6006468,
            "current_ratio": 248.48,
            "debt_ratio": 29,
            "inventory_turnover_ratio": 1.1,
            "account_receivable_turnover_ratio": 2.27,
            "reinvestment_rate": null,
            "research_to_sale_ratio": null,
            "price_fair": 16.8,
            "eps_avg_yearly": 0.48,
            "eps_latest_yearly": 0.56,
            "eps_growth_yearly": 611.88
        },
        "20171": {
            "year_quarter": 20171,
            "year": 2017,
            "quarter": 1,
            "eps": 0.08,
            "eps_growth_year": -27.27,
            "eps_4q": -0.71,
            "eps_4q_growth_year": -254.44,
            "roe": 0.67,
            "gross_profit": 138679,
            "gross_margin": 18.34,
            "net_income": 39811,
            "revenue": 756138,
            "common_shares": 4020005,
            "equity": 5806323,
            "current_ratio": 245.19,
            "debt_ratio": 29.19,
            "inventory_turnover_ratio": 0.64,
            "account_receivable_turnover_ratio": 1.52,
            "reinvestment_rate": null,
            "research_to_sale_ratio": null,
            "price_fair": 16.8,
            "eps_avg_yearly": 0.48,
            "eps_latest_yearly": 0.56,
            "eps_growth_yearly": 611.88
        },
        "20172": {
            "year_quarter": 20172,
            "year": 2017,
            "quarter": 2,
            "eps": 0.14,
            "eps_growth_year": 600,
            "eps_4q": -0.59,
            "eps_4q_growth_year": -299.27,
            "roe": 1.03,
            "gross_profit": 158567,
            "gross_margin": 22.47,
            "net_income": 60582,
            "revenue": 705750,
            "common_shares": 4020005,
            "equity": 6000995,
            "current_ratio": 311.2,
            "debt_ratio": 25.3,
            "inventory_turnover_ratio": 0.57,
            "account_receivable_turnover_ratio": 1.65,
            "reinvestment_rate": null,
            "research_to_sale_ratio": null,
            "price_fair": 18.48,
            "eps_avg_yearly": 0.53,
            "eps_latest_yearly": 0.56,
            "eps_growth_yearly": 538.55
        },
        "20173": {
            "year_quarter": 20173,
            "year": 2017,
            "quarter": 3,
            "eps": 0.15,
            "eps_growth_year": 7.14,
            "eps_4q": -0.58,
            "eps_4q_growth_year": -323.25,
            "roe": 1.12,
            "gross_profit": 157468,
            "gross_margin": 20.7,
            "net_income": 66877,
            "revenue": 760830,
            "common_shares": 4020005,
            "equity": 5950399,
            "current_ratio": 297.4,
            "debt_ratio": 26.85,
            "inventory_turnover_ratio": 0.62,
            "account_receivable_turnover_ratio": 1.75,
            "reinvestment_rate": -1286.66,
            "research_to_sale_ratio": null,
            "price_fair": 18.9,
            "eps_avg_yearly": 0.54,
            "eps_latest_yearly": 0.6,
            "eps_growth_yearly": 453.55
        },
        "20174": {
            "year_quarter": 20174,
            "year": 2017,
            "quarter": 4,
            "eps": 0.2,
            "eps_growth_year": null,
            "eps_4q": 0.58,
            "eps_4q_growth_year": null,
            "roe": 1.46,
            "gross_profit": 130723,
            "gross_margin": 16.58,
            "net_income": 87109,
            "revenue": 788620,
            "common_shares": 4020005,
            "equity": 6015680,
            "current_ratio": 346.05,
            "debt_ratio": 24.85,
            "inventory_turnover_ratio": 0.7,
            "account_receivable_turnover_ratio": 1.78,
            "reinvestment_rate": -677.64,
            "research_to_sale_ratio": null,
            "price_fair": 20.2,
            "eps_avg_yearly": 0.58,
            "eps_latest_yearly": 0.8,
            "eps_growth_yearly": 407.8
        },
        "20181": {
            "year_quarter": 20181,
            "year": 2018,
            "quarter": 1,
            "eps": 0.5,
            "eps_growth_year": 525,
            "eps_4q": 1,
            "eps_4q_growth_year": null,
            "roe": 3.42,
            "gross_profit": 131061,
            "gross_margin": 19.23,
            "net_income": 208755,
            "revenue": 681566,
            "common_shares": 4020005,
            "equity": 6175452,
            "current_ratio": 495.32,
            "debt_ratio": 22.29,
            "inventory_turnover_ratio": 0.61,
            "account_receivable_turnover_ratio": 1.6,
            "reinvestment_rate": -314.65,
            "research_to_sale_ratio": null,
            "price_fair": 26.43,
            "eps_avg_yearly": 0.76,
            "eps_latest_yearly": 2,
            "eps_growth_yearly": 431.83
        },
        "20182": {
            "year_quarter": 20182,
            "year": 2018,
            "quarter": 2,
            "eps": 0.29,
            "eps_growth_year": 107.14,
            "eps_4q": 1.15,
            "eps_4q_growth_year": null,
            "roe": 2.01,
            "gross_profit": 155387,
            "gross_margin": 21.02,
            "net_income": 125603,
            "revenue": 739335,
            "common_shares": 4020005,
            "equity": 6318576,
            "current_ratio": 405.74,
            "debt_ratio": 24.27,
            "inventory_turnover_ratio": 0.65,
            "account_receivable_turnover_ratio": 1.59,
            "reinvestment_rate": -197.59,
            "research_to_sale_ratio": null,
            "price_fair": 28,
            "eps_avg_yearly": 0.8,
            "eps_latest_yearly": 1.16,
            "eps_growth_yearly": 365.18
        },
        "20183": {
            "year_quarter": 20183,
            "year": 2018,
            "quarter": 3,
            "eps": 0.2,
            "eps_growth_year": 33.33,
            "eps_4q": 1.19,
            "eps_4q_growth_year": null,
            "roe": 1.32,
            "gross_profit": 163649,
            "gross_margin": 19.38,
            "net_income": 85518,
            "revenue": 844247,
            "common_shares": 4020005,
            "equity": 6661314,
            "current_ratio": 267.61,
            "debt_ratio": 28.98,
            "inventory_turnover_ratio": 0.68,
            "account_receivable_turnover_ratio": 1.32,
            "reinvestment_rate": -99.25,
            "research_to_sale_ratio": null,
            "price_fair": 28,
            "eps_avg_yearly": 0.8,
            "eps_latest_yearly": 0.8,
            "eps_growth_yearly": 316.25
        },
        "20184": {
            "year_quarter": 20184,
            "year": 2018,
            "quarter": 4,
            "eps": 0.04,
            "eps_growth_year": -80.29,
            "eps_4q": 1.03,
            "eps_4q_growth_year": 76.78,
            "roe": 0.41,
            "gross_profit": 220761,
            "gross_margin": 21.72,
            "net_income": 27189,
            "revenue": 1016306,
            "common_shares": 4020005,
            "equity": 6707903,
            "current_ratio": 296.2,
            "debt_ratio": 27.75,
            "inventory_turnover_ratio": 0.72,
            "account_receivable_turnover_ratio": 1.34,
            "reinvestment_rate": -27.57,
            "research_to_sale_ratio": null,
            "price_fair": 25.96,
            "eps_avg_yearly": 0.74,
            "eps_latest_yearly": 0.16,
            "eps_growth_yearly": 258.41
        },
        "20191": {
            "year_quarter": 20191,
            "year": 2019,
            "quarter": 1,
            "eps": 0.23,
            "eps_growth_year": -54,
            "eps_4q": 0.76,
            "eps_4q_growth_year": -23.6,
            "roe": 1.63,
            "gross_profit": 218950,
            "gross_margin": 21.09,
            "net_income": 110440,
            "revenue": 1038213,
            "common_shares": 4020005,
            "equity": 6833859,
            "current_ratio": 306.39,
            "debt_ratio": 27.39,
            "inventory_turnover_ratio": 0.67,
            "account_receivable_turnover_ratio": 1.36,
            "reinvestment_rate": -11.37,
            "research_to_sale_ratio": null,
            "price_fair": 26.48,
            "eps_avg_yearly": 0.76,
            "eps_latest_yearly": 0.92,
            "eps_growth_yearly": 395.21
        },
        "20192": {
            "year_quarter": 20192,
            "year": 2019,
            "quarter": 2,
            "eps": 0.17,
            "eps_growth_year": -41.38,
            "eps_4q": 0.64,
            "eps_4q_growth_year": -44.7,
            "roe": 1.26,
            "gross_profit": 239659,
            "gross_margin": 21.21,
            "net_income": 85466,
            "revenue": 1129977,
            "common_shares": 4020005,
            "equity": 6763573,
            "current_ratio": 270.88,
            "debt_ratio": 29.12,
            "inventory_turnover_ratio": 0.68,
            "account_receivable_turnover_ratio": 1.39,
            "reinvestment_rate": 3.2,
            "research_to_sale_ratio": null,
            "price_fair": 26.37,
            "eps_avg_yearly": 0.75,
            "eps_latest_yearly": 0.68,
            "eps_growth_yearly": 359.85
        },
        "20193": {
            "year_quarter": 20193,
            "year": 2019,
            "quarter": 3,
            "eps": 0.26,
            "eps_growth_year": 30,
            "eps_4q": 0.7,
            "eps_4q_growth_year": -41.34,
            "roe": 1.83,
            "gross_profit": 255527,
            "gross_margin": 20.19,
            "net_income": 125310,
            "revenue": 1265423,
            "common_shares": 4020005,
            "equity": 6907320,
            "current_ratio": 339.34,
            "debt_ratio": 26.48,
            "inventory_turnover_ratio": 0.82,
            "account_receivable_turnover_ratio": 1.49,
            "reinvestment_rate": 23.89,
            "research_to_sale_ratio": null,
            "price_fair": 27.3,
            "eps_avg_yearly": 0.78,
            "eps_latest_yearly": 1.04,
            "eps_growth_yearly": 377.49
        },
        "20194": {
            "year_quarter": 20194,
            "year": 2019,
            "quarter": 4,
            "eps": 0.27,
            "eps_growth_year": 583.63,
            "eps_4q": 0.93,
            "eps_4q_growth_year": -9.35,
            "roe": 2.06,
            "gross_profit": 305345,
            "gross_margin": 22.96,
            "net_income": 142678,
            "revenue": 1329998,
            "common_shares": 4020005,
            "equity": 6945735,
            "current_ratio": 339.83,
            "debt_ratio": 26.08,
            "inventory_turnover_ratio": 0.89,
            "account_receivable_turnover_ratio": 1.61,
            "reinvestment_rate": 34.31,
            "research_to_sale_ratio": null,
            "price_fair": 28.11,
            "eps_avg_yearly": 0.8,
            "eps_latest_yearly": 1.08,
            "eps_growth_yearly": 349.64
        },
        "20201": {
            "year_quarter": 20201,
            "year": 2020,
            "quarter": 1,
            "eps": 0.08,
            "eps_growth_year": -65.22,
            "eps_4q": 0.78,
            "eps_4q_growth_year": 2.25,
            "roe": 0.77,
            "gross_profit": 169106,
            "gross_margin": 15.11,
            "net_income": 53928,
            "revenue": 1118848,
            "common_shares": 4020005,
            "equity": 6988001,
            "current_ratio": 302.55,
            "debt_ratio": 27.3,
            "inventory_turnover_ratio": 0.81,
            "account_receivable_turnover_ratio": 1.42,
            "reinvestment_rate": 54.23,
            "research_to_sale_ratio": null,
            "price_fair": 26.9,
            "eps_avg_yearly": 0.77,
            "eps_latest_yearly": 0.32,
            "eps_growth_yearly": 304.56
        }
    },
    "months": {
        "2001-06": {
            "month": "2001-06",
            "price": "3.46",
            "revenue": 743802
        },
        "2001-07": {
            "month": "2001-07",
            "price": "2.64",
            "revenue": 384641
        },
        "2001-08": {
            "month": "2001-08",
            "price": "2.55",
            "revenue": 326350
        },
        "2001-09": {
            "month": "2001-09",
            "price": "2.15",
            "revenue": 472763
        },
        "2001-10": {
            "month": "2001-10",
            "price": "1.86",
            "revenue": 439642
        },
        "2001-11": {
            "month": "2001-11",
            "price": "1.85",
            "revenue": 372767
        },
        "2001-12": {
            "month": "2001-12",
            "price": "2.18",
            "revenue": 328716
        },
        "2002-01": {
            "month": "2002-01",
            "price": "2.53",
            "revenue": 420742
        },
        "2002-02": {
            "month": "2002-02",
            "price": "2.96",
            "revenue": 289769
        },
        "2002-03": {
            "month": "2002-03",
            "price": "4.47",
            "revenue": 366623
        },
        "2002-04": {
            "month": "2002-04",
            "price": "5.69",
            "revenue": 333794
        },
        "2002-05": {
            "month": "2002-05",
            "price": "5.10",
            "revenue": 378336
        },
        "2002-06": {
            "month": "2002-06",
            "price": "5.85",
            "revenue": 408468
        },
        "2002-07": {
            "month": "2002-07",
            "price": "5.70",
            "revenue": 400329
        },
        "2002-08": {
            "month": "2002-08",
            "price": "5.01",
            "revenue": 430511
        },
        "2002-09": {
            "month": "2002-09",
            "price": "3.55",
            "revenue": 318454
        },
        "2002-10": {
            "month": "2002-10",
            "price": "3.60",
            "revenue": 373971
        },
        "2002-11": {
            "month": "2002-11",
            "price": "3.70",
            "revenue": 332293
        },
        "2002-12": {
            "month": "2002-12",
            "price": "4.08",
            "revenue": 302537
        },
        "2003-01": {
            "month": "2003-01",
            "price": "7.09",
            "revenue": 344911
        },
        "2003-02": {
            "month": "2003-02",
            "price": "7.39",
            "revenue": 352360
        },
        "2003-03": {
            "month": "2003-03",
            "price": "6.66",
            "revenue": 358084
        },
        "2003-04": {
            "month": "2003-04",
            "price": "6.38",
            "revenue": 311944
        },
        "2003-05": {
            "month": "2003-05",
            "price": "4.38",
            "revenue": 289501
        },
        "2003-06": {
            "month": "2003-06",
            "price": "4.70",
            "revenue": 270272
        },
        "2003-07": {
            "month": "2003-07",
            "price": "4.97",
            "revenue": 327456
        },
        "2003-08": {
            "month": "2003-08",
            "price": "4.98",
            "revenue": 332745
        },
        "2003-09": {
            "month": "2003-09",
            "price": "4.82",
            "revenue": 332611
        },
        "2003-10": {
            "month": "2003-10",
            "price": "4.92",
            "revenue": 338572
        },
        "2003-11": {
            "month": "2003-11",
            "price": "5.28",
            "revenue": 328366
        },
        "2003-12": {
            "month": "2003-12",
            "price": "10.45",
            "revenue": 307022
        },
        "2004-01": {
            "month": "2004-01",
            "price": "10.68",
            "revenue": 282684
        },
        "2004-02": {
            "month": "2004-02",
            "price": "12.96",
            "revenue": 339176
        },
        "2004-03": {
            "month": "2004-03",
            "price": "12.51",
            "revenue": 350581
        },
        "2004-04": {
            "month": "2004-04",
            "price": "11.54",
            "revenue": 340922
        },
        "2004-05": {
            "month": "2004-05",
            "price": "10.06",
            "revenue": 336115
        },
        "2004-06": {
            "month": "2004-06",
            "price": "9.83",
            "revenue": 332927
        },
        "2004-07": {
            "month": "2004-07",
            "price": "9.55",
            "revenue": 388726
        },
        "2004-08": {
            "month": "2004-08",
            "price": "9.40",
            "revenue": 286611
        },
        "2004-09": {
            "month": "2004-09",
            "price": "10.41",
            "revenue": 295870
        },
        "2004-10": {
            "month": "2004-10",
            "price": "10.28",
            "revenue": 310496
        },
        "2004-11": {
            "month": "2004-11",
            "price": "9.91",
            "revenue": 355566
        },
        "2004-12": {
            "month": "2004-12",
            "price": "10.51",
            "revenue": 380919
        },
        "2005-01": {
            "month": "2005-01",
            "price": "10.81",
            "revenue": 514647
        },
        "2005-02": {
            "month": "2005-02",
            "price": "10.65",
            "revenue": 266121
        },
        "2005-03": {
            "month": "2005-03",
            "price": "10.40",
            "revenue": 355000
        },
        "2005-04": {
            "month": "2005-04",
            "price": "8.92",
            "revenue": 289607
        },
        "2005-05": {
            "month": "2005-05",
            "price": "7.67",
            "revenue": 342227
        },
        "2005-06": {
            "month": "2005-06",
            "price": "8.19",
            "revenue": 289877
        },
        "2005-07": {
            "month": "2005-07",
            "price": "7.76",
            "revenue": 269168
        },
        "2005-08": {
            "month": "2005-08",
            "price": "6.76",
            "revenue": 316101
        },
        "2005-09": {
            "month": "2005-09",
            "price": "6.28",
            "revenue": 312065
        },
        "2005-10": {
            "month": "2005-10",
            "price": "6.28",
            "revenue": 416478
        },
        "2005-11": {
            "month": "2005-11",
            "price": "6.22",
            "revenue": 310685
        },
        "2005-12": {
            "month": "2005-12",
            "price": "6.34",
            "revenue": 315763
        },
        "2006-01": {
            "month": "2006-01",
            "price": "6.25",
            "revenue": 430974
        },
        "2006-02": {
            "month": "2006-02",
            "price": "6.14",
            "revenue": 300786
        },
        "2006-03": {
            "month": "2006-03",
            "price": "5.43",
            "revenue": 418453
        },
        "2006-04": {
            "month": "2006-04",
            "price": "6.74",
            "revenue": 334968
        },
        "2006-05": {
            "month": "2006-05",
            "price": "8.51",
            "revenue": 313562
        },
        "2006-06": {
            "month": "2006-06",
            "price": "6.98",
            "revenue": 353409
        },
        "2006-07": {
            "month": "2006-07",
            "price": "7.08",
            "revenue": 305607
        },
        "2006-08": {
            "month": "2006-08",
            "price": "6.93",
            "revenue": 359415
        },
        "2006-09": {
            "month": "2006-09",
            "price": "6.41",
            "revenue": 346854
        },
        "2006-10": {
            "month": "2006-10",
            "price": "7.56",
            "revenue": 343533
        },
        "2006-11": {
            "month": "2006-11",
            "price": "9.27",
            "revenue": 434426
        },
        "2006-12": {
            "month": "2006-12",
            "price": "10.89",
            "revenue": 331885
        },
        "2007-01": {
            "month": "2007-01",
            "price": "9.66",
            "revenue": 382120
        },
        "2007-02": {
            "month": "2007-02",
            "price": "9.24",
            "revenue": 245080
        },
        "2007-03": {
            "month": "2007-03",
            "price": "9.24",
            "revenue": 400381
        },
        "2007-04": {
            "month": "2007-04",
            "price": "10.14",
            "revenue": 413344
        },
        "2007-05": {
            "month": "2007-05",
            "price": "9.64",
            "revenue": 518531
        },
        "2007-06": {
            "month": "2007-06",
            "price": "10.04",
            "revenue": 496333
        },
        "2007-07": {
            "month": "2007-07",
            "price": "12.00",
            "revenue": 483089
        },
        "2007-08": {
            "month": "2007-08",
            "price": "10.36",
            "revenue": 455807
        },
        "2007-09": {
            "month": "2007-09",
            "price": "11.39",
            "revenue": 364321
        },
        "2007-10": {
            "month": "2007-10",
            "price": "12.53",
            "revenue": 414211
        },
        "2007-11": {
            "month": "2007-11",
            "price": "11.18",
            "revenue": 418084
        },
        "2007-12": {
            "month": "2007-12",
            "price": "10.30",
            "revenue": 404139
        },
        "2008-01": {
            "month": "2008-01",
            "price": "10.78",
            "revenue": 381419
        },
        "2008-02": {
            "month": "2008-02",
            "price": "11.20",
            "revenue": 395088
        },
        "2008-03": {
            "month": "2008-03",
            "price": "12.05",
            "revenue": 405692
        },
        "2008-04": {
            "month": "2008-04",
            "price": "13.20",
            "revenue": 389568
        },
        "2008-05": {
            "month": "2008-05",
            "price": "17.70",
            "revenue": 422139
        },
        "2008-06": {
            "month": "2008-06",
            "price": "15.25",
            "revenue": 392847
        },
        "2008-07": {
            "month": "2008-07",
            "price": "13.96",
            "revenue": 397428
        },
        "2008-08": {
            "month": "2008-08",
            "price": "13.29",
            "revenue": 334005
        },
        "2008-09": {
            "month": "2008-09",
            "price": "10.61",
            "revenue": 362340
        },
        "2008-10": {
            "month": "2008-10",
            "price": "6.92",
            "revenue": 311328
        },
        "2008-11": {
            "month": "2008-11",
            "price": "7.72",
            "revenue": 257201
        },
        "2008-12": {
            "month": "2008-12",
            "price": "7.94",
            "revenue": 277322
        },
        "2009-01": {
            "month": "2009-01",
            "price": "7.92",
            "revenue": 229882
        },
        "2009-02": {
            "month": "2009-02",
            "price": "7.29",
            "revenue": 261046
        },
        "2009-03": {
            "month": "2009-03",
            "price": "7.70",
            "revenue": 305468
        },
        "2009-04": {
            "month": "2009-04",
            "price": "9.67",
            "revenue": 325064
        },
        "2009-05": {
            "month": "2009-05",
            "price": "10.16",
            "revenue": 372125
        },
        "2009-06": {
            "month": "2009-06",
            "price": "9.98",
            "revenue": 419573
        },
        "2009-07": {
            "month": "2009-07",
            "price": "9.68",
            "revenue": 396694
        },
        "2009-08": {
            "month": "2009-08",
            "price": "10.23",
            "revenue": 335688
        },
        "2009-09": {
            "month": "2009-09",
            "price": "9.90",
            "revenue": 420158
        },
        "2009-10": {
            "month": "2009-10",
            "price": "10.19",
            "revenue": 434393
        },
        "2009-11": {
            "month": "2009-11",
            "price": "9.89",
            "revenue": 431239
        },
        "2009-12": {
            "month": "2009-12",
            "price": "10.20",
            "revenue": 437929
        },
        "2010-01": {
            "month": "2010-01",
            "price": "10.61",
            "revenue": 456502
        },
        "2010-02": {
            "month": "2010-02",
            "price": "9.54",
            "revenue": 410525
        },
        "2010-03": {
            "month": "2010-03",
            "price": "10.39",
            "revenue": 469860
        },
        "2010-04": {
            "month": "2010-04",
            "price": "11.38",
            "revenue": 410997
        },
        "2010-05": {
            "month": "2010-05",
            "price": "11.93",
            "revenue": 390570
        },
        "2010-06": {
            "month": "2010-06",
            "price": "11.46",
            "revenue": 387720
        },
        "2010-07": {
            "month": "2010-07",
            "price": "12.01",
            "revenue": 411401
        },
        "2010-08": {
            "month": "2010-08",
            "price": "15.05",
            "revenue": 405066
        },
        "2010-09": {
            "month": "2010-09",
            "price": "16.60",
            "revenue": 439343
        },
        "2010-10": {
            "month": "2010-10",
            "price": "17.65",
            "revenue": 428872
        },
        "2010-11": {
            "month": "2010-11",
            "price": "18.34",
            "revenue": 427984
        },
        "2010-12": {
            "month": "2010-12",
            "price": "17.82",
            "revenue": 472462
        },
        "2011-01": {
            "month": "2011-01",
            "price": "17.87",
            "revenue": 431427
        },
        "2011-02": {
            "month": "2011-02",
            "price": "17.35",
            "revenue": 382436
        },
        "2011-03": {
            "month": "2011-03",
            "price": "16.99",
            "revenue": 525176
        },
        "2011-04": {
            "month": "2011-04",
            "price": "17.73",
            "revenue": 400239
        },
        "2011-05": {
            "month": "2011-05",
            "price": "15.81",
            "revenue": 416517
        },
        "2011-06": {
            "month": "2011-06",
            "price": "14.61",
            "revenue": 379758
        },
        "2011-07": {
            "month": "2011-07",
            "price": "14.27",
            "revenue": 401569
        },
        "2011-08": {
            "month": "2011-08",
            "price": "12.29",
            "revenue": 346182
        },
        "2011-09": {
            "month": "2011-09",
            "price": "10.74",
            "revenue": 715786
        },
        "2011-10": {
            "month": "2011-10",
            "price": "10.88",
            "revenue": 403772
        },
        "2011-11": {
            "month": "2011-11",
            "price": "10.29",
            "revenue": 380026
        },
        "2011-12": {
            "month": "2011-12",
            "price": "8.98",
            "revenue": 312303
        },
        "2012-01": {
            "month": "2012-01",
            "price": "9.08",
            "revenue": 276742
        },
        "2012-02": {
            "month": "2012-02",
            "price": "10.99",
            "revenue": 359685
        },
        "2012-03": {
            "month": "2012-03",
            "price": "11.67",
            "revenue": 399548
        },
        "2012-04": {
            "month": "2012-04",
            "price": "10.27",
            "revenue": 401843
        },
        "2012-05": {
            "month": "2012-05",
            "price": "9.67",
            "revenue": 325830
        },
        "2012-06": {
            "month": "2012-06",
            "price": "9.19",
            "revenue": 321071
        },
        "2012-07": {
            "month": "2012-07",
            "price": "9.18",
            "revenue": 380996
        },
        "2012-08": {
            "month": "2012-08",
            "price": "9.56",
            "revenue": 378590
        },
        "2012-09": {
            "month": "2012-09",
            "price": "9.75",
            "revenue": 340020
        },
        "2012-10": {
            "month": "2012-10",
            "price": "9.08",
            "revenue": 389861
        },
        "2012-11": {
            "month": "2012-11",
            "price": "8.58",
            "revenue": 365482
        },
        "2012-12": {
            "month": "2012-12",
            "price": "9.01",
            "revenue": 349421
        },
        "2013-01": {
            "month": "2013-01",
            "price": "9.26",
            "revenue": 574483
        },
        "2013-02": {
            "month": "2013-02",
            "price": "9.40",
            "revenue": 456678
        },
        "2013-03": {
            "month": "2013-03",
            "price": "9.30",
            "revenue": 723952
        },
        "2013-04": {
            "month": "2013-04",
            "price": "9.03",
            "revenue": 583894
        },
        "2013-05": {
            "month": "2013-05",
            "price": "9.79",
            "revenue": 540900
        },
        "2013-06": {
            "month": "2013-06",
            "price": "10.30",
            "revenue": 502724
        },
        "2013-07": {
            "month": "2013-07",
            "price": "10.81",
            "revenue": 576545
        },
        "2013-08": {
            "month": "2013-08",
            "price": "12.81",
            "revenue": 513334
        },
        "2013-09": {
            "month": "2013-09",
            "price": "12.45",
            "revenue": 498671
        },
        "2013-10": {
            "month": "2013-10",
            "price": "12.85",
            "revenue": 573533
        },
        "2013-11": {
            "month": "2013-11",
            "price": "12.33",
            "revenue": 546123
        },
        "2013-12": {
            "month": "2013-12",
            "price": "12.56",
            "revenue": 503468
        },
        "2014-01": {
            "month": "2014-01",
            "price": "12.96",
            "revenue": 502992
        },
        "2014-02": {
            "month": "2014-02",
            "price": "12.55",
            "revenue": 431891
        },
        "2014-03": {
            "month": "2014-03",
            "price": "12.65",
            "revenue": 574350
        },
        "2014-04": {
            "month": "2014-04",
            "price": "12.03",
            "revenue": 545045
        },
        "2014-05": {
            "month": "2014-05",
            "price": "12.16",
            "revenue": 538349
        },
        "2014-06": {
            "month": "2014-06",
            "price": "13.01",
            "revenue": 519475
        },
        "2014-07": {
            "month": "2014-07",
            "price": "14.05",
            "revenue": 556104
        },
        "2014-08": {
            "month": "2014-08",
            "price": "13.14",
            "revenue": 526973
        },
        "2014-09": {
            "month": "2014-09",
            "price": "12.47",
            "revenue": 789682
        },
        "2014-10": {
            "month": "2014-10",
            "price": "11.47",
            "revenue": 568718
        },
        "2014-11": {
            "month": "2014-11",
            "price": "11.03",
            "revenue": 618718
        },
        "2014-12": {
            "month": "2014-12",
            "price": "11.11",
            "revenue": 578652
        },
        "2015-01": {
            "month": "2015-01",
            "price": "11.27",
            "revenue": 526443
        },
        "2015-02": {
            "month": "2015-02",
            "price": "11.13",
            "revenue": 374149
        },
        "2015-03": {
            "month": "2015-03",
            "price": "11.12",
            "revenue": 570491
        },
        "2015-04": {
            "month": "2015-04",
            "price": "11.33",
            "revenue": 548887
        },
        "2015-05": {
            "month": "2015-05",
            "price": "11.09",
            "revenue": 619836
        },
        "2015-06": {
            "month": "2015-06",
            "price": "10.58",
            "revenue": 571974
        },
        "2015-07": {
            "month": "2015-07",
            "price": "10.72",
            "revenue": 542325
        },
        "2015-08": {
            "month": "2015-08",
            "price": "10.67",
            "revenue": 513933
        },
        "2015-09": {
            "month": "2015-09",
            "price": "10.70",
            "revenue": 433581
        },
        "2015-10": {
            "month": "2015-10",
            "price": "10.79",
            "revenue": 439754
        },
        "2015-11": {
            "month": "2015-11",
            "price": "10.79",
            "revenue": 586279
        },
        "2015-12": {
            "month": "2015-12",
            "price": "10.67",
            "revenue": 520641
        },
        "2016-01": {
            "month": "2016-01",
            "price": "10.62",
            "revenue": 347967
        },
        "2016-02": {
            "month": "2016-02",
            "price": "10.50",
            "revenue": 248276
        },
        "2016-03": {
            "month": "2016-03",
            "price": "11.09",
            "revenue": 411498
        },
        "2016-04": {
            "month": "2016-04",
            "price": "10.77",
            "revenue": 347351
        },
        "2016-05": {
            "month": "2016-05",
            "price": "10.79",
            "revenue": 376091
        },
        "2016-06": {
            "month": "2016-06",
            "price": "10.83",
            "revenue": 392744
        },
        "2016-07": {
            "month": "2016-07",
            "price": "10.73",
            "revenue": 356670
        },
        "2016-08": {
            "month": "2016-08",
            "price": "10.49",
            "revenue": 331976
        },
        "2016-09": {
            "month": "2016-09",
            "price": "10.24",
            "revenue": 348564
        },
        "2016-10": {
            "month": "2016-10",
            "price": "10.22",
            "revenue": 400240
        },
        "2016-11": {
            "month": "2016-11",
            "price": "10.29",
            "revenue": 384208
        },
        "2016-12": {
            "month": "2016-12",
            "price": "11.20",
            "revenue": 399243
        },
        "2017-01": {
            "month": "2017-01",
            "price": "11.83",
            "revenue": 246670
        },
        "2017-02": {
            "month": "2017-02",
            "price": "12.89",
            "revenue": 224834
        },
        "2017-03": {
            "month": "2017-03",
            "price": "13.59",
            "revenue": 275385
        },
        "2017-04": {
            "month": "2017-04",
            "price": "13.07",
            "revenue": 219930
        },
        "2017-05": {
            "month": "2017-05",
            "price": "14.38",
            "revenue": 252729
        },
        "2017-06": {
            "month": "2017-06",
            "price": "18.15",
            "revenue": 246338
        },
        "2017-07": {
            "month": "2017-07",
            "price": "17.88",
            "revenue": 245153
        },
        "2017-08": {
            "month": "2017-08",
            "price": "18.92",
            "revenue": 266348
        },
        "2017-09": {
            "month": "2017-09",
            "price": "20.48",
            "revenue": 250228
        },
        "2017-10": {
            "month": "2017-10",
            "price": "20.01",
            "revenue": 272661
        },
        "2017-11": {
            "month": "2017-11",
            "price": "18.71",
            "revenue": 259820
        },
        "2017-12": {
            "month": "2017-12",
            "price": "17.86",
            "revenue": 253060
        },
        "2018-01": {
            "month": "2018-01",
            "price": "19.19",
            "revenue": 243756
        },
        "2018-02": {
            "month": "2018-02",
            "price": "18.45",
            "revenue": 160160
        },
        "2018-03": {
            "month": "2018-03",
            "price": "18.42",
            "revenue": 267724
        },
        "2018-04": {
            "month": "2018-04",
            "price": "18.50",
            "revenue": 238230
        },
        "2018-05": {
            "month": "2018-05",
            "price": "18.37",
            "revenue": 252656
        },
        "2018-06": {
            "month": "2018-06",
            "price": "18.89",
            "revenue": 244183
        },
        "2018-07": {
            "month": "2018-07",
            "price": "18.10",
            "revenue": 271305
        },
        "2018-08": {
            "month": "2018-08",
            "price": "18.05",
            "revenue": 287848
        },
        "2018-09": {
            "month": "2018-09",
            "price": "17.92",
            "revenue": 284728
        },
        "2018-10": {
            "month": "2018-10",
            "price": "17.71",
            "revenue": 342442
        },
        "2018-11": {
            "month": "2018-11",
            "price": "17.57",
            "revenue": 363916
        },
        "2018-12": {
            "month": "2018-12",
            "price": "17.94",
            "revenue": 357079
        },
        "2019-01": {
            "month": "2019-01",
            "price": "18.88",
            "revenue": 389777
        },
        "2019-02": {
            "month": "2019-02",
            "price": "19.89",
            "revenue": 247371
        },
        "2019-03": {
            "month": "2019-03",
            "price": "19.87",
            "revenue": 400114
        },
        "2019-04": {
            "month": "2019-04",
            "price": "18.99",
            "revenue": 378644
        },
        "2019-05": {
            "month": "2019-05",
            "price": "18.44",
            "revenue": 357527
        },
        "2019-06": {
            "month": "2019-06",
            "price": "18.26",
            "revenue": 405031
        },
        "2019-07": {
            "month": "2019-07",
            "price": "18.76",
            "revenue": 420801
        },
        "2019-08": {
            "month": "2019-08",
            "price": "19.70",
            "revenue": 411881
        },
        "2019-09": {
            "month": "2019-09",
            "price": "20.56",
            "revenue": 414048
        },
        "2019-10": {
            "month": "2019-10",
            "price": "20.35",
            "revenue": 446129
        },
        "2019-11": {
            "month": "2019-11",
            "price": "19.77",
            "revenue": 442363
        },
        "2019-12": {
            "month": "2019-12",
            "price": "19.60",
            "revenue": 446876
        },
        "2020-01": {
            "month": "2020-01",
            "price": "21.21",
            "revenue": 287816
        },
        "2020-02": {
            "month": "2020-02",
            "price": "20.20",
            "revenue": 388042
        },
        "2020-03": {
            "month": "2020-03",
            "price": "20.12",
            "revenue": 446192
        },
        "2020-04": {
            "month": "2020-04",
            "price": "20.46",
            "revenue": 288839
        }
    }
}
