{
    "summary": {
        "stock_name": "士紙",
        "stock_id": "1903",
        "category": "造紙",
        "main_business": "紙類之生產及運銷<br>紙類加工品之製造<br>紙業重要原料之產銷",
        "website_url": "http://www.shihlin.com.tw",
        "ceo": "蔡丞哲",
        "pe_ratio": 69,
        "report_year_from": 2001,
        "report_year_to": 2023,
        "age": 22,
        "eps_negative_percentage": 83,
        "eps_growth_avg": {
            "last_all": -33.33,
            "last_2y": 100,
            "last_4y": 100,
            "last_8y": 100,
            "last_12y": 100,
            "last_16y": 0,
            "last_20y": -33.33,
            "at_2006_last_3y": -100,
            "at_2007_last_3y": null,
            "at_2008_last_3y": -100,
            "at_2009_last_3y": -100,
            "at_2010_last_3y": -100,
            "at_2011_last_3y": -100,
            "at_2012_last_3y": null,
            "at_2013_last_3y": null,
            "at_2014_last_3y": null,
            "at_2015_last_3y": null,
            "at_2016_last_3y": null,
            "at_2017_last_3y": null,
            "at_2018_last_3y": null,
            "at_2019_last_3y": null,
            "at_2020_last_3y": null,
            "at_2021_last_3y": null,
            "at_2022_last_3y": 100,
            "at_2023_last_3y": 100,
            "at_2006_last_all": -100,
            "at_2007_last_all": -100,
            "at_2008_last_all": -100,
            "at_2009_last_all": -100,
            "at_2010_last_all": -100,
            "at_2011_last_all": -100,
            "at_2012_last_all": -100,
            "at_2013_last_all": -100,
            "at_2014_last_all": -100,
            "at_2015_last_all": -100,
            "at_2016_last_all": -100,
            "at_2017_last_all": -100,
            "at_2018_last_all": -100,
            "at_2019_last_all": -100,
            "at_2020_last_all": -100,
            "at_2021_last_all": -100,
            "at_2022_last_all": -33.33,
            "at_2023_last_all": -33.33
        },
        "latest_eps": 0.78,
        "latest_price": 54,
        "latest_roe": 3.43,
        "latest_gross_margin": 43.89,
        "latest_equity": 4688583,
        "latest_revenue": 43786,
        "latest_gross_profit": 19219,
        "latest_net_income": -36722,
        "latest_debt_ratio": 47.16,
        "latest_current_ratio": 117.04,
        "latest_account_receivable_turnover_ratio": 0.81,
        "latest_inventory_turnover_ratio": 1.58,
        "latest_reinvestment_rate": null,
        "latest_research_to_sale_ratio": 2.7
    },
    "eps_dividends": {
        "1990": {
            "cash": 0,
            "stock": 1,
            "eps": 0
        },
        "1994": {
            "cash": 0,
            "stock": 1,
            "eps": 0
        },
        "1995": {
            "cash": 0,
            "stock": 0.03,
            "eps": 0
        },
        "1997": {
            "cash": 0,
            "stock": 0.73,
            "eps": 0
        },
        "1999": {
            "cash": 0,
            "stock": 0.8,
            "eps": 0
        },
        "2001": {
            "cash": 0,
            "stock": 0.8,
            "eps": -1.77
        },
        "2002": {
            "cash": 0,
            "stock": 0,
            "eps": 0.19
        },
        "2003": {
            "cash": 0,
            "stock": 0,
            "eps": -0.95
        },
        "2004": {
            "cash": 0,
            "stock": 0,
            "eps": -1.38
        },
        "2005": {
            "cash": 0,
            "stock": 0,
            "eps": -1.24
        },
        "2006": {
            "cash": 0,
            "stock": 0,
            "eps": -0.13
        },
        "2007": {
            "cash": 0,
            "stock": 0,
            "eps": 1.04
        },
        "2008": {
            "cash": 0,
            "stock": 0,
            "eps": -0.47
        },
        "2009": {
            "cash": 0,
            "stock": 0,
            "eps": -0.96
        },
        "2010": {
            "cash": 0,
            "stock": 0,
            "eps": -0.68
        },
        "2011": {
            "cash": 0,
            "stock": 0,
            "eps": -0.34
        },
        "2012": {
            "cash": 0,
            "stock": 0,
            "eps": -0.64
        },
        "2013": {
            "cash": 0,
            "stock": 0,
            "eps": -0.65
        },
        "2014": {
            "cash": 0,
            "stock": 0,
            "eps": -1.72
        },
        "2015": {
            "cash": 0,
            "stock": 0,
            "eps": -0.61
        },
        "2016": {
            "cash": 0,
            "stock": 0,
            "eps": -0.7
        },
        "2017": {
            "cash": 0,
            "stock": 0,
            "eps": -0.65
        },
        "2018": {
            "cash": 0,
            "stock": 0,
            "eps": -0.65
        },
        "2019": {
            "cash": 0,
            "stock": 0,
            "eps": -0.69
        },
        "2020": {
            "cash": 0,
            "stock": 0,
            "eps": -0.52
        },
        "2021": {
            "cash": 0,
            "stock": 0,
            "eps": 0.33
        },
        "2022": {
            "cash": 0,
            "stock": 0,
            "eps": 0.81
        },
        "2023": {
            "cash": 0,
            "stock": 0,
            "eps": -0.14
        }
    },
    "dividends": {
        "1990-05-14": {
            "cash": 0,
            "stock": 1
        },
        "1994-05-30": {
            "cash": 0,
            "stock": 1
        },
        "1995-05-08": {
            "cash": 0,
            "stock": 0.03
        },
        "1997-05-13": {
            "cash": 0,
            "stock": 0.73
        },
        "1999-05-12": {
            "cash": 0,
            "stock": 0.8
        },
        "2001-05-28": {
            "cash": 0,
            "stock": 0.8
        }
    },
    "prices": {
        "200101": "32.16",
        "200102": "39.64",
        "200103": "39.45",
        "200104": "37.36",
        "200105": "33.91",
        "200106": "29.70",
        "200107": "24.65",
        "200108": "26.43",
        "200109": "25.34",
        "200110": "23.81",
        "200111": "23.94",
        "200112": "27.99",
        "200201": "29.45",
        "200202": "28.40",
        "200203": "28.93",
        "200204": "32.00",
        "200205": "28.59",
        "200206": "28.38",
        "200207": "26.88",
        "200208": "25.92",
        "200209": "23.80",
        "200210": "23.17",
        "200211": "24.74",
        "200212": "24.85",
        "200301": "27.92",
        "200302": "25.20",
        "200303": "23.36",
        "200304": "22.76",
        "200305": "19.72",
        "200306": "21.30",
        "200307": "23.36",
        "200308": "23.10",
        "200309": "26.01",
        "200310": "27.40",
        "200311": "26.07",
        "200312": "25.25",
        "200401": "27.87",
        "200402": "32.12",
        "200403": "29.49",
        "200404": "26.03",
        "200405": "22.61",
        "200406": "22.60",
        "200407": "21.70",
        "200408": "20.41",
        "200409": "22.40",
        "200410": "22.90",
        "200411": "22.51",
        "200412": "23.17",
        "200501": "25.56",
        "200502": "25.10",
        "200503": "26.00",
        "200504": "23.93",
        "200505": "22.16",
        "200506": "25.64",
        "200507": "26.45",
        "200508": "25.30",
        "200509": "23.21",
        "200510": "22.14",
        "200511": "21.92",
        "200512": "22.90",
        "200601": "23.01",
        "200602": "22.56",
        "200603": "22.03",
        "200604": "26.74",
        "200605": "45.90",
        "200606": "40.83",
        "200607": "43.05",
        "200608": "38.32",
        "200609": "38.67",
        "200610": "42.45",
        "200611": "44.28",
        "200612": "52.97",
        "200701": "50.37",
        "200702": "49.64",
        "200703": "47.58",
        "200704": "49.16",
        "200705": "47.52",
        "200706": "47.12",
        "200707": "52.41",
        "200708": "41.98",
        "200709": "39.47",
        "200710": "40.40",
        "200711": "34.58",
        "200712": "30.84",
        "200801": "37.12",
        "200802": "46.47",
        "200803": "47.20",
        "200804": "49.04",
        "200805": "47.15",
        "200806": "37.88",
        "200807": "32.55",
        "200808": "30.48",
        "200809": "24.09",
        "200810": "18.66",
        "200811": "18.94",
        "200812": "19.43",
        "200901": "18.84",
        "200902": "19.35",
        "200903": "21.82",
        "200904": "30.56",
        "200905": "48.75",
        "200906": "78.53",
        "200907": "82.78",
        "200908": "71.08",
        "200909": "70.73",
        "200910": "73.22",
        "200911": "68.33",
        "200912": "77.67",
        "201001": "77.22",
        "201002": "66.21",
        "201003": "71.98",
        "201004": "74.92",
        "201005": "66.50",
        "201006": "63.62",
        "201007": "63.29",
        "201008": "68.51",
        "201009": "68.64",
        "201010": "73.37",
        "201011": "73.47",
        "201012": "74.87",
        "201101": "72.50",
        "201102": "65.12",
        "201103": "59.38",
        "201104": "60.29",
        "201105": "60.06",
        "201106": "57.18",
        "201107": "61.42",
        "201108": "55.62",
        "201109": "50.84",
        "201110": "49.10",
        "201111": "47.62",
        "201112": "41.80",
        "201201": "41.15",
        "201202": "48.30",
        "201203": "50.79",
        "201204": "44.44",
        "201205": "40.08",
        "201206": "39.76",
        "201207": "40.08",
        "201208": "43.56",
        "201209": "53.98",
        "201210": "50.10",
        "201211": "46.74",
        "201212": "47.45",
        "201301": "48.85",
        "201302": "47.93",
        "201303": "47.42",
        "201304": "44.50",
        "201305": "45.79",
        "201306": "45.07",
        "201307": "44.57",
        "201308": "44.09",
        "201309": "44.88",
        "201310": "47.21",
        "201311": "45.80",
        "201312": "45.56",
        "201401": "47.38",
        "201402": "46.59",
        "201403": "45.89",
        "201404": "44.32",
        "201405": "42.35",
        "201406": "41.66",
        "201407": "44.38",
        "201408": "44.29",
        "201409": "43.06",
        "201410": "39.53",
        "201411": "37.32",
        "201412": "38.32",
        "201501": "37.54",
        "201502": "37.34",
        "201503": "37.31",
        "201504": "37.29",
        "201505": "38.03",
        "201506": "35.23",
        "201507": "32.33",
        "201508": "28.47",
        "201509": "29.01",
        "201510": "30.60",
        "201511": "30.08",
        "201512": "30.17",
        "201601": "29.09",
        "201602": "29.30",
        "201603": "31.74",
        "201604": "31.74",
        "201605": "31.56",
        "201606": "32.93",
        "201607": "32.24",
        "201608": "32.25",
        "201609": "31.54",
        "201610": "30.57",
        "201611": "29.95",
        "201612": "32.19",
        "201701": "32.45",
        "201702": "35.48",
        "201703": "36.02",
        "201704": "33.96",
        "201705": "32.15",
        "201706": "31.92",
        "201707": "31.70",
        "201708": "32.04",
        "201709": "32.45",
        "201710": "32.06",
        "201711": "31.70",
        "201712": "31.95",
        "201801": "34.32",
        "201802": "34.79",
        "201803": "35.44",
        "201804": "33.89",
        "201805": "32.56",
        "201806": "32.38",
        "201807": "32.18",
        "201808": "31.75",
        "201809": "31.89",
        "201810": "30.80",
        "201811": "30.06",
        "201812": "29.90",
        "201901": "30.20",
        "201902": "31.13",
        "201903": "32.90",
        "201904": "34.50",
        "201905": "32.06",
        "201906": "31.10",
        "201907": "31.72",
        "201908": "31.64",
        "201909": "32.17",
        "201910": "32.95",
        "201911": "32.87",
        "201912": "32.57",
        "202001": "33.44",
        "202002": "31.49",
        "202003": "30.07",
        "202004": "34.69",
        "202005": "42.39",
        "202006": "51.80",
        "202007": "76.26",
        "202008": "72.75",
        "202009": "63.29",
        "202010": "64.42",
        "202011": "67.20",
        "202012": "58.35",
        "202101": "53.52",
        "202102": "50.55",
        "202103": "53.38",
        "202104": "58.98",
        "202105": "52.44",
        "202106": "60.86",
        "202107": "61.70",
        "202108": "60.02",
        "202109": "68.59",
        "202110": "67.52",
        "202111": "71.49",
        "202112": "65.06",
        "202201": "64.00",
        "202202": "64.03",
        "202203": "61.38",
        "202204": "58.49",
        "202205": "56.85",
        "202206": "57.99",
        "202207": "56.38",
        "202208": "56.37",
        "202209": "55.43",
        "202210": "50.03",
        "202211": "49.86",
        "202212": "50.30",
        "202301": "49.14",
        "202302": "49.06",
        "202303": "46.14",
        "202304": "43.69",
        "202305": "43.84",
        "202306": "52.10"
    },
    "quarters": {
        "20011": {
            "year_quarter": 20011,
            "year": 2001,
            "quarter": 1,
            "eps": -0.56,
            "eps_growth_year": null,
            "eps_4q": 1.42,
            "eps_4q_growth_year": null,
            "roe": -3.27,
            "roe_4q": -3.27,
            "gross_profit": -70589,
            "gross_margin": -16.93,
            "gross_margin_4q_avg": -16.93,
            "net_income": -134140,
            "revenue": 416828,
            "common_shares": 2407770,
            "book_valuer_per_share": 16.88,
            "book_valuer_per_share_4q_avg": 16.88,
            "equity": 4063675,
            "current_ratio": 115.12,
            "debt_ratio": 53.12,
            "inventory_turnover_ratio": 0.99,
            "account_receivable_turnover_ratio": null,
            "reinvestment_rate": null,
            "research_to_sale_ratio": null,
            "price_fair": 0,
            "eps_avg_yearly": 0,
            "eps_latest_yearly": 0,
            "eps_growth_yearly": 0
        },
        "20012": {
            "year_quarter": 20012,
            "year": 2001,
            "quarter": 2,
            "eps": -0.3,
            "eps_growth_year": -110.03,
            "eps_4q": -1.9,
            "eps_4q_growth_year": -180.96,
            "roe": -1.94,
            "roe_4q": -5.21,
            "gross_profit": -4687,
            "gross_margin": -0.93,
            "gross_margin_4q_avg": -8.93,
            "net_income": -77967,
            "revenue": 503345,
            "common_shares": 2407769,
            "book_valuer_per_share": 16.46,
            "book_valuer_per_share_4q_avg": 16.67,
            "equity": 3962419,
            "current_ratio": 108.39,
            "debt_ratio": 55.28,
            "inventory_turnover_ratio": 0.95,
            "account_receivable_turnover_ratio": null,
            "reinvestment_rate": null,
            "research_to_sale_ratio": null,
            "price_fair": 0,
            "eps_avg_yearly": 0,
            "eps_latest_yearly": 0,
            "eps_growth_yearly": 0
        },
        "20013": {
            "year_quarter": 20013,
            "year": 2001,
            "quarter": 3,
            "eps": -0.26,
            "eps_growth_year": null,
            "eps_4q": -1.34,
            "eps_4q_growth_year": -177.66,
            "roe": -1.71,
            "roe_4q": -6.92,
            "gross_profit": 1797,
            "gross_margin": 0.39,
            "gross_margin_4q_avg": -5.82,
            "net_income": -67371,
            "revenue": 463614,
            "common_shares": 2600391,
            "book_valuer_per_share": 14.98,
            "book_valuer_per_share_4q_avg": 16.11,
            "equity": 3895955,
            "current_ratio": 108.95,
            "debt_ratio": 55.01,
            "inventory_turnover_ratio": 0.76,
            "account_receivable_turnover_ratio": null,
            "reinvestment_rate": null,
            "research_to_sale_ratio": null,
            "price_fair": 0,
            "eps_avg_yearly": 0,
            "eps_latest_yearly": 0,
            "eps_growth_yearly": 0
        },
        "20014": {
            "year_quarter": 20014,
            "year": 2001,
            "quarter": 4,
            "eps": -0.65,
            "eps_growth_year": null,
            "eps_4q": -1.72,
            "eps_4q_growth_year": -200.58,
            "roe": -4.39,
            "roe_4q": -11.309999999999999,
            "gross_profit": -45947,
            "gross_margin": -9.07,
            "gross_margin_4q_avg": -6.64,
            "net_income": -168390,
            "revenue": 506660,
            "common_shares": 2600391,
            "book_valuer_per_share": 14.54,
            "book_valuer_per_share_4q_avg": 15.72,
            "equity": 3780445,
            "current_ratio": 99.53,
            "debt_ratio": 56.88,
            "inventory_turnover_ratio": 0.86,
            "account_receivable_turnover_ratio": null,
            "reinvestment_rate": null,
            "research_to_sale_ratio": null,
            "price_fair": 0,
            "eps_avg_yearly": 0,
            "eps_latest_yearly": 0,
            "eps_growth_yearly": 0
        },
        "20021": {
            "year_quarter": 20021,
            "year": 2002,
            "quarter": 1,
            "eps": 0.12,
            "eps_growth_year": null,
            "eps_4q": -1.1,
            "eps_4q_growth_year": -177.42,
            "roe": 0.81,
            "roe_4q": -7.229999999999999,
            "gross_profit": -7286,
            "gross_margin": -1.4,
            "gross_margin_4q_avg": -2.75,
            "net_income": 30867,
            "revenue": 521533,
            "common_shares": 2600391,
            "book_valuer_per_share": 14.71,
            "book_valuer_per_share_4q_avg": 15.17,
            "equity": 3825850,
            "current_ratio": 105.25,
            "debt_ratio": 56.06,
            "inventory_turnover_ratio": 0.83,
            "account_receivable_turnover_ratio": null,
            "reinvestment_rate": null,
            "research_to_sale_ratio": null,
            "price_fair": 0,
            "eps_avg_yearly": 0,
            "eps_latest_yearly": 0,
            "eps_growth_yearly": 0
        },
        "20022": {
            "year_quarter": 20022,
            "year": 2002,
            "quarter": 2,
            "eps": 0.1,
            "eps_growth_year": null,
            "eps_4q": -0.67,
            "eps_4q_growth_year": null,
            "roe": 0.68,
            "roe_4q": -4.609999999999999,
            "gross_profit": 27152,
            "gross_margin": 4.85,
            "gross_margin_4q_avg": -1.31,
            "net_income": 26473,
            "revenue": 559303,
            "common_shares": 2600391,
            "book_valuer_per_share": 15.04,
            "book_valuer_per_share_4q_avg": 14.82,
            "equity": 3911939,
            "current_ratio": 110.39,
            "debt_ratio": 55.93,
            "inventory_turnover_ratio": 0.88,
            "account_receivable_turnover_ratio": null,
            "reinvestment_rate": null,
            "research_to_sale_ratio": null,
            "price_fair": 1.2,
            "eps_avg_yearly": 0.4,
            "eps_latest_yearly": 0.4,
            "eps_growth_yearly": -66.67
        },
        "20023": {
            "year_quarter": 20023,
            "year": 2002,
            "quarter": 3,
            "eps": -0.16,
            "eps_growth_year": null,
            "eps_4q": -0.58,
            "eps_4q_growth_year": null,
            "roe": -1.04,
            "roe_4q": -3.9399999999999995,
            "gross_profit": 22188,
            "gross_margin": 3.9,
            "gross_margin_4q_avg": -0.43,
            "net_income": -40341,
            "revenue": 569443,
            "common_shares": 2600391,
            "book_valuer_per_share": 14.89,
            "book_valuer_per_share_4q_avg": 14.8,
            "equity": 3871598,
            "current_ratio": 110.59,
            "debt_ratio": 56.16,
            "inventory_turnover_ratio": 0.89,
            "account_receivable_turnover_ratio": null,
            "reinvestment_rate": null,
            "research_to_sale_ratio": null,
            "price_fair": 1.2,
            "eps_avg_yearly": 0.4,
            "eps_latest_yearly": 0.4,
            "eps_growth_yearly": -66.67
        },
        "20024": {
            "year_quarter": 20024,
            "year": 2002,
            "quarter": 4,
            "eps": 0.13,
            "eps_growth_year": null,
            "eps_4q": 0.19,
            "eps_4q_growth_year": null,
            "roe": 0.89,
            "roe_4q": 1.34,
            "gross_profit": 24165,
            "gross_margin": 4.42,
            "gross_margin_4q_avg": 2.94,
            "net_income": 34635,
            "revenue": 546877,
            "common_shares": 2600391,
            "book_valuer_per_share": 15.1,
            "book_valuer_per_share_4q_avg": 14.94,
            "equity": 3927673,
            "current_ratio": 111.13,
            "debt_ratio": 55.69,
            "inventory_turnover_ratio": 0.85,
            "account_receivable_turnover_ratio": null,
            "reinvestment_rate": null,
            "research_to_sale_ratio": null,
            "price_fair": 1.2,
            "eps_avg_yearly": 0.4,
            "eps_latest_yearly": 0.4,
            "eps_growth_yearly": -66.67
        },
        "20031": {
            "year_quarter": 20031,
            "year": 2003,
            "quarter": 1,
            "eps": -0.18,
            "eps_growth_year": -250,
            "eps_4q": -0.1,
            "eps_4q_growth_year": null,
            "roe": -1.17,
            "roe_4q": -0.6399999999999998,
            "gross_profit": -2122,
            "gross_margin": -0.43,
            "gross_margin_4q_avg": 3.19,
            "net_income": -45576,
            "revenue": 493549,
            "common_shares": 2600391,
            "book_valuer_per_share": 14.93,
            "book_valuer_per_share_4q_avg": 14.99,
            "equity": 3882097,
            "current_ratio": 110.62,
            "debt_ratio": 55.88,
            "inventory_turnover_ratio": 0.75,
            "account_receivable_turnover_ratio": null,
            "reinvestment_rate": null,
            "research_to_sale_ratio": null,
            "price_fair": 1.2,
            "eps_avg_yearly": 0.4,
            "eps_latest_yearly": 0.4,
            "eps_growth_yearly": -66.67
        },
        "20032": {
            "year_quarter": 20032,
            "year": 2003,
            "quarter": 2,
            "eps": -0.14,
            "eps_growth_year": -240,
            "eps_4q": -0.34,
            "eps_4q_growth_year": null,
            "roe": -0.94,
            "roe_4q": -2.26,
            "gross_profit": 19127,
            "gross_margin": 3.62,
            "gross_margin_4q_avg": 2.88,
            "net_income": -36344,
            "revenue": 528348,
            "common_shares": 2600391,
            "book_valuer_per_share": 14.79,
            "book_valuer_per_share_4q_avg": 14.93,
            "equity": 3845753,
            "current_ratio": 110.26,
            "debt_ratio": 56.59,
            "inventory_turnover_ratio": 0.73,
            "account_receivable_turnover_ratio": null,
            "reinvestment_rate": null,
            "research_to_sale_ratio": null,
            "price_fair": 1.2,
            "eps_avg_yearly": 0.4,
            "eps_latest_yearly": 0.4,
            "eps_growth_yearly": -66.67
        },
        "20033": {
            "year_quarter": 20033,
            "year": 2003,
            "quarter": 3,
            "eps": -0.34,
            "eps_growth_year": null,
            "eps_4q": -0.52,
            "eps_4q_growth_year": null,
            "roe": -2.31,
            "roe_4q": -3.53,
            "gross_profit": -3956,
            "gross_margin": -0.74,
            "gross_margin_4q_avg": 1.72,
            "net_income": -87830,
            "revenue": 535742,
            "common_shares": 2600391,
            "book_valuer_per_share": 14.45,
            "book_valuer_per_share_4q_avg": 14.82,
            "equity": 3757923,
            "current_ratio": 108.71,
            "debt_ratio": 55.81,
            "inventory_turnover_ratio": 0.83,
            "account_receivable_turnover_ratio": null,
            "reinvestment_rate": null,
            "research_to_sale_ratio": null,
            "price_fair": 1.2,
            "eps_avg_yearly": 0.4,
            "eps_latest_yearly": 0.4,
            "eps_growth_yearly": -66.67
        },
        "20034": {
            "year_quarter": 20034,
            "year": 2003,
            "quarter": 4,
            "eps": -0.29,
            "eps_growth_year": -323.08,
            "eps_4q": -0.95,
            "eps_4q_growth_year": -590.18,
            "roe": -1.7,
            "roe_4q": -6.119999999999999,
            "gross_profit": -13564,
            "gross_margin": -2.51,
            "gross_margin_4q_avg": -0.02,
            "net_income": -76564,
            "revenue": 541084,
            "common_shares": 2600391,
            "book_valuer_per_share": 20.26,
            "book_valuer_per_share_4q_avg": 16.11,
            "equity": 5267684,
            "current_ratio": 104.86,
            "debt_ratio": 37.73,
            "inventory_turnover_ratio": 0.93,
            "account_receivable_turnover_ratio": null,
            "reinvestment_rate": null,
            "research_to_sale_ratio": null,
            "price_fair": 1.2,
            "eps_avg_yearly": 0.4,
            "eps_latest_yearly": 0.4,
            "eps_growth_yearly": -66.67
        },
        "20041": {
            "year_quarter": 20041,
            "year": 2004,
            "quarter": 1,
            "eps": -0.29,
            "eps_growth_year": null,
            "eps_4q": -1.07,
            "eps_4q_growth_year": null,
            "roe": -1.43,
            "roe_4q": -6.379999999999999,
            "gross_profit": -37390,
            "gross_margin": -7.67,
            "gross_margin_4q_avg": -1.83,
            "net_income": -74825,
            "revenue": 487622,
            "common_shares": 2600391,
            "book_valuer_per_share": 19.97,
            "book_valuer_per_share_4q_avg": 17.37,
            "equity": 5192859,
            "current_ratio": 116.16,
            "debt_ratio": 21.17,
            "inventory_turnover_ratio": 0.92,
            "account_receivable_turnover_ratio": null,
            "reinvestment_rate": null,
            "research_to_sale_ratio": null,
            "price_fair": 1.2,
            "eps_avg_yearly": 0.4,
            "eps_latest_yearly": 0.4,
            "eps_growth_yearly": -66.67
        },
        "20042": {
            "year_quarter": 20042,
            "year": 2004,
            "quarter": 2,
            "eps": -0.32,
            "eps_growth_year": null,
            "eps_4q": -1.24,
            "eps_4q_growth_year": null,
            "roe": -1.61,
            "roe_4q": -7.050000000000001,
            "gross_profit": -30397,
            "gross_margin": -5.53,
            "gross_margin_4q_avg": -4.11,
            "net_income": -82803,
            "revenue": 549523,
            "common_shares": 2600391,
            "book_valuer_per_share": 19.65,
            "book_valuer_per_share_4q_avg": 18.58,
            "equity": 5110056,
            "current_ratio": 112.73,
            "debt_ratio": 22.51,
            "inventory_turnover_ratio": 1.06,
            "account_receivable_turnover_ratio": null,
            "reinvestment_rate": null,
            "research_to_sale_ratio": null,
            "price_fair": 1.2,
            "eps_avg_yearly": 0.4,
            "eps_latest_yearly": 0.4,
            "eps_growth_yearly": -66.67
        },
        "20043": {
            "year_quarter": 20043,
            "year": 2004,
            "quarter": 3,
            "eps": -0.13,
            "eps_growth_year": null,
            "eps_4q": -1.03,
            "eps_4q_growth_year": null,
            "roe": -0.64,
            "roe_4q": -5.38,
            "gross_profit": -17058,
            "gross_margin": -3.7,
            "gross_margin_4q_avg": -4.85,
            "net_income": -32623,
            "revenue": 461110,
            "common_shares": 2600391,
            "book_valuer_per_share": 19.53,
            "book_valuer_per_share_4q_avg": 19.85,
            "equity": 5077433,
            "current_ratio": 115.81,
            "debt_ratio": 21.13,
            "inventory_turnover_ratio": 0.87,
            "account_receivable_turnover_ratio": null,
            "reinvestment_rate": null,
            "research_to_sale_ratio": null,
            "price_fair": 1.2,
            "eps_avg_yearly": 0.4,
            "eps_latest_yearly": 0.4,
            "eps_growth_yearly": -66.67
        },
        "20044": {
            "year_quarter": 20044,
            "year": 2004,
            "quarter": 4,
            "eps": -0.64,
            "eps_growth_year": null,
            "eps_4q": -1.38,
            "eps_4q_growth_year": null,
            "roe": -3.36,
            "roe_4q": -7.04,
            "gross_profit": -70929,
            "gross_margin": -15.07,
            "gross_margin_4q_avg": -7.99,
            "net_income": -167625,
            "revenue": 470520,
            "common_shares": 2600391,
            "book_valuer_per_share": 18.88,
            "book_valuer_per_share_4q_avg": 19.51,
            "equity": 4909808,
            "current_ratio": 88.55,
            "debt_ratio": 39.48,
            "inventory_turnover_ratio": 1.04,
            "account_receivable_turnover_ratio": null,
            "reinvestment_rate": null,
            "research_to_sale_ratio": null,
            "price_fair": 1.2,
            "eps_avg_yearly": 0.4,
            "eps_latest_yearly": 0.4,
            "eps_growth_yearly": -66.67
        },
        "20051": {
            "year_quarter": 20051,
            "year": 2005,
            "quarter": 1,
            "eps": -0.58,
            "eps_growth_year": null,
            "eps_4q": -1.68,
            "eps_4q_growth_year": null,
            "roe": -3.09,
            "roe_4q": -8.7,
            "gross_profit": -98675,
            "gross_margin": -23.75,
            "gross_margin_4q_avg": -12.01,
            "net_income": -149601,
            "revenue": 415529,
            "common_shares": 2600391,
            "book_valuer_per_share": 18.31,
            "book_valuer_per_share_4q_avg": 19.09,
            "equity": 4760207,
            "current_ratio": 82.43,
            "debt_ratio": 26.07,
            "inventory_turnover_ratio": 1.12,
            "account_receivable_turnover_ratio": null,
            "reinvestment_rate": null,
            "research_to_sale_ratio": null,
            "price_fair": 1.2,
            "eps_avg_yearly": 0.4,
            "eps_latest_yearly": 0.4,
            "eps_growth_yearly": -66.67
        },
        "20052": {
            "year_quarter": 20052,
            "year": 2005,
            "quarter": 2,
            "eps": -0.3,
            "eps_growth_year": null,
            "eps_4q": -1.64,
            "eps_4q_growth_year": null,
            "roe": -1.63,
            "roe_4q": -8.72,
            "gross_profit": -114160,
            "gross_margin": -29.53,
            "gross_margin_4q_avg": -18.01,
            "net_income": -76860,
            "revenue": 386647,
            "common_shares": 2600391,
            "book_valuer_per_share": 18.01,
            "book_valuer_per_share_4q_avg": 18.68,
            "equity": 4683347,
            "current_ratio": 100.03,
            "debt_ratio": 26.63,
            "inventory_turnover_ratio": 1.26,
            "account_receivable_turnover_ratio": null,
            "reinvestment_rate": null,
            "research_to_sale_ratio": null,
            "price_fair": 1.2,
            "eps_avg_yearly": 0.4,
            "eps_latest_yearly": 0.4,
            "eps_growth_yearly": -66.67
        },
        "20053": {
            "year_quarter": 20053,
            "year": 2005,
            "quarter": 3,
            "eps": -0.07,
            "eps_growth_year": null,
            "eps_4q": -1.59,
            "eps_4q_growth_year": null,
            "roe": -0.4,
            "roe_4q": -8.479999999999999,
            "gross_profit": -76818,
            "gross_margin": -26.52,
            "gross_margin_4q_avg": -23.72,
            "net_income": -18856,
            "revenue": 289671,
            "common_shares": 2600391,
            "book_valuer_per_share": 17.94,
            "book_valuer_per_share_4q_avg": 18.29,
            "equity": 4664491,
            "current_ratio": 113.49,
            "debt_ratio": 23.42,
            "inventory_turnover_ratio": 1.04,
            "account_receivable_turnover_ratio": null,
            "reinvestment_rate": null,
            "research_to_sale_ratio": null,
            "price_fair": 1.2,
            "eps_avg_yearly": 0.4,
            "eps_latest_yearly": 0.4,
            "eps_growth_yearly": -66.67
        },
        "20054": {
            "year_quarter": 20054,
            "year": 2005,
            "quarter": 4,
            "eps": -0.29,
            "eps_growth_year": null,
            "eps_4q": -1.23,
            "eps_4q_growth_year": null,
            "roe": -1.63,
            "roe_4q": -6.75,
            "gross_profit": -42973,
            "gross_margin": -14.04,
            "gross_margin_4q_avg": -23.46,
            "net_income": -75435,
            "revenue": 306028,
            "common_shares": 2600391,
            "book_valuer_per_share": 17.62,
            "book_valuer_per_share_4q_avg": 17.97,
            "equity": 4582040,
            "current_ratio": 91.93,
            "debt_ratio": 41.84,
            "inventory_turnover_ratio": 1,
            "account_receivable_turnover_ratio": null,
            "reinvestment_rate": null,
            "research_to_sale_ratio": null,
            "price_fair": 1.2,
            "eps_avg_yearly": 0.4,
            "eps_latest_yearly": 0.4,
            "eps_growth_yearly": -66.67
        },
        "20061": {
            "year_quarter": 20061,
            "year": 2006,
            "quarter": 1,
            "eps": -0.4,
            "eps_growth_year": null,
            "eps_4q": -1.06,
            "eps_4q_growth_year": null,
            "roe": -2.28,
            "roe_4q": -5.9399999999999995,
            "gross_profit": -51081,
            "gross_margin": -15.95,
            "gross_margin_4q_avg": -21.51,
            "net_income": -103679,
            "revenue": 320335,
            "common_shares": 2600391,
            "book_valuer_per_share": 17.4,
            "book_valuer_per_share_4q_avg": 17.74,
            "equity": 4524255,
            "current_ratio": 116.53,
            "debt_ratio": 22.58,
            "inventory_turnover_ratio": 1.12,
            "account_receivable_turnover_ratio": null,
            "reinvestment_rate": null,
            "research_to_sale_ratio": null,
            "price_fair": 1.2,
            "eps_avg_yearly": 0.4,
            "eps_latest_yearly": 0.4,
            "eps_growth_yearly": -66.67
        },
        "20062": {
            "year_quarter": 20062,
            "year": 2006,
            "quarter": 2,
            "eps": -0.35,
            "eps_growth_year": null,
            "eps_4q": -1.11,
            "eps_4q_growth_year": null,
            "roe": -2.02,
            "roe_4q": -6.33,
            "gross_profit": -44719,
            "gross_margin": -12.54,
            "gross_margin_4q_avg": -17.26,
            "net_income": -91235,
            "revenue": 356512,
            "common_shares": 2600391,
            "book_valuer_per_share": 17.29,
            "book_valuer_per_share_4q_avg": 17.56,
            "equity": 4497093,
            "current_ratio": 118.24,
            "debt_ratio": 22.36,
            "inventory_turnover_ratio": 1.28,
            "account_receivable_turnover_ratio": null,
            "reinvestment_rate": null,
            "research_to_sale_ratio": null,
            "price_fair": 0,
            "eps_avg_yearly": 0,
            "eps_latest_yearly": 0,
            "eps_growth_yearly": 0
        },
        "20063": {
            "year_quarter": 20063,
            "year": 2006,
            "quarter": 3,
            "eps": -0.19,
            "eps_growth_year": null,
            "eps_4q": -1.23,
            "eps_4q_growth_year": null,
            "roe": -1.1,
            "roe_4q": -7.03,
            "gross_profit": -28796,
            "gross_margin": -8.4,
            "gross_margin_4q_avg": -12.73,
            "net_income": -48250,
            "revenue": 342759,
            "common_shares": 2600391,
            "book_valuer_per_share": 16.59,
            "book_valuer_per_share_4q_avg": 17.23,
            "equity": 4313642,
            "current_ratio": 104.05,
            "debt_ratio": 24.73,
            "inventory_turnover_ratio": 1.09,
            "account_receivable_turnover_ratio": null,
            "reinvestment_rate": null,
            "research_to_sale_ratio": null,
            "price_fair": 0,
            "eps_avg_yearly": 0,
            "eps_latest_yearly": 0,
            "eps_growth_yearly": 0
        },
        "20064": {
            "year_quarter": 20064,
            "year": 2006,
            "quarter": 4,
            "eps": 0.81,
            "eps_growth_year": null,
            "eps_4q": -0.13,
            "eps_4q_growth_year": null,
            "roe": 4.69,
            "roe_4q": -0.7099999999999995,
            "gross_profit": -35186,
            "gross_margin": -10.97,
            "gross_margin_4q_avg": -11.97,
            "net_income": 210104,
            "revenue": 320667,
            "common_shares": 2600391,
            "book_valuer_per_share": 17.84,
            "book_valuer_per_share_4q_avg": 17.28,
            "equity": 4639085,
            "current_ratio": 107.06,
            "debt_ratio": 43.42,
            "inventory_turnover_ratio": 0.54,
            "account_receivable_turnover_ratio": null,
            "reinvestment_rate": null,
            "research_to_sale_ratio": null,
            "price_fair": 0,
            "eps_avg_yearly": 0,
            "eps_latest_yearly": 0,
            "eps_growth_yearly": 0
        },
        "20071": {
            "year_quarter": 20071,
            "year": 2007,
            "quarter": 1,
            "eps": 0.96,
            "eps_growth_year": null,
            "eps_4q": 1.23,
            "eps_4q_growth_year": null,
            "roe": 5.19,
            "roe_4q": 6.760000000000002,
            "gross_profit": -33588,
            "gross_margin": -11.13,
            "gross_margin_4q_avg": -10.76,
            "net_income": 248653,
            "revenue": 301712,
            "common_shares": 2600391,
            "book_valuer_per_share": 19.01,
            "book_valuer_per_share_4q_avg": 17.68,
            "equity": 4944124,
            "current_ratio": 105.56,
            "debt_ratio": 22.09,
            "inventory_turnover_ratio": 0.52,
            "account_receivable_turnover_ratio": null,
            "reinvestment_rate": null,
            "research_to_sale_ratio": null,
            "price_fair": 134.4,
            "eps_avg_yearly": 3.84,
            "eps_latest_yearly": 3.84,
            "eps_growth_yearly": 74.07
        },
        "20072": {
            "year_quarter": 20072,
            "year": 2007,
            "quarter": 2,
            "eps": 0.29,
            "eps_growth_year": null,
            "eps_4q": 1.86,
            "eps_4q_growth_year": null,
            "roe": 1.52,
            "roe_4q": 10.300000000000002,
            "gross_profit": -13713,
            "gross_margin": -3.05,
            "gross_margin_4q_avg": -8.39,
            "net_income": 75971,
            "revenue": 448907,
            "common_shares": 2600391,
            "book_valuer_per_share": 19.43,
            "book_valuer_per_share_4q_avg": 18.22,
            "equity": 5052188,
            "current_ratio": 111.44,
            "debt_ratio": 22.46,
            "inventory_turnover_ratio": 1.28,
            "account_receivable_turnover_ratio": null,
            "reinvestment_rate": null,
            "research_to_sale_ratio": null,
            "price_fair": 7.5,
            "eps_avg_yearly": 2.5,
            "eps_latest_yearly": 1.16,
            "eps_growth_yearly": -102.55
        },
        "20073": {
            "year_quarter": 20073,
            "year": 2007,
            "quarter": 3,
            "eps": -0.06,
            "eps_growth_year": null,
            "eps_4q": 1.99,
            "eps_4q_growth_year": null,
            "roe": -0.33,
            "roe_4q": 11.07,
            "gross_profit": -7946,
            "gross_margin": -1.55,
            "gross_margin_4q_avg": -6.68,
            "net_income": -16690,
            "revenue": 513293,
            "common_shares": 2600391,
            "book_valuer_per_share": 19.04,
            "book_valuer_per_share_4q_avg": 18.83,
            "equity": 4950449,
            "current_ratio": 106.69,
            "debt_ratio": 21.17,
            "inventory_turnover_ratio": 1.46,
            "account_receivable_turnover_ratio": null,
            "reinvestment_rate": null,
            "research_to_sale_ratio": null,
            "price_fair": 7.5,
            "eps_avg_yearly": 2.5,
            "eps_latest_yearly": 1.16,
            "eps_growth_yearly": -102.55
        },
        "20074": {
            "year_quarter": 20074,
            "year": 2007,
            "quarter": 4,
            "eps": -0.15,
            "eps_growth_year": -118.52,
            "eps_4q": 1.03,
            "eps_4q_growth_year": null,
            "roe": -0.79,
            "roe_4q": 5.59,
            "gross_profit": 12244,
            "gross_margin": 2.39,
            "gross_margin_4q_avg": -3.34,
            "net_income": -39502,
            "revenue": 511660,
            "common_shares": 2600391,
            "book_valuer_per_share": 19.45,
            "book_valuer_per_share_4q_avg": 19.23,
            "equity": 5058443,
            "current_ratio": 133.31,
            "debt_ratio": 43.14,
            "inventory_turnover_ratio": 0.48,
            "account_receivable_turnover_ratio": null,
            "reinvestment_rate": null,
            "research_to_sale_ratio": null,
            "price_fair": 7.5,
            "eps_avg_yearly": 2.5,
            "eps_latest_yearly": 1.16,
            "eps_growth_yearly": -102.55
        },
        "20081": {
            "year_quarter": 20081,
            "year": 2008,
            "quarter": 1,
            "eps": -0.02,
            "eps_growth_year": -102.08,
            "eps_4q": 0.05,
            "eps_4q_growth_year": -95.85,
            "roe": -0.11,
            "roe_4q": 0.29000000000000004,
            "gross_profit": 81116,
            "gross_margin": 12.56,
            "gross_margin_4q_avg": 2.59,
            "net_income": -5562,
            "revenue": 645570,
            "common_shares": 2600391,
            "book_valuer_per_share": 19.29,
            "book_valuer_per_share_4q_avg": 19.3,
            "equity": 5017450,
            "current_ratio": 129.3,
            "debt_ratio": 44.4,
            "inventory_turnover_ratio": 0.31,
            "account_receivable_turnover_ratio": null,
            "reinvestment_rate": null,
            "research_to_sale_ratio": null,
            "price_fair": 7.5,
            "eps_avg_yearly": 2.5,
            "eps_latest_yearly": 1.16,
            "eps_growth_yearly": -102.55
        },
        "20082": {
            "year_quarter": 20082,
            "year": 2008,
            "quarter": 2,
            "eps": -0.18,
            "eps_growth_year": -162.07,
            "eps_4q": -0.41,
            "eps_4q_growth_year": -122.21,
            "roe": -0.92,
            "roe_4q": -2.15,
            "gross_profit": 46019,
            "gross_margin": 6.83,
            "gross_margin_4q_avg": 5.06,
            "net_income": -45512,
            "revenue": 674120,
            "common_shares": 2600391,
            "book_valuer_per_share": 18.58,
            "book_valuer_per_share_4q_avg": 19.09,
            "equity": 4832074,
            "current_ratio": 120.33,
            "debt_ratio": 45.99,
            "inventory_turnover_ratio": 0.33,
            "account_receivable_turnover_ratio": null,
            "reinvestment_rate": null,
            "research_to_sale_ratio": null,
            "price_fair": 7.5,
            "eps_avg_yearly": 2.5,
            "eps_latest_yearly": 1.16,
            "eps_growth_yearly": -102.55
        },
        "20083": {
            "year_quarter": 20083,
            "year": 2008,
            "quarter": 3,
            "eps": 0.09,
            "eps_growth_year": null,
            "eps_4q": -0.26,
            "eps_4q_growth_year": -112.87,
            "roe": 0.5,
            "roe_4q": -1.32,
            "gross_profit": 87944,
            "gross_margin": 15.46,
            "gross_margin_4q_avg": 9.31,
            "net_income": 23537,
            "revenue": 568994,
            "common_shares": 2600391,
            "book_valuer_per_share": 17.87,
            "book_valuer_per_share_4q_avg": 18.8,
            "equity": 4646427,
            "current_ratio": 111.71,
            "debt_ratio": 46.75,
            "inventory_turnover_ratio": 0.24,
            "account_receivable_turnover_ratio": null,
            "reinvestment_rate": null,
            "research_to_sale_ratio": null,
            "price_fair": 7.5,
            "eps_avg_yearly": 2.5,
            "eps_latest_yearly": 1.16,
            "eps_growth_yearly": -102.55
        },
        "20084": {
            "year_quarter": 20084,
            "year": 2008,
            "quarter": 4,
            "eps": -0.36,
            "eps_growth_year": null,
            "eps_4q": -0.47,
            "eps_4q_growth_year": -145.63,
            "roe": -2.06,
            "roe_4q": -2.59,
            "gross_profit": -23942,
            "gross_margin": -6.07,
            "gross_margin_4q_avg": 7.2,
            "net_income": -94852,
            "revenue": 394660,
            "common_shares": 2600391,
            "book_valuer_per_share": 17.51,
            "book_valuer_per_share_4q_avg": 18.31,
            "equity": 4552259,
            "current_ratio": 107.04,
            "debt_ratio": 47.85,
            "inventory_turnover_ratio": 0.21,
            "account_receivable_turnover_ratio": 17.07,
            "reinvestment_rate": null,
            "research_to_sale_ratio": null,
            "price_fair": 7.5,
            "eps_avg_yearly": 2.5,
            "eps_latest_yearly": 1.16,
            "eps_growth_yearly": -102.55
        },
        "20091": {
            "year_quarter": 20091,
            "year": 2009,
            "quarter": 1,
            "eps": -0.35,
            "eps_growth_year": null,
            "eps_4q": -0.8,
            "eps_4q_growth_year": -1668.27,
            "roe": -2.03,
            "roe_4q": -4.51,
            "gross_profit": -36056,
            "gross_margin": -13.32,
            "gross_margin_4q_avg": 0.73,
            "net_income": -91655,
            "revenue": 270650,
            "common_shares": 2600391,
            "book_valuer_per_share": 17.2,
            "book_valuer_per_share_4q_avg": 17.79,
            "equity": 4471547,
            "current_ratio": 103.04,
            "debt_ratio": 49.92,
            "inventory_turnover_ratio": 0.15,
            "account_receivable_turnover_ratio": 6.08,
            "reinvestment_rate": null,
            "research_to_sale_ratio": null,
            "price_fair": 7.5,
            "eps_avg_yearly": 2.5,
            "eps_latest_yearly": 1.16,
            "eps_growth_yearly": -102.55
        },
        "20092": {
            "year_quarter": 20092,
            "year": 2009,
            "quarter": 2,
            "eps": -0.24,
            "eps_growth_year": null,
            "eps_4q": -0.87,
            "eps_4q_growth_year": null,
            "roe": -1.41,
            "roe_4q": -5,
            "gross_profit": 8163,
            "gross_margin": 2.13,
            "gross_margin_4q_avg": -0.45,
            "net_income": -62893,
            "revenue": 383504,
            "common_shares": 2600391,
            "book_valuer_per_share": 17.07,
            "book_valuer_per_share_4q_avg": 17.41,
            "equity": 4438021,
            "current_ratio": 101.71,
            "debt_ratio": 50.76,
            "inventory_turnover_ratio": 0.19,
            "account_receivable_turnover_ratio": 7.57,
            "reinvestment_rate": null,
            "research_to_sale_ratio": null,
            "price_fair": 7.5,
            "eps_avg_yearly": 2.5,
            "eps_latest_yearly": 1.16,
            "eps_growth_yearly": -102.55
        },
        "20093": {
            "year_quarter": 20093,
            "year": 2009,
            "quarter": 3,
            "eps": -0.1,
            "eps_growth_year": -211.11,
            "eps_4q": -1.06,
            "eps_4q_growth_year": null,
            "roe": -0.59,
            "roe_4q": -6.09,
            "gross_profit": 41290,
            "gross_margin": 8.04,
            "gross_margin_4q_avg": -2.31,
            "net_income": -26295,
            "revenue": 513613,
            "common_shares": 2600391,
            "book_valuer_per_share": 17.16,
            "book_valuer_per_share_4q_avg": 17.24,
            "equity": 4463280,
            "current_ratio": 103.17,
            "debt_ratio": 50.29,
            "inventory_turnover_ratio": 0.23,
            "account_receivable_turnover_ratio": 8.24,
            "reinvestment_rate": null,
            "research_to_sale_ratio": null,
            "price_fair": 7.5,
            "eps_avg_yearly": 2.5,
            "eps_latest_yearly": 1.16,
            "eps_growth_yearly": -102.55
        },
        "20094": {
            "year_quarter": 20094,
            "year": 2009,
            "quarter": 4,
            "eps": -0.27,
            "eps_growth_year": null,
            "eps_4q": -0.96,
            "eps_4q_growth_year": null,
            "roe": -1.58,
            "roe_4q": -5.609999999999999,
            "gross_profit": 80691,
            "gross_margin": 13.87,
            "gross_margin_4q_avg": 2.68,
            "net_income": -69627,
            "revenue": 581793,
            "common_shares": 2600391,
            "book_valuer_per_share": 16.83,
            "book_valuer_per_share_4q_avg": 17.07,
            "equity": 4376988,
            "current_ratio": 99.11,
            "debt_ratio": 39.3,
            "inventory_turnover_ratio": 0.41,
            "account_receivable_turnover_ratio": 14.24,
            "reinvestment_rate": null,
            "research_to_sale_ratio": null,
            "price_fair": 7.5,
            "eps_avg_yearly": 2.5,
            "eps_latest_yearly": 1.16,
            "eps_growth_yearly": -102.55
        },
        "20101": {
            "year_quarter": 20101,
            "year": 2010,
            "quarter": 1,
            "eps": -0.19,
            "eps_growth_year": null,
            "eps_4q": -0.8,
            "eps_4q_growth_year": null,
            "roe": -1.13,
            "roe_4q": -4.71,
            "gross_profit": 28281,
            "gross_margin": 5.8,
            "gross_margin_4q_avg": 7.46,
            "net_income": -49295,
            "revenue": 487350,
            "common_shares": 2600391,
            "book_valuer_per_share": 16.75,
            "book_valuer_per_share_4q_avg": 16.95,
            "equity": 4355443,
            "current_ratio": 98.74,
            "debt_ratio": 40.22,
            "inventory_turnover_ratio": 1.21,
            "account_receivable_turnover_ratio": 5.74,
            "reinvestment_rate": null,
            "research_to_sale_ratio": 0.4,
            "price_fair": 7.5,
            "eps_avg_yearly": 2.5,
            "eps_latest_yearly": 1.16,
            "eps_growth_yearly": -102.55
        },
        "20102": {
            "year_quarter": 20102,
            "year": 2010,
            "quarter": 2,
            "eps": -0.1,
            "eps_growth_year": null,
            "eps_4q": -0.66,
            "eps_4q_growth_year": null,
            "roe": -0.58,
            "roe_4q": -3.88,
            "gross_profit": 42968,
            "gross_margin": 8.24,
            "gross_margin_4q_avg": 8.99,
            "net_income": -25426,
            "revenue": 521404,
            "common_shares": 2600391,
            "book_valuer_per_share": 16.87,
            "book_valuer_per_share_4q_avg": 16.9,
            "equity": 4386924,
            "current_ratio": 99.8,
            "debt_ratio": 39.96,
            "inventory_turnover_ratio": 1.17,
            "account_receivable_turnover_ratio": 6.13,
            "reinvestment_rate": null,
            "research_to_sale_ratio": 0.53,
            "price_fair": 7.5,
            "eps_avg_yearly": 2.5,
            "eps_latest_yearly": 1.16,
            "eps_growth_yearly": -102.55
        },
        "20103": {
            "year_quarter": 20103,
            "year": 2010,
            "quarter": 3,
            "eps": -0.06,
            "eps_growth_year": null,
            "eps_4q": -0.62,
            "eps_4q_growth_year": null,
            "roe": -0.36,
            "roe_4q": -3.65,
            "gross_profit": 50332,
            "gross_margin": 8.87,
            "gross_margin_4q_avg": 9.2,
            "net_income": -15977,
            "revenue": 567709,
            "common_shares": 2600391,
            "book_valuer_per_share": 17.02,
            "book_valuer_per_share_4q_avg": 16.87,
            "equity": 4425618,
            "current_ratio": 102.85,
            "debt_ratio": 39.66,
            "inventory_turnover_ratio": 1.29,
            "account_receivable_turnover_ratio": 6.77,
            "reinvestment_rate": 59924.82,
            "research_to_sale_ratio": 0.4,
            "price_fair": 7.5,
            "eps_avg_yearly": 2.5,
            "eps_latest_yearly": 1.16,
            "eps_growth_yearly": -102.55
        },
        "20104": {
            "year_quarter": 20104,
            "year": 2010,
            "quarter": 4,
            "eps": -0.33,
            "eps_growth_year": null,
            "eps_4q": -0.68,
            "eps_4q_growth_year": null,
            "roe": -1.92,
            "roe_4q": -3.9899999999999998,
            "gross_profit": -12931,
            "gross_margin": -2.09,
            "gross_margin_4q_avg": 5.21,
            "net_income": -85259,
            "revenue": 617573,
            "common_shares": 2600391,
            "book_valuer_per_share": 17.13,
            "book_valuer_per_share_4q_avg": 16.94,
            "equity": 4455363,
            "current_ratio": 105.64,
            "debt_ratio": 40.43,
            "inventory_turnover_ratio": 1.62,
            "account_receivable_turnover_ratio": 7.56,
            "reinvestment_rate": null,
            "research_to_sale_ratio": 0.5,
            "price_fair": 7.5,
            "eps_avg_yearly": 2.5,
            "eps_latest_yearly": 1.16,
            "eps_growth_yearly": -102.55
        },
        "20111": {
            "year_quarter": 20111,
            "year": 2011,
            "quarter": 1,
            "eps": -0.1,
            "eps_growth_year": null,
            "eps_4q": -0.59,
            "eps_4q_growth_year": null,
            "roe": -0.59,
            "roe_4q": -3.4499999999999997,
            "gross_profit": 39781,
            "gross_margin": 7.54,
            "gross_margin_4q_avg": 5.64,
            "net_income": -25608,
            "revenue": 527517,
            "common_shares": 2600391,
            "book_valuer_per_share": 16.47,
            "book_valuer_per_share_4q_avg": 16.87,
            "equity": 4283544,
            "current_ratio": 92.72,
            "debt_ratio": 41.16,
            "inventory_turnover_ratio": 1.24,
            "account_receivable_turnover_ratio": 6.89,
            "reinvestment_rate": null,
            "research_to_sale_ratio": 0.61,
            "price_fair": 3.48,
            "eps_avg_yearly": 1.16,
            "eps_latest_yearly": 1.16,
            "eps_growth_yearly": -279.17
        },
        "20112": {
            "year_quarter": 20112,
            "year": 2011,
            "quarter": 2,
            "eps": -0.04,
            "eps_growth_year": null,
            "eps_4q": -0.53,
            "eps_4q_growth_year": null,
            "roe": -0.24,
            "roe_4q": -3.11,
            "gross_profit": 61711,
            "gross_margin": 9.19,
            "gross_margin_4q_avg": 5.88,
            "net_income": -10307,
            "revenue": 671702,
            "common_shares": 2600391,
            "book_valuer_per_share": 16.56,
            "book_valuer_per_share_4q_avg": 16.8,
            "equity": 4305429,
            "current_ratio": 94.62,
            "debt_ratio": 40.88,
            "inventory_turnover_ratio": 1.55,
            "account_receivable_turnover_ratio": 8.39,
            "reinvestment_rate": null,
            "research_to_sale_ratio": 0.4,
            "price_fair": 0,
            "eps_avg_yearly": 0,
            "eps_latest_yearly": 0,
            "eps_growth_yearly": 0
        },
        "20113": {
            "year_quarter": 20113,
            "year": 2011,
            "quarter": 3,
            "eps": 0,
            "eps_growth_year": null,
            "eps_4q": -0.46,
            "eps_4q_growth_year": null,
            "roe": 0.01,
            "roe_4q": -2.7399999999999998,
            "gross_profit": 36253,
            "gross_margin": 5.98,
            "gross_margin_4q_avg": 5.16,
            "net_income": 399,
            "revenue": 606294,
            "common_shares": 2600391,
            "book_valuer_per_share": 15.83,
            "book_valuer_per_share_4q_avg": 16.5,
            "equity": 4115682,
            "current_ratio": 79.67,
            "debt_ratio": 41.78,
            "inventory_turnover_ratio": 1.58,
            "account_receivable_turnover_ratio": 6.84,
            "reinvestment_rate": null,
            "research_to_sale_ratio": 0.66,
            "price_fair": 0,
            "eps_avg_yearly": 0,
            "eps_latest_yearly": 0,
            "eps_growth_yearly": 0
        },
        "20114": {
            "year_quarter": 20114,
            "year": 2011,
            "quarter": 4,
            "eps": -0.2,
            "eps_growth_year": null,
            "eps_4q": -0.34,
            "eps_4q_growth_year": null,
            "roe": -1.28,
            "roe_4q": -2.1,
            "gross_profit": 21505,
            "gross_margin": 3.63,
            "gross_margin_4q_avg": 6.59,
            "net_income": -52442,
            "revenue": 591932,
            "common_shares": 2600391,
            "book_valuer_per_share": 15.64,
            "book_valuer_per_share_4q_avg": 16.13,
            "equity": 4067890,
            "current_ratio": 75.62,
            "debt_ratio": 42.33,
            "inventory_turnover_ratio": 1.7,
            "account_receivable_turnover_ratio": 6.55,
            "reinvestment_rate": null,
            "research_to_sale_ratio": 0.89,
            "price_fair": 0,
            "eps_avg_yearly": 0,
            "eps_latest_yearly": 0,
            "eps_growth_yearly": 0
        },
        "20121": {
            "year_quarter": 20121,
            "year": 2012,
            "quarter": 1,
            "eps": -0.24,
            "eps_growth_year": null,
            "eps_4q": -0.48,
            "eps_4q_growth_year": null,
            "roe": -1.56,
            "roe_4q": -3.0700000000000003,
            "gross_profit": -823,
            "gross_margin": -0.18,
            "gross_margin_4q_avg": 4.66,
            "net_income": -63362,
            "revenue": 460617,
            "common_shares": 2600391,
            "book_valuer_per_share": 15.67,
            "book_valuer_per_share_4q_avg": 15.93,
            "equity": 4074984,
            "current_ratio": 77.58,
            "debt_ratio": 43.23,
            "inventory_turnover_ratio": 1.31,
            "account_receivable_turnover_ratio": 5.81,
            "reinvestment_rate": null,
            "research_to_sale_ratio": 0.63,
            "price_fair": 0,
            "eps_avg_yearly": 0,
            "eps_latest_yearly": 0,
            "eps_growth_yearly": 0
        },
        "20122": {
            "year_quarter": 20122,
            "year": 2012,
            "quarter": 2,
            "eps": -0.05,
            "eps_growth_year": null,
            "eps_4q": -0.49,
            "eps_4q_growth_year": null,
            "roe": -0.31,
            "roe_4q": -3.1400000000000006,
            "gross_profit": 59641,
            "gross_margin": 10.03,
            "gross_margin_4q_avg": 4.87,
            "net_income": -12567,
            "revenue": 594751,
            "common_shares": 2600391,
            "book_valuer_per_share": 15.35,
            "book_valuer_per_share_4q_avg": 15.62,
            "equity": 3992092,
            "current_ratio": 70.25,
            "debt_ratio": 43.56,
            "inventory_turnover_ratio": 1.56,
            "account_receivable_turnover_ratio": 7.76,
            "reinvestment_rate": null,
            "research_to_sale_ratio": 0.7,
            "price_fair": 0,
            "eps_avg_yearly": 0,
            "eps_latest_yearly": 0,
            "eps_growth_yearly": 0
        },
        "20123": {
            "year_quarter": 20123,
            "year": 2012,
            "quarter": 3,
            "eps": -0.1,
            "eps_growth_year": -6943.55,
            "eps_4q": -0.6,
            "eps_4q_growth_year": null,
            "roe": -0.68,
            "roe_4q": -3.83,
            "gross_profit": 36275,
            "gross_margin": 6.84,
            "gross_margin_4q_avg": 5.08,
            "net_income": -27299,
            "revenue": 530394,
            "common_shares": 2600391,
            "book_valuer_per_share": 15.47,
            "book_valuer_per_share_4q_avg": 15.53,
            "equity": 4021873,
            "current_ratio": 74.55,
            "debt_ratio": 43.87,
            "inventory_turnover_ratio": 1.52,
            "account_receivable_turnover_ratio": 6.75,
            "reinvestment_rate": null,
            "research_to_sale_ratio": 0.55,
            "price_fair": 0,
            "eps_avg_yearly": 0,
            "eps_latest_yearly": 0,
            "eps_growth_yearly": 0
        },
        "20124": {
            "year_quarter": 20124,
            "year": 2012,
            "quarter": 4,
            "eps": -0.25,
            "eps_growth_year": null,
            "eps_4q": -0.65,
            "eps_4q_growth_year": null,
            "roe": -1.65,
            "roe_4q": -4.2,
            "gross_profit": 3996,
            "gross_margin": 0.75,
            "gross_margin_4q_avg": 4.36,
            "net_income": -65934,
            "revenue": 531754,
            "common_shares": 2600391,
            "book_valuer_per_share": 15.22,
            "book_valuer_per_share_4q_avg": 15.43,
            "equity": 3958585,
            "current_ratio": 70.94,
            "debt_ratio": 44.25,
            "inventory_turnover_ratio": 1.67,
            "account_receivable_turnover_ratio": 6.84,
            "reinvestment_rate": null,
            "research_to_sale_ratio": 0.95,
            "price_fair": 0,
            "eps_avg_yearly": 0,
            "eps_latest_yearly": 0,
            "eps_growth_yearly": 0
        },
        "20131": {
            "year_quarter": 20131,
            "year": 2013,
            "quarter": 1,
            "eps": -0.17,
            "eps_growth_year": null,
            "eps_4q": -0.58,
            "eps_4q_growth_year": null,
            "roe": -1.14,
            "roe_4q": -3.7800000000000002,
            "gross_profit": 21327,
            "gross_margin": 4.14,
            "gross_margin_4q_avg": 5.44,
            "net_income": -44726,
            "revenue": 514601,
            "common_shares": 2600391,
            "book_valuer_per_share": 14.88,
            "book_valuer_per_share_4q_avg": 15.23,
            "equity": 3869017,
            "current_ratio": 66.68,
            "debt_ratio": 45.54,
            "inventory_turnover_ratio": 1.58,
            "account_receivable_turnover_ratio": 6.23,
            "reinvestment_rate": null,
            "research_to_sale_ratio": 0.56,
            "price_fair": 0,
            "eps_avg_yearly": 0,
            "eps_latest_yearly": 0,
            "eps_growth_yearly": 0
        },
        "20132": {
            "year_quarter": 20132,
            "year": 2013,
            "quarter": 2,
            "eps": -0.03,
            "eps_growth_year": null,
            "eps_4q": -0.56,
            "eps_4q_growth_year": null,
            "roe": -0.2,
            "roe_4q": -3.67,
            "gross_profit": 61181,
            "gross_margin": 10.79,
            "gross_margin_4q_avg": 5.63,
            "net_income": -7644,
            "revenue": 567253,
            "common_shares": 2600391,
            "book_valuer_per_share": 14.79,
            "book_valuer_per_share_4q_avg": 15.09,
            "equity": 3847050,
            "current_ratio": 64.62,
            "debt_ratio": 45.83,
            "inventory_turnover_ratio": 1.44,
            "account_receivable_turnover_ratio": 6.76,
            "reinvestment_rate": null,
            "research_to_sale_ratio": 0.5,
            "price_fair": 0,
            "eps_avg_yearly": 0,
            "eps_latest_yearly": 0,
            "eps_growth_yearly": 0
        },
        "20133": {
            "year_quarter": 20133,
            "year": 2013,
            "quarter": 3,
            "eps": -0.14,
            "eps_growth_year": null,
            "eps_4q": -0.6,
            "eps_4q_growth_year": null,
            "roe": -0.96,
            "roe_4q": -3.9499999999999997,
            "gross_profit": 7698,
            "gross_margin": 1.58,
            "gross_margin_4q_avg": 4.32,
            "net_income": -37028,
            "revenue": 488059,
            "common_shares": 2600391,
            "book_valuer_per_share": 14.83,
            "book_valuer_per_share_4q_avg": 14.93,
            "equity": 3855119,
            "current_ratio": 65.36,
            "debt_ratio": 45.85,
            "inventory_turnover_ratio": 1.29,
            "account_receivable_turnover_ratio": 6.99,
            "reinvestment_rate": null,
            "research_to_sale_ratio": 0.46,
            "price_fair": 0,
            "eps_avg_yearly": 0,
            "eps_latest_yearly": 0,
            "eps_growth_yearly": 0
        },
        "20134": {
            "year_quarter": 20134,
            "year": 2013,
            "quarter": 4,
            "eps": -0.31,
            "eps_growth_year": null,
            "eps_4q": -0.66,
            "eps_4q_growth_year": null,
            "roe": -2.16,
            "roe_4q": -4.46,
            "gross_profit": -16901,
            "gross_margin": -3.82,
            "gross_margin_4q_avg": 3.17,
            "net_income": -81890,
            "revenue": 442185,
            "common_shares": 2600391,
            "book_valuer_per_share": 14.36,
            "book_valuer_per_share_4q_avg": 14.72,
            "equity": 3733909,
            "current_ratio": 59.14,
            "debt_ratio": 47.44,
            "inventory_turnover_ratio": 1.33,
            "account_receivable_turnover_ratio": 7.95,
            "reinvestment_rate": null,
            "research_to_sale_ratio": 0.44,
            "price_fair": 0,
            "eps_avg_yearly": 0,
            "eps_latest_yearly": 0,
            "eps_growth_yearly": 0
        },
        "20141": {
            "year_quarter": 20141,
            "year": 2014,
            "quarter": 1,
            "eps": -0.46,
            "eps_growth_year": null,
            "eps_4q": -0.95,
            "eps_4q_growth_year": null,
            "roe": -3.27,
            "roe_4q": -6.59,
            "gross_profit": 14527,
            "gross_margin": 3.99,
            "gross_margin_4q_avg": 3.14,
            "net_income": -119569,
            "revenue": 364313,
            "common_shares": 2600391,
            "book_valuer_per_share": 13.8,
            "book_valuer_per_share_4q_avg": 14.45,
            "equity": 3589510,
            "current_ratio": 55.55,
            "debt_ratio": 50.01,
            "inventory_turnover_ratio": 0.96,
            "account_receivable_turnover_ratio": 6.86,
            "reinvestment_rate": null,
            "research_to_sale_ratio": 0.5,
            "price_fair": 0,
            "eps_avg_yearly": 0,
            "eps_latest_yearly": 0,
            "eps_growth_yearly": 0
        },
        "20142": {
            "year_quarter": 20142,
            "year": 2014,
            "quarter": 2,
            "eps": -0.11,
            "eps_growth_year": null,
            "eps_4q": -1.02,
            "eps_4q_growth_year": null,
            "roe": -0.78,
            "roe_4q": -7.17,
            "gross_profit": 37228,
            "gross_margin": 7.91,
            "gross_margin_4q_avg": 2.42,
            "net_income": -27861,
            "revenue": 470681,
            "common_shares": 2600391,
            "book_valuer_per_share": 13.77,
            "book_valuer_per_share_4q_avg": 14.19,
            "equity": 3580435,
            "current_ratio": 54.88,
            "debt_ratio": 50.06,
            "inventory_turnover_ratio": 1.09,
            "account_receivable_turnover_ratio": 8.63,
            "reinvestment_rate": null,
            "research_to_sale_ratio": 0.49,
            "price_fair": 0,
            "eps_avg_yearly": 0,
            "eps_latest_yearly": 0,
            "eps_growth_yearly": 0
        },
        "20143": {
            "year_quarter": 20143,
            "year": 2014,
            "quarter": 3,
            "eps": -0.25,
            "eps_growth_year": null,
            "eps_4q": -1.13,
            "eps_4q_growth_year": null,
            "roe": -1.78,
            "roe_4q": -7.99,
            "gross_profit": 34779,
            "gross_margin": 8.36,
            "gross_margin_4q_avg": 4.11,
            "net_income": -64824,
            "revenue": 415825,
            "common_shares": 2600391,
            "book_valuer_per_share": 14.25,
            "book_valuer_per_share_4q_avg": 14.05,
            "equity": 3706227,
            "current_ratio": 61.83,
            "debt_ratio": 49.65,
            "inventory_turnover_ratio": 0.99,
            "account_receivable_turnover_ratio": 7.89,
            "reinvestment_rate": null,
            "research_to_sale_ratio": 0.35,
            "price_fair": 0,
            "eps_avg_yearly": 0,
            "eps_latest_yearly": 0,
            "eps_growth_yearly": 0
        },
        "20144": {
            "year_quarter": 20144,
            "year": 2014,
            "quarter": 4,
            "eps": -0.9,
            "eps_growth_year": null,
            "eps_4q": -1.71,
            "eps_4q_growth_year": null,
            "roe": -6.34,
            "roe_4q": -12.169999999999998,
            "gross_profit": -4709,
            "gross_margin": -1.56,
            "gross_margin_4q_avg": 4.68,
            "net_income": -233079,
            "revenue": 301290,
            "common_shares": 2600391,
            "book_valuer_per_share": 14.04,
            "book_valuer_per_share_4q_avg": 13.97,
            "equity": 3651617,
            "current_ratio": 71.16,
            "debt_ratio": 48.8,
            "inventory_turnover_ratio": 0.94,
            "account_receivable_turnover_ratio": 8.71,
            "reinvestment_rate": null,
            "research_to_sale_ratio": 0.31,
            "price_fair": 0,
            "eps_avg_yearly": 0,
            "eps_latest_yearly": 0,
            "eps_growth_yearly": 0
        },
        "20151": {
            "year_quarter": 20151,
            "year": 2015,
            "quarter": 1,
            "eps": -0.18,
            "eps_growth_year": null,
            "eps_4q": -1.43,
            "eps_4q_growth_year": null,
            "roe": -1.24,
            "roe_4q": -10.139999999999999,
            "gross_profit": -2108,
            "gross_margin": -2.54,
            "gross_margin_4q_avg": 3.04,
            "net_income": -46874,
            "revenue": 83066,
            "common_shares": 2600391,
            "book_valuer_per_share": 15.11,
            "book_valuer_per_share_4q_avg": 14.29,
            "equity": 3930190,
            "current_ratio": 86.41,
            "debt_ratio": 47.07,
            "inventory_turnover_ratio": 0.34,
            "account_receivable_turnover_ratio": 4.39,
            "reinvestment_rate": null,
            "research_to_sale_ratio": 1.72,
            "price_fair": 0,
            "eps_avg_yearly": 0,
            "eps_latest_yearly": 0,
            "eps_growth_yearly": 0
        },
        "20152": {
            "year_quarter": 20152,
            "year": 2015,
            "quarter": 2,
            "eps": -0.26,
            "eps_growth_year": null,
            "eps_4q": -1.58,
            "eps_4q_growth_year": null,
            "roe": -1.81,
            "roe_4q": -11.17,
            "gross_profit": -8938,
            "gross_margin": -13.43,
            "gross_margin_4q_avg": -2.29,
            "net_income": -66547,
            "revenue": 66536,
            "common_shares": 2600391,
            "book_valuer_per_share": 13.24,
            "book_valuer_per_share_4q_avg": 14.16,
            "equity": 3442246,
            "current_ratio": 60.74,
            "debt_ratio": 50.44,
            "inventory_turnover_ratio": 0.34,
            "account_receivable_turnover_ratio": 4.65,
            "reinvestment_rate": null,
            "research_to_sale_ratio": 1.99,
            "price_fair": 0,
            "eps_avg_yearly": 0,
            "eps_latest_yearly": 0,
            "eps_growth_yearly": 0
        },
        "20153": {
            "year_quarter": 20153,
            "year": 2015,
            "quarter": 3,
            "eps": -0.01,
            "eps_growth_year": null,
            "eps_4q": -1.35,
            "eps_4q_growth_year": null,
            "roe": -0.11,
            "roe_4q": -9.5,
            "gross_profit": -10744,
            "gross_margin": -29.66,
            "gross_margin_4q_avg": -11.8,
            "net_income": -3595,
            "revenue": 36221,
            "common_shares": 2600391,
            "book_valuer_per_share": 12.77,
            "book_valuer_per_share_4q_avg": 13.79,
            "equity": 3321940,
            "current_ratio": 53.44,
            "debt_ratio": 51.02,
            "inventory_turnover_ratio": 0.26,
            "account_receivable_turnover_ratio": 4.56,
            "reinvestment_rate": null,
            "research_to_sale_ratio": 1.97,
            "price_fair": 0,
            "eps_avg_yearly": 0,
            "eps_latest_yearly": 0,
            "eps_growth_yearly": 0
        },
        "20154": {
            "year_quarter": 20154,
            "year": 2015,
            "quarter": 4,
            "eps": -0.16,
            "eps_growth_year": null,
            "eps_4q": -0.61,
            "eps_4q_growth_year": null,
            "roe": -1.28,
            "roe_4q": -4.44,
            "gross_profit": 5854,
            "gross_margin": 29.75,
            "gross_margin_4q_avg": -3.97,
            "net_income": -41765,
            "revenue": 19675,
            "common_shares": 2600391,
            "book_valuer_per_share": 12.33,
            "book_valuer_per_share_4q_avg": 13.36,
            "equity": 3206392,
            "current_ratio": 44.48,
            "debt_ratio": 51.29,
            "inventory_turnover_ratio": 0.08,
            "account_receivable_turnover_ratio": 4.89,
            "reinvestment_rate": null,
            "research_to_sale_ratio": 0.21,
            "price_fair": 0,
            "eps_avg_yearly": 0,
            "eps_latest_yearly": 0,
            "eps_growth_yearly": 0
        },
        "20161": {
            "year_quarter": 20161,
            "year": 2016,
            "quarter": 1,
            "eps": -0.22,
            "eps_growth_year": null,
            "eps_4q": -0.65,
            "eps_4q_growth_year": null,
            "roe": -1.77,
            "roe_4q": -4.97,
            "gross_profit": 346,
            "gross_margin": 2.08,
            "gross_margin_4q_avg": -2.82,
            "net_income": -56459,
            "revenue": 16616,
            "common_shares": 2600391,
            "book_valuer_per_share": 12.14,
            "book_valuer_per_share_4q_avg": 12.62,
            "equity": 3158073,
            "current_ratio": 43.63,
            "debt_ratio": 52,
            "inventory_turnover_ratio": 0.1,
            "account_receivable_turnover_ratio": 3.61,
            "reinvestment_rate": null,
            "research_to_sale_ratio": 2.2,
            "price_fair": 0,
            "eps_avg_yearly": 0,
            "eps_latest_yearly": 0,
            "eps_growth_yearly": 0
        },
        "20162": {
            "year_quarter": 20162,
            "year": 2016,
            "quarter": 2,
            "eps": -0.27,
            "eps_growth_year": null,
            "eps_4q": -0.66,
            "eps_4q_growth_year": null,
            "roe": -2.26,
            "roe_4q": -5.42,
            "gross_profit": -2987,
            "gross_margin": -17.05,
            "gross_margin_4q_avg": -3.72,
            "net_income": -70265,
            "revenue": 17520,
            "common_shares": 2600391,
            "book_valuer_per_share": 11.79,
            "book_valuer_per_share_4q_avg": 12.26,
            "equity": 3064760,
            "current_ratio": 40.22,
            "debt_ratio": 53.06,
            "inventory_turnover_ratio": 0.13,
            "account_receivable_turnover_ratio": 3.57,
            "reinvestment_rate": null,
            "research_to_sale_ratio": 2.05,
            "price_fair": 0,
            "eps_avg_yearly": 0,
            "eps_latest_yearly": 0,
            "eps_growth_yearly": 0
        },
        "20163": {
            "year_quarter": 20163,
            "year": 2016,
            "quarter": 3,
            "eps": -0.04,
            "eps_growth_year": null,
            "eps_4q": -0.69,
            "eps_4q_growth_year": null,
            "roe": -0.38,
            "roe_4q": -5.69,
            "gross_profit": -2048,
            "gross_margin": -12.24,
            "gross_margin_4q_avg": 0.64,
            "net_income": -11471,
            "revenue": 16735,
            "common_shares": 2600391,
            "book_valuer_per_share": 11.53,
            "book_valuer_per_share_4q_avg": 11.95,
            "equity": 2997604,
            "current_ratio": 36.78,
            "debt_ratio": 53.62,
            "inventory_turnover_ratio": 0.13,
            "account_receivable_turnover_ratio": 3.6,
            "reinvestment_rate": null,
            "research_to_sale_ratio": 3.01,
            "price_fair": 0,
            "eps_avg_yearly": 0,
            "eps_latest_yearly": 0,
            "eps_growth_yearly": 0
        },
        "20164": {
            "year_quarter": 20164,
            "year": 2016,
            "quarter": 4,
            "eps": -0.17,
            "eps_growth_year": null,
            "eps_4q": -0.7,
            "eps_4q_growth_year": null,
            "roe": -1.5,
            "roe_4q": -5.91,
            "gross_profit": -1301,
            "gross_margin": -6.96,
            "gross_margin_4q_avg": -8.54,
            "net_income": -44709,
            "revenue": 18694,
            "common_shares": 2600391,
            "book_valuer_per_share": 11.41,
            "book_valuer_per_share_4q_avg": 11.72,
            "equity": 2966203,
            "current_ratio": 40.59,
            "debt_ratio": 55.03,
            "inventory_turnover_ratio": 0.14,
            "account_receivable_turnover_ratio": 3.33,
            "reinvestment_rate": null,
            "research_to_sale_ratio": 3.12,
            "price_fair": 0,
            "eps_avg_yearly": 0,
            "eps_latest_yearly": 0,
            "eps_growth_yearly": 0
        },
        "20171": {
            "year_quarter": 20171,
            "year": 2017,
            "quarter": 1,
            "eps": -0.19,
            "eps_growth_year": null,
            "eps_4q": -0.67,
            "eps_4q_growth_year": null,
            "roe": -1.65,
            "roe_4q": -5.789999999999999,
            "gross_profit": 3009,
            "gross_margin": 12.76,
            "gross_margin_4q_avg": -5.87,
            "net_income": -48723,
            "revenue": 23582,
            "common_shares": 2600391,
            "book_valuer_per_share": 11.37,
            "book_valuer_per_share_4q_avg": 11.53,
            "equity": 2957350,
            "current_ratio": 40.84,
            "debt_ratio": 55.25,
            "inventory_turnover_ratio": 0.14,
            "account_receivable_turnover_ratio": 2.65,
            "reinvestment_rate": null,
            "research_to_sale_ratio": 2.63,
            "price_fair": 0,
            "eps_avg_yearly": 0,
            "eps_latest_yearly": 0,
            "eps_growth_yearly": 0
        },
        "20172": {
            "year_quarter": 20172,
            "year": 2017,
            "quarter": 2,
            "eps": -0.19,
            "eps_growth_year": null,
            "eps_4q": -0.6,
            "eps_4q_growth_year": null,
            "roe": -1.74,
            "roe_4q": -5.27,
            "gross_profit": 4784,
            "gross_margin": 16.35,
            "gross_margin_4q_avg": 2.48,
            "net_income": -50766,
            "revenue": 29259,
            "common_shares": 2600391,
            "book_valuer_per_share": 11.13,
            "book_valuer_per_share_4q_avg": 11.36,
            "equity": 2894329,
            "current_ratio": 39.54,
            "debt_ratio": 56.2,
            "inventory_turnover_ratio": 0.17,
            "account_receivable_turnover_ratio": 2.24,
            "reinvestment_rate": null,
            "research_to_sale_ratio": 2.72,
            "price_fair": 0,
            "eps_avg_yearly": 0,
            "eps_latest_yearly": 0,
            "eps_growth_yearly": 0
        },
        "20173": {
            "year_quarter": 20173,
            "year": 2017,
            "quarter": 3,
            "eps": -0.06,
            "eps_growth_year": null,
            "eps_4q": -0.61,
            "eps_4q_growth_year": null,
            "roe": -0.54,
            "roe_4q": -5.43,
            "gross_profit": 33745,
            "gross_margin": 34.64,
            "gross_margin_4q_avg": 14.2,
            "net_income": -15580,
            "revenue": 97406,
            "common_shares": 2600391,
            "book_valuer_per_share": 11.25,
            "book_valuer_per_share_4q_avg": 11.29,
            "equity": 2924746,
            "current_ratio": 41.09,
            "debt_ratio": 55.9,
            "inventory_turnover_ratio": 0.49,
            "account_receivable_turnover_ratio": 6.51,
            "reinvestment_rate": null,
            "research_to_sale_ratio": 1.17,
            "price_fair": 0,
            "eps_avg_yearly": 0,
            "eps_latest_yearly": 0,
            "eps_growth_yearly": 0
        },
        "20174": {
            "year_quarter": 20174,
            "year": 2017,
            "quarter": 4,
            "eps": -0.21,
            "eps_growth_year": null,
            "eps_4q": -0.66,
            "eps_4q_growth_year": null,
            "roe": -1.91,
            "roe_4q": -5.84,
            "gross_profit": 9928,
            "gross_margin": 27.52,
            "gross_margin_4q_avg": 22.82,
            "net_income": -55384,
            "revenue": 36073,
            "common_shares": 2600391,
            "book_valuer_per_share": 11.1,
            "book_valuer_per_share_4q_avg": 11.21,
            "equity": 2887279,
            "current_ratio": 40.62,
            "debt_ratio": 56.46,
            "inventory_turnover_ratio": 0.23,
            "account_receivable_turnover_ratio": 2.12,
            "reinvestment_rate": null,
            "research_to_sale_ratio": 4.9,
            "price_fair": 0,
            "eps_avg_yearly": 0,
            "eps_latest_yearly": 0,
            "eps_growth_yearly": 0
        },
        "20181": {
            "year_quarter": 20181,
            "year": 2018,
            "quarter": 1,
            "eps": -0.14,
            "eps_growth_year": null,
            "eps_4q": -0.61,
            "eps_4q_growth_year": null,
            "roe": -1.25,
            "roe_4q": -5.44,
            "gross_profit": 22472,
            "gross_margin": 31.62,
            "gross_margin_4q_avg": 27.53,
            "net_income": -35633,
            "revenue": 71068,
            "common_shares": 2600391,
            "book_valuer_per_share": 10.82,
            "book_valuer_per_share_4q_avg": 11.08,
            "equity": 2813519,
            "current_ratio": 37.39,
            "debt_ratio": 57.12,
            "inventory_turnover_ratio": 0.46,
            "account_receivable_turnover_ratio": 2.96,
            "reinvestment_rate": null,
            "research_to_sale_ratio": 2.12,
            "price_fair": 0,
            "eps_avg_yearly": 0,
            "eps_latest_yearly": 0,
            "eps_growth_yearly": 0
        },
        "20182": {
            "year_quarter": 20182,
            "year": 2018,
            "quarter": 2,
            "eps": -0.22,
            "eps_growth_year": null,
            "eps_4q": -0.63,
            "eps_4q_growth_year": null,
            "roe": -2.08,
            "roe_4q": -5.78,
            "gross_profit": 1711,
            "gross_margin": 4.34,
            "gross_margin_4q_avg": 24.53,
            "net_income": -57731,
            "revenue": 39395,
            "common_shares": 2600391,
            "book_valuer_per_share": 10.48,
            "book_valuer_per_share_4q_avg": 10.91,
            "equity": 2724627,
            "current_ratio": 34.66,
            "debt_ratio": 58.16,
            "inventory_turnover_ratio": 0.4,
            "account_receivable_turnover_ratio": 1.3,
            "reinvestment_rate": null,
            "research_to_sale_ratio": 4.45,
            "price_fair": 0,
            "eps_avg_yearly": 0,
            "eps_latest_yearly": 0,
            "eps_growth_yearly": 0
        },
        "20183": {
            "year_quarter": 20183,
            "year": 2018,
            "quarter": 3,
            "eps": -0.15,
            "eps_growth_year": null,
            "eps_4q": -0.72,
            "eps_4q_growth_year": null,
            "roe": -1.41,
            "roe_4q": -6.65,
            "gross_profit": -1095,
            "gross_margin": -3.04,
            "gross_margin_4q_avg": 15.11,
            "net_income": -38232,
            "revenue": 35961,
            "common_shares": 2600391,
            "book_valuer_per_share": 10.31,
            "book_valuer_per_share_4q_avg": 10.68,
            "equity": 2680312,
            "current_ratio": 33.79,
            "debt_ratio": 58.77,
            "inventory_turnover_ratio": 0.37,
            "account_receivable_turnover_ratio": 1.1,
            "reinvestment_rate": null,
            "research_to_sale_ratio": 4.38,
            "price_fair": 0,
            "eps_avg_yearly": 0,
            "eps_latest_yearly": 0,
            "eps_growth_yearly": 0
        },
        "20184": {
            "year_quarter": 20184,
            "year": 2018,
            "quarter": 4,
            "eps": -0.14,
            "eps_growth_year": null,
            "eps_4q": -0.64,
            "eps_4q_growth_year": null,
            "roe": -1.33,
            "roe_4q": -6.07,
            "gross_profit": 23739,
            "gross_margin": 32.92,
            "gross_margin_4q_avg": 16.46,
            "net_income": -35210,
            "revenue": 72102,
            "common_shares": 2600391,
            "book_valuer_per_share": 10.08,
            "book_valuer_per_share_4q_avg": 10.42,
            "equity": 2620587,
            "current_ratio": 32.07,
            "debt_ratio": 59.46,
            "inventory_turnover_ratio": 0.5,
            "account_receivable_turnover_ratio": 2.08,
            "reinvestment_rate": null,
            "research_to_sale_ratio": 2.32,
            "price_fair": 0,
            "eps_avg_yearly": 0,
            "eps_latest_yearly": 0,
            "eps_growth_yearly": 0
        },
        "20191": {
            "year_quarter": 20191,
            "year": 2019,
            "quarter": 1,
            "eps": -0.15,
            "eps_growth_year": null,
            "eps_4q": -0.66,
            "eps_4q_growth_year": null,
            "roe": -1.54,
            "roe_4q": -6.36,
            "gross_profit": 20343,
            "gross_margin": 44.48,
            "gross_margin_4q_avg": 19.68,
            "net_income": -39961,
            "revenue": 45730,
            "common_shares": 2600391,
            "book_valuer_per_share": 9.94,
            "book_valuer_per_share_4q_avg": 10.2,
            "equity": 2584212,
            "current_ratio": 31.1,
            "debt_ratio": 59.9,
            "inventory_turnover_ratio": 0.29,
            "account_receivable_turnover_ratio": 1.09,
            "reinvestment_rate": null,
            "research_to_sale_ratio": 4.84,
            "price_fair": 0,
            "eps_avg_yearly": 0,
            "eps_latest_yearly": 0,
            "eps_growth_yearly": 0
        },
        "20192": {
            "year_quarter": 20192,
            "year": 2019,
            "quarter": 2,
            "eps": -0.21,
            "eps_growth_year": null,
            "eps_4q": -0.65,
            "eps_4q_growth_year": null,
            "roe": -2.11,
            "roe_4q": -6.390000000000001,
            "gross_profit": 7475,
            "gross_margin": 18.01,
            "gross_margin_4q_avg": 23.09,
            "net_income": -54699,
            "revenue": 41511,
            "common_shares": 2600391,
            "book_valuer_per_share": 9.96,
            "book_valuer_per_share_4q_avg": 10.07,
            "equity": 2591228,
            "current_ratio": 32.97,
            "debt_ratio": 60.11,
            "inventory_turnover_ratio": 0.4,
            "account_receivable_turnover_ratio": 0.85,
            "reinvestment_rate": null,
            "research_to_sale_ratio": 5.24,
            "price_fair": 0,
            "eps_avg_yearly": 0,
            "eps_latest_yearly": 0,
            "eps_growth_yearly": 0
        },
        "20193": {
            "year_quarter": 20193,
            "year": 2019,
            "quarter": 3,
            "eps": -0.14,
            "eps_growth_year": null,
            "eps_4q": -0.64,
            "eps_4q_growth_year": null,
            "roe": -1.4,
            "roe_4q": -6.38,
            "gross_profit": 9645,
            "gross_margin": 24.97,
            "gross_margin_4q_avg": 30.1,
            "net_income": -35975,
            "revenue": 38623,
            "common_shares": 2600391,
            "book_valuer_per_share": 9.84,
            "book_valuer_per_share_4q_avg": 9.96,
            "equity": 2559213,
            "current_ratio": 32.34,
            "debt_ratio": 60.52,
            "inventory_turnover_ratio": 0.37,
            "account_receivable_turnover_ratio": 0.78,
            "reinvestment_rate": null,
            "research_to_sale_ratio": 6.97,
            "price_fair": 0,
            "eps_avg_yearly": 0,
            "eps_latest_yearly": 0,
            "eps_growth_yearly": 0
        },
        "20194": {
            "year_quarter": 20194,
            "year": 2019,
            "quarter": 4,
            "eps": -0.19,
            "eps_growth_year": null,
            "eps_4q": -0.69,
            "eps_4q_growth_year": null,
            "roe": -1.93,
            "roe_4q": -6.9799999999999995,
            "gross_profit": 14769,
            "gross_margin": 33.88,
            "gross_margin_4q_avg": 30.34,
            "net_income": -48899,
            "revenue": 43590,
            "common_shares": 2600391,
            "book_valuer_per_share": 9.69,
            "book_valuer_per_share_4q_avg": 9.86,
            "equity": 2519907,
            "current_ratio": 34.87,
            "debt_ratio": 61.75,
            "inventory_turnover_ratio": 0.39,
            "account_receivable_turnover_ratio": 0.88,
            "reinvestment_rate": null,
            "research_to_sale_ratio": 4.72,
            "price_fair": 0,
            "eps_avg_yearly": 0,
            "eps_latest_yearly": 0,
            "eps_growth_yearly": 0
        },
        "20201": {
            "year_quarter": 20201,
            "year": 2020,
            "quarter": 1,
            "eps": -0.18,
            "eps_growth_year": null,
            "eps_4q": -0.72,
            "eps_4q_growth_year": null,
            "roe": -1.96,
            "roe_4q": -7.399999999999999,
            "gross_profit": 10241,
            "gross_margin": 26.29,
            "gross_margin_4q_avg": 25.79,
            "net_income": -47584,
            "revenue": 38960,
            "common_shares": 2600391,
            "book_valuer_per_share": 8.95,
            "book_valuer_per_share_4q_avg": 9.61,
            "equity": 2326558,
            "current_ratio": 26.29,
            "debt_ratio": 63.45,
            "inventory_turnover_ratio": 0.4,
            "account_receivable_turnover_ratio": 0.78,
            "reinvestment_rate": null,
            "research_to_sale_ratio": 6.01,
            "price_fair": 0,
            "eps_avg_yearly": 0,
            "eps_latest_yearly": 0,
            "eps_growth_yearly": 0
        },
        "20202": {
            "year_quarter": 20202,
            "year": 2020,
            "quarter": 2,
            "eps": -0.17,
            "eps_growth_year": null,
            "eps_4q": -0.68,
            "eps_4q_growth_year": null,
            "roe": -1.86,
            "roe_4q": -7.15,
            "gross_profit": 12804,
            "gross_margin": 31.42,
            "gross_margin_4q_avg": 29.14,
            "net_income": -43698,
            "revenue": 40754,
            "common_shares": 2600391,
            "book_valuer_per_share": 9.1,
            "book_valuer_per_share_4q_avg": 9.4,
            "equity": 2366593,
            "current_ratio": 29.16,
            "debt_ratio": 63.29,
            "inventory_turnover_ratio": 0.38,
            "account_receivable_turnover_ratio": 0.82,
            "reinvestment_rate": null,
            "research_to_sale_ratio": 5.94,
            "price_fair": 0,
            "eps_avg_yearly": 0,
            "eps_latest_yearly": 0,
            "eps_growth_yearly": 0
        },
        "20203": {
            "year_quarter": 20203,
            "year": 2020,
            "quarter": 3,
            "eps": -0.03,
            "eps_growth_year": null,
            "eps_4q": -0.57,
            "eps_4q_growth_year": null,
            "roe": -0.35,
            "roe_4q": -6.1,
            "gross_profit": 10584,
            "gross_margin": 28.98,
            "gross_margin_4q_avg": 30.14,
            "net_income": -8534,
            "revenue": 36518,
            "common_shares": 2600391,
            "book_valuer_per_share": 9.61,
            "book_valuer_per_share_4q_avg": 9.34,
            "equity": 2500196,
            "current_ratio": 34.88,
            "debt_ratio": 62.06,
            "inventory_turnover_ratio": 0.34,
            "account_receivable_turnover_ratio": 0.74,
            "reinvestment_rate": null,
            "research_to_sale_ratio": 7.35,
            "price_fair": 0,
            "eps_avg_yearly": 0,
            "eps_latest_yearly": 0,
            "eps_growth_yearly": 0
        },
        "20204": {
            "year_quarter": 20204,
            "year": 2020,
            "quarter": 4,
            "eps": -0.14,
            "eps_growth_year": null,
            "eps_4q": -0.52,
            "eps_4q_growth_year": null,
            "roe": -1.21,
            "roe_4q": -5.38,
            "gross_profit": 19879,
            "gross_margin": 45.97,
            "gross_margin_4q_avg": 33.17,
            "net_income": -35869,
            "revenue": 43241,
            "common_shares": 2600391,
            "book_valuer_per_share": 13.12,
            "book_valuer_per_share_4q_avg": 10.2,
            "equity": 3412685,
            "current_ratio": 71.8,
            "debt_ratio": 54.63,
            "inventory_turnover_ratio": 0.31,
            "account_receivable_turnover_ratio": 0.87,
            "reinvestment_rate": null,
            "research_to_sale_ratio": 3.68,
            "price_fair": 0,
            "eps_avg_yearly": 0,
            "eps_latest_yearly": 0,
            "eps_growth_yearly": 0
        },
        "20211": {
            "year_quarter": 20211,
            "year": 2021,
            "quarter": 1,
            "eps": 0.38,
            "eps_growth_year": null,
            "eps_4q": 0.04,
            "eps_4q_growth_year": null,
            "roe": 2.8,
            "roe_4q": -0.6200000000000003,
            "gross_profit": 75813,
            "gross_margin": 57.94,
            "gross_margin_4q_avg": 41.08,
            "net_income": 97871,
            "revenue": 130845,
            "common_shares": 2600391,
            "book_valuer_per_share": 13.76,
            "book_valuer_per_share_4q_avg": 11.4,
            "equity": 3578131,
            "current_ratio": 78.54,
            "debt_ratio": 53.58,
            "inventory_turnover_ratio": 0.99,
            "account_receivable_turnover_ratio": 2.64,
            "reinvestment_rate": null,
            "research_to_sale_ratio": 1.45,
            "price_fair": 0,
            "eps_avg_yearly": 0,
            "eps_latest_yearly": 0,
            "eps_growth_yearly": 0
        },
        "20212": {
            "year_quarter": 20212,
            "year": 2021,
            "quarter": 2,
            "eps": 0.04,
            "eps_growth_year": null,
            "eps_4q": 0.24,
            "eps_4q_growth_year": null,
            "roe": 0.13,
            "roe_4q": 1.3699999999999997,
            "gross_profit": 58412,
            "gross_margin": 58.65,
            "gross_margin_4q_avg": 47.89,
            "net_income": 10088,
            "revenue": 99594,
            "common_shares": 2600391,
            "book_valuer_per_share": 44.41,
            "book_valuer_per_share_4q_avg": 20.23,
            "equity": 11549198,
            "current_ratio": 416.03,
            "debt_ratio": 25.54,
            "inventory_turnover_ratio": 1.41,
            "account_receivable_turnover_ratio": 2,
            "reinvestment_rate": null,
            "research_to_sale_ratio": 1.94,
            "price_fair": 0.48,
            "eps_avg_yearly": 0.16,
            "eps_latest_yearly": 0.16,
            "eps_growth_yearly": -357.89
        },
        "20213": {
            "year_quarter": 20213,
            "year": 2021,
            "quarter": 3,
            "eps": 0.02,
            "eps_growth_year": null,
            "eps_4q": 0.29,
            "eps_4q_growth_year": null,
            "roe": 0.04,
            "roe_4q": 1.7599999999999998,
            "gross_profit": 21494,
            "gross_margin": 43.6,
            "gross_margin_4q_avg": 51.54,
            "net_income": 4213,
            "revenue": 49293,
            "common_shares": 2600391,
            "book_valuer_per_share": 30.91,
            "book_valuer_per_share_4q_avg": 25.55,
            "equity": 8036972,
            "current_ratio": 265.83,
            "debt_ratio": 33.06,
            "inventory_turnover_ratio": 1.3,
            "account_receivable_turnover_ratio": 0.95,
            "reinvestment_rate": null,
            "research_to_sale_ratio": 2.35,
            "price_fair": 0.36,
            "eps_avg_yearly": 0.12,
            "eps_latest_yearly": 0.08,
            "eps_growth_yearly": -278.95
        },
        "20214": {
            "year_quarter": 20214,
            "year": 2021,
            "quarter": 4,
            "eps": -0.11,
            "eps_growth_year": null,
            "eps_4q": 0.32,
            "eps_4q_growth_year": null,
            "roe": -0.34,
            "roe_4q": 2.63,
            "gross_profit": 20782,
            "gross_margin": 44.89,
            "gross_margin_4q_avg": 51.27,
            "net_income": -27923,
            "revenue": 46292,
            "common_shares": 2600391,
            "book_valuer_per_share": 32.52,
            "book_valuer_per_share_4q_avg": 30.4,
            "equity": 8457117,
            "current_ratio": 283.12,
            "debt_ratio": 31.99,
            "inventory_turnover_ratio": 1.27,
            "account_receivable_turnover_ratio": 0.89,
            "reinvestment_rate": null,
            "research_to_sale_ratio": 2.34,
            "price_fair": 0.36,
            "eps_avg_yearly": 0.12,
            "eps_latest_yearly": 0.08,
            "eps_growth_yearly": -278.95
        },
        "20221": {
            "year_quarter": 20221,
            "year": 2022,
            "quarter": 1,
            "eps": -0.11,
            "eps_growth_year": -128.95,
            "eps_4q": -0.16,
            "eps_4q_growth_year": -521.38,
            "roe": -0.35,
            "roe_4q": -0.5199999999999999,
            "gross_profit": 23141,
            "gross_margin": 49.33,
            "gross_margin_4q_avg": 49.12,
            "net_income": -27547,
            "revenue": 46910,
            "common_shares": 2600391,
            "book_valuer_per_share": 27.36,
            "book_valuer_per_share_4q_avg": 33.8,
            "equity": 7114169,
            "current_ratio": 222.69,
            "debt_ratio": 36.13,
            "inventory_turnover_ratio": 1.33,
            "account_receivable_turnover_ratio": 0.91,
            "reinvestment_rate": null,
            "research_to_sale_ratio": 3.04,
            "price_fair": 0.36,
            "eps_avg_yearly": 0.12,
            "eps_latest_yearly": 0.08,
            "eps_growth_yearly": -278.95
        },
        "20222": {
            "year_quarter": 20222,
            "year": 2022,
            "quarter": 2,
            "eps": -0.13,
            "eps_growth_year": -425,
            "eps_4q": -0.33,
            "eps_4q_growth_year": -234.03,
            "roe": -0.53,
            "roe_4q": -1.18,
            "gross_profit": 16551,
            "gross_margin": 42.85,
            "gross_margin_4q_avg": 45.17,
            "net_income": -33928,
            "revenue": 38625,
            "common_shares": 2600391,
            "book_valuer_per_share": 22.21,
            "book_valuer_per_share_4q_avg": 28.25,
            "equity": 5775294,
            "current_ratio": 163.83,
            "debt_ratio": 41.75,
            "inventory_turnover_ratio": 1.37,
            "account_receivable_turnover_ratio": 0.74,
            "reinvestment_rate": null,
            "research_to_sale_ratio": 2.75,
            "price_fair": 0.36,
            "eps_avg_yearly": 0.12,
            "eps_latest_yearly": 0.08,
            "eps_growth_yearly": -278.95
        },
        "20223": {
            "year_quarter": 20223,
            "year": 2022,
            "quarter": 3,
            "eps": 1.2,
            "eps_growth_year": 5900,
            "eps_4q": 0.85,
            "eps_4q_growth_year": 191.1,
            "roe": 5.95,
            "roe_4q": 4.73,
            "gross_profit": 25695,
            "gross_margin": 64.56,
            "gross_margin_4q_avg": 50.41,
            "net_income": 311514,
            "revenue": 39799,
            "common_shares": 2600391,
            "book_valuer_per_share": 18.06,
            "book_valuer_per_share_4q_avg": 25.04,
            "equity": 4695664,
            "current_ratio": 121.37,
            "debt_ratio": 45.29,
            "inventory_turnover_ratio": 0.94,
            "account_receivable_turnover_ratio": 0.77,
            "reinvestment_rate": null,
            "research_to_sale_ratio": 2.54,
            "price_fair": 0.36,
            "eps_avg_yearly": 0.12,
            "eps_latest_yearly": 0.08,
            "eps_growth_yearly": -278.95
        },
        "20224": {
            "year_quarter": 20224,
            "year": 2022,
            "quarter": 4,
            "eps": -0.15,
            "eps_growth_year": null,
            "eps_4q": 0.81,
            "eps_4q_growth_year": 151.37,
            "roe": -0.78,
            "roe_4q": 4.29,
            "gross_profit": 10758,
            "gross_margin": 27.08,
            "gross_margin_4q_avg": 45.96,
            "net_income": -38259,
            "revenue": 39724,
            "common_shares": 2600391,
            "book_valuer_per_share": 19.86,
            "book_valuer_per_share_4q_avg": 21.87,
            "equity": 5164174,
            "current_ratio": 137.82,
            "debt_ratio": 44.46,
            "inventory_turnover_ratio": 2.02,
            "account_receivable_turnover_ratio": 0.76,
            "reinvestment_rate": null,
            "research_to_sale_ratio": 2.59,
            "price_fair": 0.36,
            "eps_avg_yearly": 0.12,
            "eps_latest_yearly": 0.08,
            "eps_growth_yearly": -278.95
        },
        "20231": {
            "year_quarter": 20231,
            "year": 2023,
            "quarter": 1,
            "eps": -0.14,
            "eps_growth_year": null,
            "eps_4q": 0.78,
            "eps_4q_growth_year": null,
            "roe": -0.75,
            "roe_4q": 3.8899999999999997,
            "gross_profit": 19219,
            "gross_margin": 43.89,
            "gross_margin_4q_avg": 44.6,
            "net_income": -36722,
            "revenue": 43786,
            "common_shares": 2600391,
            "book_valuer_per_share": 18.03,
            "book_valuer_per_share_4q_avg": 19.54,
            "equity": 4688583,
            "current_ratio": 117.04,
            "debt_ratio": 47.16,
            "inventory_turnover_ratio": 1.58,
            "account_receivable_turnover_ratio": 0.81,
            "reinvestment_rate": null,
            "research_to_sale_ratio": 2.7,
            "price_fair": 0.36,
            "eps_avg_yearly": 0.12,
            "eps_latest_yearly": 0.08,
            "eps_growth_yearly": -278.95
        }
    },
    "months": {
        "2001-06": {
            "month": "2001-06",
            "price": "29.70",
            "revenue": 153059
        },
        "2001-07": {
            "month": "2001-07",
            "price": "24.65",
            "revenue": 160312
        },
        "2001-08": {
            "month": "2001-08",
            "price": "26.43",
            "revenue": 160290
        },
        "2001-09": {
            "month": "2001-09",
            "price": "25.34",
            "revenue": 143012
        },
        "2001-10": {
            "month": "2001-10",
            "price": "23.81",
            "revenue": 151721
        },
        "2001-11": {
            "month": "2001-11",
            "price": "23.94",
            "revenue": 173866
        },
        "2001-12": {
            "month": "2001-12",
            "price": "27.99",
            "revenue": 180203
        },
        "2002-01": {
            "month": "2002-01",
            "price": "29.45",
            "revenue": 196112
        },
        "2002-02": {
            "month": "2002-02",
            "price": "28.40",
            "revenue": 124362
        },
        "2002-03": {
            "month": "2002-03",
            "price": "28.93",
            "revenue": 201058
        },
        "2002-04": {
            "month": "2002-04",
            "price": "32.00",
            "revenue": 205764
        },
        "2002-05": {
            "month": "2002-05",
            "price": "28.59",
            "revenue": 210773
        },
        "2002-06": {
            "month": "2002-06",
            "price": "28.38",
            "revenue": 192719
        },
        "2002-07": {
            "month": "2002-07",
            "price": "26.88",
            "revenue": 200112
        },
        "2002-08": {
            "month": "2002-08",
            "price": "25.92",
            "revenue": 150856
        },
        "2002-09": {
            "month": "2002-09",
            "price": "23.80",
            "revenue": 169231
        },
        "2002-10": {
            "month": "2002-10",
            "price": "23.17",
            "revenue": 174744
        },
        "2002-11": {
            "month": "2002-11",
            "price": "24.74",
            "revenue": 176666
        },
        "2002-12": {
            "month": "2002-12",
            "price": "24.85",
            "revenue": 195454
        },
        "2003-01": {
            "month": "2003-01",
            "price": "27.92",
            "revenue": 170392
        },
        "2003-02": {
            "month": "2003-02",
            "price": "25.20",
            "revenue": 151685
        },
        "2003-03": {
            "month": "2003-03",
            "price": "23.36",
            "revenue": 203291
        },
        "2003-04": {
            "month": "2003-04",
            "price": "22.76",
            "revenue": 170593
        },
        "2003-05": {
            "month": "2003-05",
            "price": "19.72",
            "revenue": 183500
        },
        "2003-06": {
            "month": "2003-06",
            "price": "21.30",
            "revenue": 153521
        },
        "2003-07": {
            "month": "2003-07",
            "price": "23.36",
            "revenue": 170186
        },
        "2003-08": {
            "month": "2003-08",
            "price": "23.10",
            "revenue": 171047
        },
        "2003-09": {
            "month": "2003-09",
            "price": "26.01",
            "revenue": 154954
        },
        "2003-10": {
            "month": "2003-10",
            "price": "27.40",
            "revenue": 204625
        },
        "2003-11": {
            "month": "2003-11",
            "price": "26.07",
            "revenue": 178550
        },
        "2003-12": {
            "month": "2003-12",
            "price": "25.25",
            "revenue": 194359
        },
        "2004-01": {
            "month": "2004-01",
            "price": "27.87",
            "revenue": 141411
        },
        "2004-02": {
            "month": "2004-02",
            "price": "32.12",
            "revenue": 172322
        },
        "2004-03": {
            "month": "2004-03",
            "price": "29.49",
            "revenue": 175881
        },
        "2004-04": {
            "month": "2004-04",
            "price": "26.03",
            "revenue": 185456
        },
        "2004-05": {
            "month": "2004-05",
            "price": "22.61",
            "revenue": 179149
        },
        "2004-06": {
            "month": "2004-06",
            "price": "22.60",
            "revenue": 183003
        },
        "2004-07": {
            "month": "2004-07",
            "price": "21.70",
            "revenue": 172765
        },
        "2004-08": {
            "month": "2004-08",
            "price": "20.41",
            "revenue": 132889
        },
        "2004-09": {
            "month": "2004-09",
            "price": "22.40",
            "revenue": 146583
        },
        "2004-10": {
            "month": "2004-10",
            "price": "22.90",
            "revenue": 139285
        },
        "2004-11": {
            "month": "2004-11",
            "price": "22.51",
            "revenue": 177929
        },
        "2004-12": {
            "month": "2004-12",
            "price": "23.17",
            "revenue": 166821
        },
        "2005-01": {
            "month": "2005-01",
            "price": "25.56",
            "revenue": 152341
        },
        "2005-02": {
            "month": "2005-02",
            "price": "25.10",
            "revenue": 88838
        },
        "2005-03": {
            "month": "2005-03",
            "price": "26.00",
            "revenue": 174350
        },
        "2005-04": {
            "month": "2005-04",
            "price": "23.93",
            "revenue": 141224
        },
        "2005-05": {
            "month": "2005-05",
            "price": "22.16",
            "revenue": 141202
        },
        "2005-06": {
            "month": "2005-06",
            "price": "25.64",
            "revenue": 117462
        },
        "2005-07": {
            "month": "2005-07",
            "price": "26.45",
            "revenue": 85317
        },
        "2005-08": {
            "month": "2005-08",
            "price": "25.30",
            "revenue": 108857
        },
        "2005-09": {
            "month": "2005-09",
            "price": "23.21",
            "revenue": 93517
        },
        "2005-10": {
            "month": "2005-10",
            "price": "22.14",
            "revenue": 99296
        },
        "2005-11": {
            "month": "2005-11",
            "price": "21.92",
            "revenue": 92450
        },
        "2005-12": {
            "month": "2005-12",
            "price": "22.90",
            "revenue": 117433
        },
        "2006-01": {
            "month": "2006-01",
            "price": "23.01",
            "revenue": 81828
        },
        "2006-02": {
            "month": "2006-02",
            "price": "22.56",
            "revenue": 102841
        },
        "2006-03": {
            "month": "2006-03",
            "price": "22.03",
            "revenue": 142070
        },
        "2006-04": {
            "month": "2006-04",
            "price": "26.74",
            "revenue": 120922
        },
        "2006-05": {
            "month": "2006-05",
            "price": "45.90",
            "revenue": 148005
        },
        "2006-06": {
            "month": "2006-06",
            "price": "40.83",
            "revenue": 92741
        },
        "2006-07": {
            "month": "2006-07",
            "price": "43.05",
            "revenue": 106150
        },
        "2006-08": {
            "month": "2006-08",
            "price": "38.32",
            "revenue": 110410
        },
        "2006-09": {
            "month": "2006-09",
            "price": "38.67",
            "revenue": 114638
        },
        "2006-10": {
            "month": "2006-10",
            "price": "42.45",
            "revenue": 96974
        },
        "2006-11": {
            "month": "2006-11",
            "price": "44.28",
            "revenue": 101910
        },
        "2006-12": {
            "month": "2006-12",
            "price": "52.97",
            "revenue": 121784
        },
        "2007-01": {
            "month": "2007-01",
            "price": "50.37",
            "revenue": 101673
        },
        "2007-02": {
            "month": "2007-02",
            "price": "49.64",
            "revenue": 58708
        },
        "2007-03": {
            "month": "2007-03",
            "price": "47.58",
            "revenue": 141330
        },
        "2007-04": {
            "month": "2007-04",
            "price": "49.16",
            "revenue": 131705
        },
        "2007-05": {
            "month": "2007-05",
            "price": "47.52",
            "revenue": 165013
        },
        "2007-06": {
            "month": "2007-06",
            "price": "47.12",
            "revenue": 152012
        },
        "2007-07": {
            "month": "2007-07",
            "price": "52.41",
            "revenue": 183685
        },
        "2007-08": {
            "month": "2007-08",
            "price": "41.98",
            "revenue": 164585
        },
        "2007-09": {
            "month": "2007-09",
            "price": "39.47",
            "revenue": 165200
        },
        "2007-10": {
            "month": "2007-10",
            "price": "40.40",
            "revenue": 160424
        },
        "2007-11": {
            "month": "2007-11",
            "price": "34.58",
            "revenue": 211554
        },
        "2007-12": {
            "month": "2007-12",
            "price": "30.84",
            "revenue": 139682
        },
        "2008-01": {
            "month": "2008-01",
            "price": "37.12",
            "revenue": 171449
        },
        "2008-02": {
            "month": "2008-02",
            "price": "46.47",
            "revenue": 154600
        },
        "2008-03": {
            "month": "2008-03",
            "price": "47.20",
            "revenue": 198825
        },
        "2008-04": {
            "month": "2008-04",
            "price": "49.04",
            "revenue": 202378
        },
        "2008-05": {
            "month": "2008-05",
            "price": "47.15",
            "revenue": 207391
        },
        "2008-06": {
            "month": "2008-06",
            "price": "37.88",
            "revenue": 179302
        },
        "2008-07": {
            "month": "2008-07",
            "price": "32.55",
            "revenue": 194945
        },
        "2008-08": {
            "month": "2008-08",
            "price": "30.48",
            "revenue": 190724
        },
        "2008-09": {
            "month": "2008-09",
            "price": "24.09",
            "revenue": 156569
        },
        "2008-10": {
            "month": "2008-10",
            "price": "18.66",
            "revenue": 202308
        },
        "2008-11": {
            "month": "2008-11",
            "price": "18.94",
            "revenue": 108294
        },
        "2008-12": {
            "month": "2008-12",
            "price": "19.43",
            "revenue": 83128
        },
        "2009-01": {
            "month": "2009-01",
            "price": "18.84",
            "revenue": 53323
        },
        "2009-02": {
            "month": "2009-02",
            "price": "19.35",
            "revenue": 91831
        },
        "2009-03": {
            "month": "2009-03",
            "price": "21.82",
            "revenue": 124772
        },
        "2009-04": {
            "month": "2009-04",
            "price": "30.56",
            "revenue": 109807
        },
        "2009-05": {
            "month": "2009-05",
            "price": "48.75",
            "revenue": 138103
        },
        "2009-06": {
            "month": "2009-06",
            "price": "78.53",
            "revenue": 134888
        },
        "2009-07": {
            "month": "2009-07",
            "price": "82.78",
            "revenue": 197396
        },
        "2009-08": {
            "month": "2009-08",
            "price": "71.08",
            "revenue": 141958
        },
        "2009-09": {
            "month": "2009-09",
            "price": "70.73",
            "revenue": 173405
        },
        "2009-10": {
            "month": "2009-10",
            "price": "73.22",
            "revenue": 183892
        },
        "2009-11": {
            "month": "2009-11",
            "price": "68.33",
            "revenue": 177837
        },
        "2009-12": {
            "month": "2009-12",
            "price": "77.67",
            "revenue": 196523
        },
        "2010-01": {
            "month": "2010-01",
            "price": "77.22",
            "revenue": 184798
        },
        "2010-02": {
            "month": "2010-02",
            "price": "66.21",
            "revenue": 123689
        },
        "2010-03": {
            "month": "2010-03",
            "price": "71.98",
            "revenue": 176822
        },
        "2010-04": {
            "month": "2010-04",
            "price": "74.92",
            "revenue": 204994
        },
        "2010-05": {
            "month": "2010-05",
            "price": "66.50",
            "revenue": 119613
        },
        "2010-06": {
            "month": "2010-06",
            "price": "63.62",
            "revenue": 194839
        },
        "2010-07": {
            "month": "2010-07",
            "price": "63.29",
            "revenue": 190958
        },
        "2010-08": {
            "month": "2010-08",
            "price": "68.51",
            "revenue": 187915
        },
        "2010-09": {
            "month": "2010-09",
            "price": "68.64",
            "revenue": 183814
        },
        "2010-10": {
            "month": "2010-10",
            "price": "73.37",
            "revenue": 207489
        },
        "2010-11": {
            "month": "2010-11",
            "price": "73.47",
            "revenue": 192867
        },
        "2010-12": {
            "month": "2010-12",
            "price": "74.87",
            "revenue": 213937
        },
        "2011-01": {
            "month": "2011-01",
            "price": "72.50",
            "revenue": 159621
        },
        "2011-02": {
            "month": "2011-02",
            "price": "65.12",
            "revenue": 163142
        },
        "2011-03": {
            "month": "2011-03",
            "price": "59.38",
            "revenue": 201879
        },
        "2011-04": {
            "month": "2011-04",
            "price": "60.29",
            "revenue": 238425
        },
        "2011-05": {
            "month": "2011-05",
            "price": "60.06",
            "revenue": 212393
        },
        "2011-06": {
            "month": "2011-06",
            "price": "57.18",
            "revenue": 220399
        },
        "2011-07": {
            "month": "2011-07",
            "price": "61.42",
            "revenue": 191185
        },
        "2011-08": {
            "month": "2011-08",
            "price": "55.62",
            "revenue": 225866
        },
        "2011-09": {
            "month": "2011-09",
            "price": "50.84",
            "revenue": 189224
        },
        "2011-10": {
            "month": "2011-10",
            "price": "49.10",
            "revenue": 219079
        },
        "2011-11": {
            "month": "2011-11",
            "price": "47.62",
            "revenue": 177097
        },
        "2011-12": {
            "month": "2011-12",
            "price": "41.80",
            "revenue": 195735
        },
        "2012-01": {
            "month": "2012-01",
            "price": "41.15",
            "revenue": 91404
        },
        "2012-02": {
            "month": "2012-02",
            "price": "48.30",
            "revenue": 178928
        },
        "2012-03": {
            "month": "2012-03",
            "price": "50.79",
            "revenue": 190285
        },
        "2012-04": {
            "month": "2012-04",
            "price": "44.44",
            "revenue": 176193
        },
        "2012-05": {
            "month": "2012-05",
            "price": "40.08",
            "revenue": 226881
        },
        "2012-06": {
            "month": "2012-06",
            "price": "39.76",
            "revenue": 191674
        },
        "2012-07": {
            "month": "2012-07",
            "price": "40.08",
            "revenue": 197920
        },
        "2012-08": {
            "month": "2012-08",
            "price": "43.56",
            "revenue": 170699
        },
        "2012-09": {
            "month": "2012-09",
            "price": "53.98",
            "revenue": 161774
        },
        "2012-10": {
            "month": "2012-10",
            "price": "50.10",
            "revenue": 164704
        },
        "2012-11": {
            "month": "2012-11",
            "price": "46.74",
            "revenue": 203139
        },
        "2012-12": {
            "month": "2012-12",
            "price": "47.45",
            "revenue": 170814
        },
        "2013-01": {
            "month": "2013-01",
            "price": "48.85",
            "revenue": 160580
        },
        "2013-02": {
            "month": "2013-02",
            "price": "47.93",
            "revenue": 141969
        },
        "2013-03": {
            "month": "2013-03",
            "price": "47.42",
            "revenue": 212116
        },
        "2013-04": {
            "month": "2013-04",
            "price": "44.50",
            "revenue": 164812
        },
        "2013-05": {
            "month": "2013-05",
            "price": "45.79",
            "revenue": 235528
        },
        "2013-06": {
            "month": "2013-06",
            "price": "45.07",
            "revenue": 166897
        },
        "2013-07": {
            "month": "2013-07",
            "price": "44.57",
            "revenue": 172109
        },
        "2013-08": {
            "month": "2013-08",
            "price": "44.09",
            "revenue": 170889
        },
        "2013-09": {
            "month": "2013-09",
            "price": "44.88",
            "revenue": 145125
        },
        "2013-10": {
            "month": "2013-10",
            "price": "47.21",
            "revenue": 151688
        },
        "2013-11": {
            "month": "2013-11",
            "price": "45.80",
            "revenue": 160892
        },
        "2013-12": {
            "month": "2013-12",
            "price": "45.56",
            "revenue": 129963
        },
        "2014-01": {
            "month": "2014-01",
            "price": "47.38",
            "revenue": 88022
        },
        "2014-02": {
            "month": "2014-02",
            "price": "46.59",
            "revenue": 122477
        },
        "2014-03": {
            "month": "2014-03",
            "price": "45.89",
            "revenue": 153881
        },
        "2014-04": {
            "month": "2014-04",
            "price": "44.32",
            "revenue": 157017
        },
        "2014-05": {
            "month": "2014-05",
            "price": "42.35",
            "revenue": 188278
        },
        "2014-06": {
            "month": "2014-06",
            "price": "41.66",
            "revenue": 125401
        },
        "2014-07": {
            "month": "2014-07",
            "price": "44.38",
            "revenue": 153990
        },
        "2014-08": {
            "month": "2014-08",
            "price": "44.29",
            "revenue": 131579
        },
        "2014-09": {
            "month": "2014-09",
            "price": "43.06",
            "revenue": 130184
        },
        "2014-10": {
            "month": "2014-10",
            "price": "39.53",
            "revenue": 130923
        },
        "2014-11": {
            "month": "2014-11",
            "price": "37.32",
            "revenue": 106450
        },
        "2014-12": {
            "month": "2014-12",
            "price": "38.32",
            "revenue": 37985
        },
        "2015-01": {
            "month": "2015-01",
            "price": "37.54",
            "revenue": 33323
        },
        "2015-02": {
            "month": "2015-02",
            "price": "37.34",
            "revenue": 18372
        },
        "2015-03": {
            "month": "2015-03",
            "price": "37.31",
            "revenue": 31371
        },
        "2015-04": {
            "month": "2015-04",
            "price": "37.29",
            "revenue": 28191
        },
        "2015-05": {
            "month": "2015-05",
            "price": "38.03",
            "revenue": 21869
        },
        "2015-06": {
            "month": "2015-06",
            "price": "35.23",
            "revenue": 16054
        },
        "2015-07": {
            "month": "2015-07",
            "price": "32.33",
            "revenue": 15393
        },
        "2015-08": {
            "month": "2015-08",
            "price": "28.47",
            "revenue": 10343
        },
        "2015-09": {
            "month": "2015-09",
            "price": "29.01",
            "revenue": 10907
        },
        "2015-10": {
            "month": "2015-10",
            "price": "30.60",
            "revenue": 7822
        },
        "2015-11": {
            "month": "2015-11",
            "price": "30.08",
            "revenue": 6075
        },
        "2015-12": {
            "month": "2015-12",
            "price": "30.17",
            "revenue": 6615
        },
        "2016-01": {
            "month": "2016-01",
            "price": "29.09",
            "revenue": 5857
        },
        "2016-02": {
            "month": "2016-02",
            "price": "29.30",
            "revenue": 4930
        },
        "2016-03": {
            "month": "2016-03",
            "price": "31.74",
            "revenue": 5829
        },
        "2016-04": {
            "month": "2016-04",
            "price": "31.74",
            "revenue": 5152
        },
        "2016-05": {
            "month": "2016-05",
            "price": "31.56",
            "revenue": 6423
        },
        "2016-06": {
            "month": "2016-06",
            "price": "32.93",
            "revenue": 5951
        },
        "2016-07": {
            "month": "2016-07",
            "price": "32.24",
            "revenue": 5392
        },
        "2016-08": {
            "month": "2016-08",
            "price": "32.25",
            "revenue": 5703
        },
        "2016-09": {
            "month": "2016-09",
            "price": "31.54",
            "revenue": 5634
        },
        "2016-10": {
            "month": "2016-10",
            "price": "30.57",
            "revenue": 5902
        },
        "2016-11": {
            "month": "2016-11",
            "price": "29.95",
            "revenue": 6145
        },
        "2016-12": {
            "month": "2016-12",
            "price": "32.19",
            "revenue": 6856
        },
        "2017-01": {
            "month": "2017-01",
            "price": "32.45",
            "revenue": 6400
        },
        "2017-02": {
            "month": "2017-02",
            "price": "35.48",
            "revenue": 6866
        },
        "2017-03": {
            "month": "2017-03",
            "price": "36.02",
            "revenue": 10316
        },
        "2017-04": {
            "month": "2017-04",
            "price": "33.96",
            "revenue": 9641
        },
        "2017-05": {
            "month": "2017-05",
            "price": "32.15",
            "revenue": 7732
        },
        "2017-06": {
            "month": "2017-06",
            "price": "31.92",
            "revenue": 12014
        },
        "2017-07": {
            "month": "2017-07",
            "price": "31.70",
            "revenue": 39737
        },
        "2017-08": {
            "month": "2017-08",
            "price": "32.04",
            "revenue": 46559
        },
        "2017-09": {
            "month": "2017-09",
            "price": "32.45",
            "revenue": 10593
        },
        "2017-10": {
            "month": "2017-10",
            "price": "32.06",
            "revenue": 11139
        },
        "2017-11": {
            "month": "2017-11",
            "price": "31.70",
            "revenue": 12728
        },
        "2017-12": {
            "month": "2017-12",
            "price": "31.95",
            "revenue": 12806
        },
        "2018-01": {
            "month": "2018-01",
            "price": "34.32",
            "revenue": 41767
        },
        "2018-02": {
            "month": "2018-02",
            "price": "34.79",
            "revenue": 10920
        },
        "2018-03": {
            "month": "2018-03",
            "price": "35.44",
            "revenue": 17901
        },
        "2018-04": {
            "month": "2018-04",
            "price": "33.89",
            "revenue": 14503
        },
        "2018-05": {
            "month": "2018-05",
            "price": "32.56",
            "revenue": 11698
        },
        "2018-06": {
            "month": "2018-06",
            "price": "32.38",
            "revenue": 12876
        },
        "2018-07": {
            "month": "2018-07",
            "price": "32.18",
            "revenue": 12911
        },
        "2018-08": {
            "month": "2018-08",
            "price": "31.75",
            "revenue": 12023
        },
        "2018-09": {
            "month": "2018-09",
            "price": "31.89",
            "revenue": 11028
        },
        "2018-10": {
            "month": "2018-10",
            "price": "30.80",
            "revenue": 12725
        },
        "2018-11": {
            "month": "2018-11",
            "price": "30.06",
            "revenue": 13319
        },
        "2018-12": {
            "month": "2018-12",
            "price": "29.90",
            "revenue": 46060
        },
        "2019-01": {
            "month": "2019-01",
            "price": "30.20",
            "revenue": 22374
        },
        "2019-02": {
            "month": "2019-02",
            "price": "31.13",
            "revenue": 11663
        },
        "2019-03": {
            "month": "2019-03",
            "price": "32.90",
            "revenue": 11997
        },
        "2019-04": {
            "month": "2019-04",
            "price": "34.50",
            "revenue": 16023
        },
        "2019-05": {
            "month": "2019-05",
            "price": "32.06",
            "revenue": 14404
        },
        "2019-06": {
            "month": "2019-06",
            "price": "31.10",
            "revenue": 11786
        },
        "2019-07": {
            "month": "2019-07",
            "price": "31.72",
            "revenue": 16289
        },
        "2019-08": {
            "month": "2019-08",
            "price": "31.64",
            "revenue": 12365
        },
        "2019-09": {
            "month": "2019-09",
            "price": "32.17",
            "revenue": 12995
        },
        "2019-10": {
            "month": "2019-10",
            "price": "32.95",
            "revenue": 12799
        },
        "2019-11": {
            "month": "2019-11",
            "price": "32.87",
            "revenue": 15145
        },
        "2019-12": {
            "month": "2019-12",
            "price": "32.57",
            "revenue": 15615
        },
        "2020-01": {
            "month": "2020-01",
            "price": "33.44",
            "revenue": 11925
        },
        "2020-02": {
            "month": "2020-02",
            "price": "31.49",
            "revenue": 13699
        },
        "2020-03": {
            "month": "2020-03",
            "price": "30.07",
            "revenue": 13332
        },
        "2020-04": {
            "month": "2020-04",
            "price": "34.69",
            "revenue": 15346
        },
        "2020-05": {
            "month": "2020-05",
            "price": "42.39",
            "revenue": 13566
        },
        "2020-06": {
            "month": "2020-06",
            "price": "51.80",
            "revenue": 12104
        },
        "2020-07": {
            "month": "2020-07",
            "price": "76.26",
            "revenue": 11790
        },
        "2020-08": {
            "month": "2020-08",
            "price": "72.75",
            "revenue": 11260
        },
        "2020-09": {
            "month": "2020-09",
            "price": "63.29",
            "revenue": 13217
        },
        "2020-10": {
            "month": "2020-10",
            "price": "64.42",
            "revenue": 15160
        },
        "2020-11": {
            "month": "2020-11",
            "price": "67.20",
            "revenue": 14133
        },
        "2020-12": {
            "month": "2020-12",
            "price": "58.35",
            "revenue": 13938
        },
        "2021-01": {
            "month": "2021-01",
            "price": "53.52",
            "revenue": 17479
        },
        "2021-02": {
            "month": "2021-02",
            "price": "50.55",
            "revenue": 22919
        },
        "2021-03": {
            "month": "2021-03",
            "price": "53.38",
            "revenue": 90359
        },
        "2021-04": {
            "month": "2021-04",
            "price": "58.98",
            "revenue": 13658
        },
        "2021-05": {
            "month": "2021-05",
            "price": "52.44",
            "revenue": 72120
        },
        "2021-06": {
            "month": "2021-06",
            "price": "60.86",
            "revenue": 13814
        },
        "2021-07": {
            "month": "2021-07",
            "price": "61.70",
            "revenue": 15714
        },
        "2021-08": {
            "month": "2021-08",
            "price": "60.02",
            "revenue": 14799
        },
        "2021-09": {
            "month": "2021-09",
            "price": "68.59",
            "revenue": 18869
        },
        "2021-10": {
            "month": "2021-10",
            "price": "67.52",
            "revenue": 15242
        },
        "2021-11": {
            "month": "2021-11",
            "price": "71.49",
            "revenue": 15546
        },
        "2021-12": {
            "month": "2021-12",
            "price": "65.06",
            "revenue": 15505
        },
        "2022-01": {
            "month": "2022-01",
            "price": "64.00",
            "revenue": 16281
        },
        "2022-02": {
            "month": "2022-02",
            "price": "64.03",
            "revenue": 13914
        },
        "2022-03": {
            "month": "2022-03",
            "price": "61.38",
            "revenue": 16715
        },
        "2022-04": {
            "month": "2022-04",
            "price": "58.49",
            "revenue": 11582
        },
        "2022-05": {
            "month": "2022-05",
            "price": "56.85",
            "revenue": 12188
        },
        "2022-06": {
            "month": "2022-06",
            "price": "57.99",
            "revenue": 14855
        },
        "2022-07": {
            "month": "2022-07",
            "price": "56.38",
            "revenue": 12111
        },
        "2022-08": {
            "month": "2022-08",
            "price": "56.37",
            "revenue": 14708
        },
        "2022-09": {
            "month": "2022-09",
            "price": "55.43",
            "revenue": 12980
        },
        "2022-10": {
            "month": "2022-10",
            "price": "50.03",
            "revenue": 12310
        },
        "2022-11": {
            "month": "2022-11",
            "price": "49.86",
            "revenue": 14111
        },
        "2022-12": {
            "month": "2022-12",
            "price": "50.30",
            "revenue": 13303
        },
        "2023-01": {
            "month": "2023-01",
            "price": "49.14",
            "revenue": 12791
        },
        "2023-02": {
            "month": "2023-02",
            "price": "49.06",
            "revenue": 13018
        },
        "2023-03": {
            "month": "2023-03",
            "price": "46.14",
            "revenue": 17973
        },
        "2023-04": {
            "month": "2023-04",
            "price": "43.69",
            "revenue": 16820
        },
        "2023-05": {
            "month": "2023-05",
            "price": "43.84",
            "revenue": 12369
        }
    }
}
