{
    "summary": {
        "stock_name": "正隆",
        "stock_id": "1904",
        "category": "造紙",
        "main_business": "紙類之製銷及買賣<br>紙器及紙類加工品之製銷<br>委託營造商興建國民住宅及商業大樓出售,出租",
        "website_url": "http://www.clc.com.tw",
        "ceo": "張清標",
        "pe_ratio": 17,
        "report_year_from": 2001,
        "report_year_to": 2023,
        "age": 22,
        "eps_negative_percentage": 0,
        "eps_growth_avg": {
            "last_all": 14.09,
            "last_2y": 10.2,
            "last_4y": 18.49,
            "last_8y": 14.21,
            "last_12y": 11.6,
            "last_16y": 13.98,
            "last_20y": 14.09,
            "at_2006_last_3y": 12.53,
            "at_2007_last_3y": -2.53,
            "at_2008_last_3y": -19.8,
            "at_2009_last_3y": 21.71,
            "at_2010_last_3y": 8.05,
            "at_2011_last_3y": 2.57,
            "at_2012_last_3y": 29.08,
            "at_2013_last_3y": 5.75,
            "at_2014_last_3y": -12.95,
            "at_2015_last_3y": 10.67,
            "at_2016_last_3y": 7.74,
            "at_2017_last_3y": 8.85,
            "at_2018_last_3y": 43.23,
            "at_2019_last_3y": 20.83,
            "at_2020_last_3y": 33.43,
            "at_2021_last_3y": 32.21,
            "at_2022_last_3y": -1.89,
            "at_2023_last_3y": -1.89,
            "at_2006_last_all": 30.02,
            "at_2007_last_all": 21.5,
            "at_2008_last_all": 6.44,
            "at_2009_last_all": 18.13,
            "at_2010_last_all": 20.26,
            "at_2011_last_all": 13.93,
            "at_2012_last_all": 14.67,
            "at_2013_last_all": 14,
            "at_2014_last_all": 10.04,
            "at_2015_last_all": 13,
            "at_2016_last_all": 12.82,
            "at_2017_last_all": 12.72,
            "at_2018_last_all": 17.85,
            "at_2019_last_all": 14.74,
            "at_2020_last_all": 17.16,
            "at_2021_last_all": 16.62,
            "at_2022_last_all": 14.09,
            "at_2023_last_all": 14.09
        },
        "latest_eps": 1.92,
        "latest_price": 33.3,
        "latest_roe": 8.25,
        "latest_gross_margin": 17.42,
        "latest_equity": 28635849,
        "latest_revenue": 10181373,
        "latest_gross_profit": 1773490,
        "latest_net_income": 348744,
        "latest_debt_ratio": 58.28,
        "latest_current_ratio": 136.42,
        "latest_account_receivable_turnover_ratio": 1.6,
        "latest_inventory_turnover_ratio": 0.95,
        "latest_reinvestment_rate": 75.28,
        "latest_research_to_sale_ratio": 0.31
    },
    "eps_dividends": {
        "1990": {
            "cash": 0,
            "stock": 1.9,
            "eps": 0
        },
        "1991": {
            "cash": 0,
            "stock": 0.5,
            "eps": 0
        },
        "1992": {
            "cash": 0,
            "stock": 0.8,
            "eps": 0
        },
        "1993": {
            "cash": 0,
            "stock": 0.2,
            "eps": 0
        },
        "1994": {
            "cash": 0,
            "stock": 0.9,
            "eps": 0
        },
        "1995": {
            "cash": 0,
            "stock": 2,
            "eps": 0
        },
        "1996": {
            "cash": 0,
            "stock": 1,
            "eps": 0
        },
        "1997": {
            "cash": 0,
            "stock": 0.5,
            "eps": 0
        },
        "1998": {
            "cash": 0,
            "stock": 0.5,
            "eps": 0
        },
        "2001": {
            "cash": 0.3,
            "stock": 0.4,
            "eps": 0.43
        },
        "2002": {
            "cash": 0,
            "stock": 0,
            "eps": 0.92
        },
        "2003": {
            "cash": 0.3,
            "stock": 0,
            "eps": 1.28
        },
        "2004": {
            "cash": 0.3,
            "stock": 0.3,
            "eps": 1.09
        },
        "2005": {
            "cash": 0.7,
            "stock": 0,
            "eps": 0.37
        },
        "2006": {
            "cash": 0.5,
            "stock": 0,
            "eps": 0.71
        },
        "2007": {
            "cash": 0.7,
            "stock": 0,
            "eps": 0.56
        },
        "2008": {
            "cash": 0.4,
            "stock": 0,
            "eps": 0.09
        },
        "2009": {
            "cash": 0,
            "stock": 0,
            "eps": 1.1
        },
        "2010": {
            "cash": 0.7,
            "stock": 0,
            "eps": 1.51
        },
        "2011": {
            "cash": 0.8999999999999999,
            "stock": 0.4,
            "eps": 0.86
        },
        "2012": {
            "cash": 0,
            "stock": 0,
            "eps": 1.05
        },
        "2013": {
            "cash": 0.6,
            "stock": 0,
            "eps": 1.12
        },
        "2014": {
            "cash": 0.6,
            "stock": 0,
            "eps": 0.7
        },
        "2015": {
            "cash": 0.35,
            "stock": 0,
            "eps": 1.06
        },
        "2016": {
            "cash": 0.6,
            "stock": 0,
            "eps": 1.17
        },
        "2017": {
            "cash": 0.5,
            "stock": 0,
            "eps": 1.3
        },
        "2018": {
            "cash": 0.7,
            "stock": 0,
            "eps": 3.38
        },
        "2019": {
            "cash": 1.1,
            "stock": 0,
            "eps": 2.09
        },
        "2020": {
            "cash": 1.2,
            "stock": 0,
            "eps": 3.36
        },
        "2021": {
            "cash": 1.8,
            "stock": 0,
            "eps": 3.57
        },
        "2022": {
            "cash": 1.9,
            "stock": 0,
            "eps": 2.27
        },
        "2023": {
            "cash": 1.1,
            "stock": 0,
            "eps": 0.31
        }
    },
    "dividends": {
        "1990-03-23": {
            "cash": 0,
            "stock": 1.9
        },
        "1991-03-18": {
            "cash": 0,
            "stock": 0.5
        },
        "1992-03-25": {
            "cash": 0,
            "stock": 0.8
        },
        "1993-03-26": {
            "cash": 0,
            "stock": 0.2
        },
        "1994-03-23": {
            "cash": 0,
            "stock": 0.9
        },
        "1995-04-01": {
            "cash": 0,
            "stock": 2
        },
        "1996-03-27": {
            "cash": 0,
            "stock": 1
        },
        "1997-04-30": {
            "cash": 0,
            "stock": 0.5
        },
        "1998-04-21": {
            "cash": 0,
            "stock": 0.5
        },
        "2001-04-27": {
            "cash": 0.3,
            "stock": 0.4
        },
        "2003-05-23": {
            "cash": 0.3,
            "stock": 0
        },
        "2004-03-29": {
            "cash": 0.3,
            "stock": 0.3
        },
        "2005-03-23": {
            "cash": 0.7,
            "stock": 0
        },
        "2006-04-12": {
            "cash": 0.5,
            "stock": 0
        },
        "2007-04-27": {
            "cash": 0.7,
            "stock": 0
        },
        "2008-04-28": {
            "cash": 0.4,
            "stock": 0
        },
        "2010-04-28": {
            "cash": 0.7,
            "stock": 0
        },
        "2011-01-01": {
            "cash": 0.3,
            "stock": 0
        },
        "2011-04-26": {
            "cash": 0.6,
            "stock": 0.4
        },
        "2013-04-25": {
            "cash": 0.6,
            "stock": 0
        },
        "2014-06-12": {
            "cash": 0.6,
            "stock": 0
        },
        "2015-08-14": {
            "cash": 0.35,
            "stock": 0
        },
        "2016-08-10": {
            "cash": 0.6,
            "stock": 0
        },
        "2017-08-17": {
            "cash": 0.5,
            "stock": 0
        },
        "2018-08-17": {
            "cash": 0.7,
            "stock": 0
        },
        "2019-08-15": {
            "cash": 1.1,
            "stock": 0
        },
        "2020-08-07": {
            "cash": 1.2,
            "stock": 0
        },
        "2021-09-17": {
            "cash": 1.8,
            "stock": 0
        },
        "2022-07-29": {
            "cash": 1.9,
            "stock": 0
        },
        "2023-07-28": {
            "cash": 1.1,
            "stock": 0
        }
    },
    "prices": {
        "200101": "8.32",
        "200102": "8.47",
        "200103": "7.91",
        "200104": "7.59",
        "200105": "6.35",
        "200106": "5.72",
        "200107": "4.51",
        "200108": "4.86",
        "200109": "4.46",
        "200110": "4.03",
        "200111": "4.04",
        "200112": "4.47",
        "200201": "5.01",
        "200202": "5.68",
        "200203": "7.01",
        "200204": "7.20",
        "200205": "7.35",
        "200206": "8.27",
        "200207": "7.88",
        "200208": "7.61",
        "200209": "6.85",
        "200210": "7.10",
        "200211": "8.21",
        "200212": "9.10",
        "200301": "12.16",
        "200302": "10.93",
        "200303": "9.09",
        "200304": "9.21",
        "200305": "8.67",
        "200306": "9.58",
        "200307": "9.88",
        "200308": "10.34",
        "200309": "10.25",
        "200310": "11.19",
        "200311": "11.38",
        "200312": "11.30",
        "200401": "13.46",
        "200402": "14.48",
        "200403": "14.69",
        "200404": "13.73",
        "200405": "12.14",
        "200406": "11.67",
        "200407": "11.37",
        "200408": "10.60",
        "200409": "11.91",
        "200410": "12.00",
        "200411": "11.83",
        "200412": "12.02",
        "200501": "12.69",
        "200502": "12.27",
        "200503": "11.79",
        "200504": "10.59",
        "200505": "9.89",
        "200506": "10.24",
        "200507": "9.39",
        "200508": "9.05",
        "200509": "8.51",
        "200510": "8.09",
        "200511": "7.76",
        "200512": "8.14",
        "200601": "8.02",
        "200602": "8.55",
        "200603": "9.72",
        "200604": "11.41",
        "200605": "11.73",
        "200606": "10.36",
        "200607": "10.02",
        "200608": "10.70",
        "200609": "10.54",
        "200610": "11.76",
        "200611": "12.06",
        "200612": "13.15",
        "200701": "12.50",
        "200702": "12.92",
        "200703": "12.45",
        "200704": "13.47",
        "200705": "12.72",
        "200706": "13.19",
        "200707": "14.37",
        "200708": "13.32",
        "200709": "13.06",
        "200710": "13.38",
        "200711": "11.28",
        "200712": "10.80",
        "200801": "10.95",
        "200802": "11.45",
        "200803": "12.00",
        "200804": "12.50",
        "200805": "12.75",
        "200806": "11.20",
        "200807": "10.07",
        "200808": "9.44",
        "200809": "8.24",
        "200810": "7.11",
        "200811": "6.73",
        "200812": "6.72",
        "200901": "6.59",
        "200902": "6.14",
        "200903": "6.44",
        "200904": "7.73",
        "200905": "9.94",
        "200906": "9.77",
        "200907": "10.01",
        "200908": "10.72",
        "200909": "11.45",
        "200910": "11.26",
        "200911": "11.36",
        "200912": "12.61",
        "201001": "12.72",
        "201002": "11.80",
        "201003": "12.34",
        "201004": "12.63",
        "201005": "11.65",
        "201006": "11.61",
        "201007": "11.96",
        "201008": "12.62",
        "201009": "13.32",
        "201010": "13.89",
        "201011": "13.73",
        "201012": "13.79",
        "201101": "14.26",
        "201102": "13.92",
        "201103": "13.55",
        "201104": "14.09",
        "201105": "13.93",
        "201106": "13.74",
        "201107": "13.67",
        "201108": "12.33",
        "201109": "11.81",
        "201110": "11.74",
        "201111": "11.64",
        "201112": "10.91",
        "201201": "10.90",
        "201202": "11.74",
        "201203": "12.05",
        "201204": "11.83",
        "201205": "11.36",
        "201206": "11.18",
        "201207": "11.07",
        "201208": "11.29",
        "201209": "11.83",
        "201210": "11.75",
        "201211": "11.98",
        "201212": "12.25",
        "201301": "12.35",
        "201302": "12.49",
        "201303": "12.77",
        "201304": "13.22",
        "201305": "13.46",
        "201306": "13.37",
        "201307": "13.27",
        "201308": "13.13",
        "201309": "13.44",
        "201310": "13.77",
        "201311": "14.05",
        "201312": "14.41",
        "201401": "14.39",
        "201402": "14.05",
        "201403": "13.89",
        "201404": "13.51",
        "201405": "13.01",
        "201406": "12.96",
        "201407": "12.65",
        "201408": "12.65",
        "201409": "12.89",
        "201410": "13.04",
        "201411": "13.15",
        "201412": "12.84",
        "201501": "12.80",
        "201502": "12.68",
        "201503": "12.43",
        "201504": "12.93",
        "201505": "13.04",
        "201506": "12.45",
        "201507": "11.71",
        "201508": "11.42",
        "201509": "11.54",
        "201510": "11.47",
        "201511": "11.55",
        "201512": "11.35",
        "201601": "10.98",
        "201602": "11.18",
        "201603": "11.56",
        "201604": "11.52",
        "201605": "11.39",
        "201606": "11.53",
        "201607": "11.27",
        "201608": "11.37",
        "201609": "11.51",
        "201610": "11.55",
        "201611": "11.62",
        "201612": "12.37",
        "201701": "14.36",
        "201702": "14.29",
        "201703": "15.68",
        "201704": "14.76",
        "201705": "14.22",
        "201706": "14.24",
        "201707": "14.97",
        "201708": "17.48",
        "201709": "18.92",
        "201710": "18.05",
        "201711": "17.03",
        "201712": "15.99",
        "201801": "16.45",
        "201802": "15.92",
        "201803": "16.59",
        "201804": "16.51",
        "201805": "17.54",
        "201806": "17.49",
        "201807": "16.91",
        "201808": "19.19",
        "201809": "23.41",
        "201810": "21.61",
        "201811": "21.09",
        "201812": "19.88",
        "201901": "18.98",
        "201902": "20.03",
        "201903": "20.36",
        "201904": "20.34",
        "201905": "19.44",
        "201906": "19.94",
        "201907": "19.59",
        "201908": "17.87",
        "201909": "18.07",
        "201910": "18.06",
        "201911": "18.61",
        "201912": "18.91",
        "202001": "19.68",
        "202002": "20.93",
        "202003": "21.23",
        "202004": "20.78",
        "202005": "22.56",
        "202006": "23.50",
        "202007": "23.50",
        "202008": "25.96",
        "202009": "30.36",
        "202010": "33.43",
        "202011": "32.40",
        "202012": "31.85",
        "202101": "31.40",
        "202102": "30.37",
        "202103": "32.69",
        "202104": "41.43",
        "202105": "41.70",
        "202106": "45.28",
        "202107": "44.64",
        "202108": "39.00",
        "202109": "35.45",
        "202110": "33.73",
        "202111": "34.88",
        "202112": "34.31",
        "202201": "34.96",
        "202202": "35.69",
        "202203": "34.59",
        "202204": "34.33",
        "202205": "31.02",
        "202206": "29.45",
        "202207": "26.15",
        "202208": "27.73",
        "202209": "27.08",
        "202210": "26.06",
        "202211": "26.99",
        "202212": "27.47",
        "202301": "28.16",
        "202302": "28.76",
        "202303": "28.34",
        "202304": "29.78",
        "202305": "32.18",
        "202306": "33.11"
    },
    "quarters": {
        "20011": {
            "year_quarter": 20011,
            "year": 2001,
            "quarter": 1,
            "eps": -0.01,
            "eps_growth_year": -103.45,
            "eps_4q": 0.49,
            "eps_4q_growth_year": -56.38,
            "roe": -0.11,
            "roe_4q": -0.11,
            "gross_profit": 497739,
            "gross_margin": 13.96,
            "gross_margin_4q_avg": 13.96,
            "net_income": -14106,
            "revenue": 3564480,
            "common_shares": 9500000,
            "book_valuer_per_share": 13.15,
            "book_valuer_per_share_4q_avg": 13.15,
            "equity": 12491440,
            "current_ratio": 132.45,
            "debt_ratio": 49.23,
            "inventory_turnover_ratio": 0.58,
            "account_receivable_turnover_ratio": null,
            "reinvestment_rate": null,
            "research_to_sale_ratio": null,
            "price_fair": 0,
            "eps_avg_yearly": 0,
            "eps_latest_yearly": 0,
            "eps_growth_yearly": 0
        },
        "20012": {
            "year_quarter": 20012,
            "year": 2001,
            "quarter": 2,
            "eps": 0.05,
            "eps_growth_year": -89.58,
            "eps_4q": 0.3,
            "eps_4q_growth_year": -72.08,
            "roe": 0.38,
            "roe_4q": 0.27,
            "gross_profit": 644221,
            "gross_margin": 18.78,
            "gross_margin_4q_avg": 16.37,
            "net_income": 47412,
            "revenue": 3430459,
            "common_shares": 9500000,
            "book_valuer_per_share": 12.88,
            "book_valuer_per_share_4q_avg": 13.02,
            "equity": 12239231,
            "current_ratio": 141.18,
            "debt_ratio": 50.41,
            "inventory_turnover_ratio": 0.53,
            "account_receivable_turnover_ratio": null,
            "reinvestment_rate": null,
            "research_to_sale_ratio": null,
            "price_fair": 0,
            "eps_avg_yearly": 0,
            "eps_latest_yearly": 0,
            "eps_growth_yearly": 0
        },
        "20013": {
            "year_quarter": 20013,
            "year": 2001,
            "quarter": 3,
            "eps": 0.03,
            "eps_growth_year": -92.68,
            "eps_4q": -0.08,
            "eps_4q_growth_year": -106.49,
            "roe": 0.23,
            "roe_4q": 0.5,
            "gross_profit": 611800,
            "gross_margin": 17.23,
            "gross_margin_4q_avg": 16.66,
            "net_income": 28620,
            "revenue": 3551247,
            "common_shares": 9500000,
            "book_valuer_per_share": 12.86,
            "book_valuer_per_share_4q_avg": 12.96,
            "equity": 12220197,
            "current_ratio": 151.04,
            "debt_ratio": 52,
            "inventory_turnover_ratio": 0.56,
            "account_receivable_turnover_ratio": null,
            "reinvestment_rate": null,
            "research_to_sale_ratio": null,
            "price_fair": 0,
            "eps_avg_yearly": 0,
            "eps_latest_yearly": 0,
            "eps_growth_yearly": 0
        },
        "20014": {
            "year_quarter": 20014,
            "year": 2001,
            "quarter": 4,
            "eps": 0.36,
            "eps_growth_year": null,
            "eps_4q": 0.42,
            "eps_4q_growth_year": -57.98,
            "roe": 2.8,
            "roe_4q": 3.3,
            "gross_profit": 772944,
            "gross_margin": 19.37,
            "gross_margin_4q_avg": 17.34,
            "net_income": 346282,
            "revenue": 3990586,
            "common_shares": 9900000,
            "book_valuer_per_share": 12.65,
            "book_valuer_per_share_4q_avg": 12.89,
            "equity": 12524521,
            "current_ratio": 221.2,
            "debt_ratio": 47.31,
            "inventory_turnover_ratio": 0.62,
            "account_receivable_turnover_ratio": null,
            "reinvestment_rate": null,
            "research_to_sale_ratio": null,
            "price_fair": 0,
            "eps_avg_yearly": 0,
            "eps_latest_yearly": 0,
            "eps_growth_yearly": 0
        },
        "20021": {
            "year_quarter": 20021,
            "year": 2002,
            "quarter": 1,
            "eps": 0.05,
            "eps_growth_year": null,
            "eps_4q": 0.48,
            "eps_4q_growth_year": -2.29,
            "roe": 0.39,
            "roe_4q": 3.8,
            "gross_profit": 662957,
            "gross_margin": 18.06,
            "gross_margin_4q_avg": 18.36,
            "net_income": 49331,
            "revenue": 3671341,
            "common_shares": 9900000,
            "book_valuer_per_share": 12.7,
            "book_valuer_per_share_4q_avg": 12.77,
            "equity": 12571896,
            "current_ratio": 225.1,
            "debt_ratio": 47.07,
            "inventory_turnover_ratio": 0.58,
            "account_receivable_turnover_ratio": null,
            "reinvestment_rate": null,
            "research_to_sale_ratio": null,
            "price_fair": 0.6,
            "eps_avg_yearly": 0.2,
            "eps_latest_yearly": 0.2,
            "eps_growth_yearly": -344.44
        },
        "20022": {
            "year_quarter": 20022,
            "year": 2002,
            "quarter": 2,
            "eps": 0.4,
            "eps_growth_year": 700,
            "eps_4q": 0.83,
            "eps_4q_growth_year": 175.88,
            "roe": 3.07,
            "roe_4q": 6.49,
            "gross_profit": 1015324,
            "gross_margin": 23.56,
            "gross_margin_4q_avg": 19.56,
            "net_income": 392480,
            "revenue": 4308997,
            "common_shares": 9900000,
            "book_valuer_per_share": 13.1,
            "book_valuer_per_share_4q_avg": 12.83,
            "equity": 12965450,
            "current_ratio": 208.83,
            "debt_ratio": 46.82,
            "inventory_turnover_ratio": 0.64,
            "account_receivable_turnover_ratio": null,
            "reinvestment_rate": null,
            "research_to_sale_ratio": null,
            "price_fair": 31.5,
            "eps_avg_yearly": 0.9,
            "eps_latest_yearly": 1.6,
            "eps_growth_yearly": 1227.78
        },
        "20023": {
            "year_quarter": 20023,
            "year": 2002,
            "quarter": 3,
            "eps": 0.26,
            "eps_growth_year": 766.67,
            "eps_4q": 1.06,
            "eps_4q_growth_year": null,
            "roe": 1.97,
            "roe_4q": 8.23,
            "gross_profit": 863561,
            "gross_margin": 21.53,
            "gross_margin_4q_avg": 20.63,
            "net_income": 257381,
            "revenue": 4010841,
            "common_shares": 9900000,
            "book_valuer_per_share": 13.35,
            "book_valuer_per_share_4q_avg": 12.95,
            "equity": 13219003,
            "current_ratio": 233.76,
            "debt_ratio": 44.49,
            "inventory_turnover_ratio": 0.6,
            "account_receivable_turnover_ratio": null,
            "reinvestment_rate": null,
            "research_to_sale_ratio": null,
            "price_fair": 33.13,
            "eps_avg_yearly": 0.95,
            "eps_latest_yearly": 1.04,
            "eps_growth_yearly": 771.85
        },
        "20024": {
            "year_quarter": 20024,
            "year": 2002,
            "quarter": 4,
            "eps": 0.21,
            "eps_growth_year": -41.67,
            "eps_4q": 0.92,
            "eps_4q_growth_year": 116.79,
            "roe": 1.55,
            "roe_4q": 6.9799999999999995,
            "gross_profit": 783066,
            "gross_margin": 18.07,
            "gross_margin_4q_avg": 20.31,
            "net_income": 206804,
            "revenue": 4334431,
            "common_shares": 9900000,
            "book_valuer_per_share": 13.58,
            "book_valuer_per_share_4q_avg": 13.18,
            "equity": 13441456,
            "current_ratio": 231.8,
            "debt_ratio": 43.62,
            "inventory_turnover_ratio": 0.68,
            "account_receivable_turnover_ratio": null,
            "reinvestment_rate": -7.24,
            "research_to_sale_ratio": null,
            "price_fair": 32.2,
            "eps_avg_yearly": 0.92,
            "eps_latest_yearly": 0.84,
            "eps_growth_yearly": 559.66
        },
        "20031": {
            "year_quarter": 20031,
            "year": 2003,
            "quarter": 1,
            "eps": 0.16,
            "eps_growth_year": 220,
            "eps_4q": 1.06,
            "eps_4q_growth_year": 122.34,
            "roe": 1.12,
            "roe_4q": 7.709999999999999,
            "gross_profit": 830585,
            "gross_margin": 19.4,
            "gross_margin_4q_avg": 20.64,
            "net_income": 151810,
            "revenue": 4280410,
            "common_shares": 9900000,
            "book_valuer_per_share": 13.73,
            "book_valuer_per_share_4q_avg": 13.44,
            "equity": 13596235,
            "current_ratio": 196.57,
            "debt_ratio": 41.62,
            "inventory_turnover_ratio": 0.7,
            "account_receivable_turnover_ratio": null,
            "reinvestment_rate": -39.49,
            "research_to_sale_ratio": null,
            "price_fair": 30.24,
            "eps_avg_yearly": 0.86,
            "eps_latest_yearly": 0.64,
            "eps_growth_yearly": 428.68
        },
        "20032": {
            "year_quarter": 20032,
            "year": 2003,
            "quarter": 2,
            "eps": 0.38,
            "eps_growth_year": -5,
            "eps_4q": 1.02,
            "eps_4q_growth_year": 22.5,
            "roe": 2.68,
            "roe_4q": 7.32,
            "gross_profit": 952823,
            "gross_margin": 21.68,
            "gross_margin_4q_avg": 20.17,
            "net_income": 365948,
            "revenue": 4395708,
            "common_shares": 9900000,
            "book_valuer_per_share": 13.81,
            "book_valuer_per_share_4q_avg": 13.62,
            "equity": 13668349,
            "current_ratio": 174.74,
            "debt_ratio": 43.46,
            "inventory_turnover_ratio": 0.68,
            "account_receivable_turnover_ratio": null,
            "reinvestment_rate": -46.36,
            "research_to_sale_ratio": null,
            "price_fair": 34.07,
            "eps_avg_yearly": 0.97,
            "eps_latest_yearly": 1.52,
            "eps_growth_yearly": 448.9
        },
        "20033": {
            "year_quarter": 20033,
            "year": 2003,
            "quarter": 3,
            "eps": 0.33,
            "eps_growth_year": 26.92,
            "eps_4q": 1.08,
            "eps_4q_growth_year": 1.87,
            "roe": 2.32,
            "roe_4q": 7.67,
            "gross_profit": 884471,
            "gross_margin": 17.94,
            "gross_margin_4q_avg": 19.27,
            "net_income": 320592,
            "revenue": 4929378,
            "common_shares": 9900000,
            "book_valuer_per_share": 14.12,
            "book_valuer_per_share_4q_avg": 13.81,
            "equity": 13982709,
            "current_ratio": 183.28,
            "debt_ratio": 41.41,
            "inventory_turnover_ratio": 0.84,
            "account_receivable_turnover_ratio": null,
            "reinvestment_rate": -53.62,
            "research_to_sale_ratio": null,
            "price_fair": 35.8,
            "eps_avg_yearly": 1.02,
            "eps_latest_yearly": 1.32,
            "eps_growth_yearly": 377.25
        },
        "20034": {
            "year_quarter": 20034,
            "year": 2003,
            "quarter": 4,
            "eps": 0.41,
            "eps_growth_year": 95.24,
            "eps_4q": 1.27,
            "eps_4q_growth_year": 38.53,
            "roe": 2.81,
            "roe_4q": 8.93,
            "gross_profit": 971425,
            "gross_margin": 18.86,
            "gross_margin_4q_avg": 19.47,
            "net_income": 397592,
            "revenue": 5151129,
            "common_shares": 9840080,
            "book_valuer_per_share": 14.51,
            "book_valuer_per_share_4q_avg": 14.04,
            "equity": 14277993,
            "current_ratio": 199.25,
            "debt_ratio": 39.82,
            "inventory_turnover_ratio": 0.99,
            "account_receivable_turnover_ratio": null,
            "reinvestment_rate": -58.74,
            "research_to_sale_ratio": null,
            "price_fair": 38.5,
            "eps_avg_yearly": 1.1,
            "eps_latest_yearly": 1.64,
            "eps_growth_yearly": 342.22
        },
        "20041": {
            "year_quarter": 20041,
            "year": 2004,
            "quarter": 1,
            "eps": 0.32,
            "eps_growth_year": 100,
            "eps_4q": 1.42,
            "eps_4q_growth_year": 33.19,
            "roe": 2.19,
            "roe_4q": 10,
            "gross_profit": 954263,
            "gross_margin": 19.2,
            "gross_margin_4q_avg": 19.42,
            "net_income": 316624,
            "revenue": 4971332,
            "common_shares": 9840080,
            "book_valuer_per_share": 14.89,
            "book_valuer_per_share_4q_avg": 14.33,
            "equity": 14651002,
            "current_ratio": 222.91,
            "debt_ratio": 38.2,
            "inventory_turnover_ratio": 1.08,
            "account_receivable_turnover_ratio": null,
            "reinvestment_rate": -59.58,
            "research_to_sale_ratio": null,
            "price_fair": 39.2,
            "eps_avg_yearly": 1.12,
            "eps_latest_yearly": 1.28,
            "eps_growth_yearly": 294.44
        },
        "20042": {
            "year_quarter": 20042,
            "year": 2004,
            "quarter": 2,
            "eps": 0.49,
            "eps_growth_year": 28.95,
            "eps_4q": 1.51,
            "eps_4q_growth_year": 48.49,
            "roe": 3.36,
            "roe_4q": 10.68,
            "gross_profit": 1016614,
            "gross_margin": 20.2,
            "gross_margin_4q_avg": 19.05,
            "net_income": 495139,
            "revenue": 5032236,
            "common_shares": 9840080,
            "book_valuer_per_share": 15.03,
            "book_valuer_per_share_4q_avg": 14.64,
            "equity": 14793480,
            "current_ratio": 194.77,
            "debt_ratio": 37.67,
            "inventory_turnover_ratio": 1.17,
            "account_receivable_turnover_ratio": null,
            "reinvestment_rate": -64.7,
            "research_to_sale_ratio": null,
            "price_fair": 42.14,
            "eps_avg_yearly": 1.2,
            "eps_latest_yearly": 1.96,
            "eps_growth_yearly": 286.24
        },
        "20043": {
            "year_quarter": 20043,
            "year": 2004,
            "quarter": 3,
            "eps": 0.21,
            "eps_growth_year": -36.36,
            "eps_4q": 1.4,
            "eps_4q_growth_year": 30.06,
            "roe": 1.43,
            "roe_4q": 9.790000000000001,
            "gross_profit": 910251,
            "gross_margin": 18.63,
            "gross_margin_4q_avg": 19.22,
            "net_income": 213550,
            "revenue": 4886293,
            "common_shares": 10160000,
            "book_valuer_per_share": 14.81,
            "book_valuer_per_share_4q_avg": 14.81,
            "equity": 15047713,
            "current_ratio": 146.07,
            "debt_ratio": 36.01,
            "inventory_turnover_ratio": 1.22,
            "account_receivable_turnover_ratio": null,
            "reinvestment_rate": -77.24,
            "research_to_sale_ratio": null,
            "price_fair": 40.98,
            "eps_avg_yearly": 1.17,
            "eps_latest_yearly": 0.84,
            "eps_growth_yearly": 239.44
        },
        "20044": {
            "year_quarter": 20044,
            "year": 2004,
            "quarter": 4,
            "eps": 0.07,
            "eps_growth_year": -82.93,
            "eps_4q": 1.04,
            "eps_4q_growth_year": -18.55,
            "roe": 0.48,
            "roe_4q": 7.459999999999999,
            "gross_profit": 826407,
            "gross_margin": 16.05,
            "gross_margin_4q_avg": 18.52,
            "net_income": 74134,
            "revenue": 5149024,
            "common_shares": 10793498,
            "book_valuer_per_share": 14.9,
            "book_valuer_per_share_4q_avg": 14.91,
            "equity": 16085587,
            "current_ratio": 173.76,
            "debt_ratio": 36.24,
            "inventory_turnover_ratio": 1.26,
            "account_receivable_turnover_ratio": null,
            "reinvestment_rate": -41.21,
            "research_to_sale_ratio": null,
            "price_fair": 38.38,
            "eps_avg_yearly": 1.1,
            "eps_latest_yearly": 0.28,
            "eps_growth_yearly": 197.27
        },
        "20051": {
            "year_quarter": 20051,
            "year": 2005,
            "quarter": 1,
            "eps": 0.04,
            "eps_growth_year": -87.5,
            "eps_4q": 0.73,
            "eps_4q_growth_year": -48.53,
            "roe": 0.28,
            "roe_4q": 5.55,
            "gross_profit": 798279,
            "gross_margin": 16.44,
            "gross_margin_4q_avg": 17.83,
            "net_income": 45466,
            "revenue": 4855856,
            "common_shares": 10793498,
            "book_valuer_per_share": 14.79,
            "book_valuer_per_share_4q_avg": 14.88,
            "equity": 15966993,
            "current_ratio": 182.9,
            "debt_ratio": 35.68,
            "inventory_turnover_ratio": 1.07,
            "account_receivable_turnover_ratio": null,
            "reinvestment_rate": -36.93,
            "research_to_sale_ratio": null,
            "price_fair": 35.86,
            "eps_avg_yearly": 1.02,
            "eps_latest_yearly": 0.16,
            "eps_growth_yearly": 168.9
        },
        "20052": {
            "year_quarter": 20052,
            "year": 2005,
            "quarter": 2,
            "eps": 0.1,
            "eps_growth_year": -79.59,
            "eps_4q": 0.41,
            "eps_4q_growth_year": -72.99,
            "roe": 0.69,
            "roe_4q": 2.88,
            "gross_profit": 714519,
            "gross_margin": 14.41,
            "gross_margin_4q_avg": 16.38,
            "net_income": 107844,
            "revenue": 4957067,
            "common_shares": 10793498,
            "book_valuer_per_share": 14.23,
            "book_valuer_per_share_4q_avg": 14.68,
            "equity": 15355179,
            "current_ratio": 166.25,
            "debt_ratio": 38.08,
            "inventory_turnover_ratio": 1.16,
            "account_receivable_turnover_ratio": null,
            "reinvestment_rate": -36.33,
            "research_to_sale_ratio": null,
            "price_fair": 34.3,
            "eps_avg_yearly": 0.98,
            "eps_latest_yearly": 0.4,
            "eps_growth_yearly": 199.7
        },
        "20053": {
            "year_quarter": 20053,
            "year": 2005,
            "quarter": 3,
            "eps": 0.1,
            "eps_growth_year": -52.38,
            "eps_4q": 0.32,
            "eps_4q_growth_year": -77.43,
            "roe": 0.68,
            "roe_4q": 2.13,
            "gross_profit": 741562,
            "gross_margin": 15.19,
            "gross_margin_4q_avg": 15.52,
            "net_income": 105413,
            "revenue": 4880940,
            "common_shares": 10793498,
            "book_valuer_per_share": 14.33,
            "book_valuer_per_share_4q_avg": 14.56,
            "equity": 15470426,
            "current_ratio": 208.8,
            "debt_ratio": 37.21,
            "inventory_turnover_ratio": 1.15,
            "account_receivable_turnover_ratio": null,
            "reinvestment_rate": -34.24,
            "research_to_sale_ratio": null,
            "price_fair": 32.95,
            "eps_avg_yearly": 0.94,
            "eps_latest_yearly": 0.4,
            "eps_growth_yearly": 186.38
        },
        "20054": {
            "year_quarter": 20054,
            "year": 2005,
            "quarter": 4,
            "eps": 0.13,
            "eps_growth_year": 85.71,
            "eps_4q": 0.37,
            "eps_4q_growth_year": -64.53,
            "roe": 0.85,
            "roe_4q": 2.5,
            "gross_profit": 960820,
            "gross_margin": 16.17,
            "gross_margin_4q_avg": 15.55,
            "net_income": 141176,
            "revenue": 5943396,
            "common_shares": 10793498,
            "book_valuer_per_share": 14.62,
            "book_valuer_per_share_4q_avg": 14.49,
            "equity": 17661723,
            "current_ratio": 140.5,
            "debt_ratio": 48.98,
            "inventory_turnover_ratio": 1.22,
            "account_receivable_turnover_ratio": null,
            "reinvestment_rate": 215.23,
            "research_to_sale_ratio": null,
            "price_fair": 32.03,
            "eps_avg_yearly": 0.92,
            "eps_latest_yearly": 0.52,
            "eps_growth_yearly": 182.24
        },
        "20061": {
            "year_quarter": 20061,
            "year": 2006,
            "quarter": 1,
            "eps": 0.22,
            "eps_growth_year": 450,
            "eps_4q": 0.55,
            "eps_4q_growth_year": -25.07,
            "roe": 1.42,
            "roe_4q": 3.64,
            "gross_profit": 851739,
            "gross_margin": 15.76,
            "gross_margin_4q_avg": 15.38,
            "net_income": 239159,
            "revenue": 5405132,
            "common_shares": 10793498,
            "book_valuer_per_share": 14.82,
            "book_valuer_per_share_4q_avg": 14.5,
            "equity": 15992825,
            "current_ratio": 197.82,
            "debt_ratio": 34.56,
            "inventory_turnover_ratio": 1.12,
            "account_receivable_turnover_ratio": null,
            "reinvestment_rate": -29.42,
            "research_to_sale_ratio": null,
            "price_fair": 33.51,
            "eps_avg_yearly": 0.96,
            "eps_latest_yearly": 0.88,
            "eps_growth_yearly": 221.07
        },
        "20062": {
            "year_quarter": 20062,
            "year": 2006,
            "quarter": 2,
            "eps": 0.22,
            "eps_growth_year": 120,
            "eps_4q": 0.67,
            "eps_4q_growth_year": 62.8,
            "roe": 1.51,
            "roe_4q": 4.46,
            "gross_profit": 800973,
            "gross_margin": 15.15,
            "gross_margin_4q_avg": 15.57,
            "net_income": 239767,
            "revenue": 5285366,
            "common_shares": 10703498,
            "book_valuer_per_share": 14.64,
            "book_valuer_per_share_4q_avg": 14.6,
            "equity": 15670489,
            "current_ratio": 187.79,
            "debt_ratio": 35.67,
            "inventory_turnover_ratio": 1.18,
            "account_receivable_turnover_ratio": null,
            "reinvestment_rate": -31.68,
            "research_to_sale_ratio": null,
            "price_fair": 31.94,
            "eps_avg_yearly": 0.91,
            "eps_latest_yearly": 0.88,
            "eps_growth_yearly": 46.07
        },
        "20063": {
            "year_quarter": 20063,
            "year": 2006,
            "quarter": 3,
            "eps": 0.16,
            "eps_growth_year": 60,
            "eps_4q": 0.73,
            "eps_4q_growth_year": 132.13,
            "roe": 1.1,
            "roe_4q": 4.88,
            "gross_profit": 698307,
            "gross_margin": 12.87,
            "gross_margin_4q_avg": 14.99,
            "net_income": 173156,
            "revenue": 5424403,
            "common_shares": 10703498,
            "book_valuer_per_share": 14.79,
            "book_valuer_per_share_4q_avg": 14.72,
            "equity": 15830107,
            "current_ratio": 182.98,
            "debt_ratio": 36.83,
            "inventory_turnover_ratio": 1.13,
            "account_receivable_turnover_ratio": null,
            "reinvestment_rate": -31.92,
            "research_to_sale_ratio": null,
            "price_fair": 31.06,
            "eps_avg_yearly": 0.89,
            "eps_latest_yearly": 0.64,
            "eps_growth_yearly": 48
        },
        "20064": {
            "year_quarter": 20064,
            "year": 2006,
            "quarter": 4,
            "eps": 0.11,
            "eps_growth_year": -15.38,
            "eps_4q": 0.71,
            "eps_4q_growth_year": 93.08,
            "roe": 0.7,
            "roe_4q": 4.73,
            "gross_profit": 630390,
            "gross_margin": 11.51,
            "gross_margin_4q_avg": 13.82,
            "net_income": 119351,
            "revenue": 5478353,
            "common_shares": 10703498,
            "book_valuer_per_share": 14.82,
            "book_valuer_per_share_4q_avg": 14.77,
            "equity": 18165174,
            "current_ratio": 151.99,
            "debt_ratio": 51.2,
            "inventory_turnover_ratio": 1,
            "account_receivable_turnover_ratio": null,
            "reinvestment_rate": 257.27,
            "research_to_sale_ratio": null,
            "price_fair": 30.19,
            "eps_avg_yearly": 0.86,
            "eps_latest_yearly": 0.44,
            "eps_growth_yearly": 45
        },
        "20071": {
            "year_quarter": 20071,
            "year": 2007,
            "quarter": 1,
            "eps": 0.12,
            "eps_growth_year": -45.45,
            "eps_4q": 0.6,
            "eps_4q_growth_year": 9.9,
            "roe": 0.78,
            "roe_4q": 4.09,
            "gross_profit": 613237,
            "gross_margin": 11.38,
            "gross_margin_4q_avg": 12.73,
            "net_income": 133039,
            "revenue": 5386793,
            "common_shares": 10703498,
            "book_valuer_per_share": 14.89,
            "book_valuer_per_share_4q_avg": 14.79,
            "equity": 15941131,
            "current_ratio": 203.26,
            "debt_ratio": 38.54,
            "inventory_turnover_ratio": 0.94,
            "account_receivable_turnover_ratio": null,
            "reinvestment_rate": -25.42,
            "research_to_sale_ratio": null,
            "price_fair": 29.84,
            "eps_avg_yearly": 0.85,
            "eps_latest_yearly": 0.48,
            "eps_growth_yearly": 53.22
        },
        "20072": {
            "year_quarter": 20072,
            "year": 2007,
            "quarter": 2,
            "eps": 0.19,
            "eps_growth_year": -13.64,
            "eps_4q": 0.58,
            "eps_4q_growth_year": -12.56,
            "roe": 1.31,
            "roe_4q": 3.89,
            "gross_profit": 667005,
            "gross_margin": 11.49,
            "gross_margin_4q_avg": 11.81,
            "net_income": 206221,
            "revenue": 5805429,
            "common_shares": 10703498,
            "book_valuer_per_share": 14.48,
            "book_valuer_per_share_4q_avg": 14.75,
            "equity": 15499463,
            "current_ratio": 188.59,
            "debt_ratio": 41.24,
            "inventory_turnover_ratio": 1.05,
            "account_receivable_turnover_ratio": null,
            "reinvestment_rate": -25.23,
            "research_to_sale_ratio": null,
            "price_fair": 28.18,
            "eps_avg_yearly": 0.81,
            "eps_latest_yearly": 0.76,
            "eps_growth_yearly": 33.43
        },
        "20073": {
            "year_quarter": 20073,
            "year": 2007,
            "quarter": 3,
            "eps": 0.1,
            "eps_growth_year": -37.5,
            "eps_4q": 0.52,
            "eps_4q_growth_year": -29.26,
            "roe": 0.71,
            "roe_4q": 3.5,
            "gross_profit": 695028,
            "gross_margin": 11.94,
            "gross_margin_4q_avg": 11.58,
            "net_income": 109587,
            "revenue": 5821021,
            "common_shares": 10703498,
            "book_valuer_per_share": 14.56,
            "book_valuer_per_share_4q_avg": 14.69,
            "equity": 15581044,
            "current_ratio": 189.78,
            "debt_ratio": 41.39,
            "inventory_turnover_ratio": 1.03,
            "account_receivable_turnover_ratio": null,
            "reinvestment_rate": -25.04,
            "research_to_sale_ratio": null,
            "price_fair": 26.07,
            "eps_avg_yearly": 0.75,
            "eps_latest_yearly": 0.4,
            "eps_growth_yearly": 24.88
        },
        "20074": {
            "year_quarter": 20074,
            "year": 2007,
            "quarter": 4,
            "eps": 0.15,
            "eps_growth_year": 36.36,
            "eps_4q": 0.58,
            "eps_4q_growth_year": -18.16,
            "roe": 0.9,
            "roe_4q": 3.7,
            "gross_profit": 559805,
            "gross_margin": 8.56,
            "gross_margin_4q_avg": 10.84,
            "net_income": 155894,
            "revenue": 6539710,
            "common_shares": 10703498,
            "book_valuer_per_share": 14.9,
            "book_valuer_per_share_4q_avg": 14.71,
            "equity": 18936778,
            "current_ratio": 112.78,
            "debt_ratio": 56.13,
            "inventory_turnover_ratio": 1.04,
            "account_receivable_turnover_ratio": null,
            "reinvestment_rate": 379.19,
            "research_to_sale_ratio": null,
            "price_fair": 23.89,
            "eps_avg_yearly": 0.68,
            "eps_latest_yearly": 0.6,
            "eps_growth_yearly": 31.32
        },
        "20081": {
            "year_quarter": 20081,
            "year": 2008,
            "quarter": 1,
            "eps": 0.12,
            "eps_growth_year": 0,
            "eps_4q": 0.49,
            "eps_4q_growth_year": -17.87,
            "roe": 0.77,
            "roe_4q": 3.69,
            "gross_profit": 1255783,
            "gross_margin": 14.8,
            "gross_margin_4q_avg": 11.7,
            "net_income": 144792,
            "revenue": 8486503,
            "common_shares": 10703498,
            "book_valuer_per_share": 14.9,
            "book_valuer_per_share_4q_avg": 14.71,
            "equity": 18817554,
            "current_ratio": 103.36,
            "debt_ratio": 58.57,
            "inventory_turnover_ratio": 1.09,
            "account_receivable_turnover_ratio": null,
            "reinvestment_rate": 410.59,
            "research_to_sale_ratio": null,
            "price_fair": 22.14,
            "eps_avg_yearly": 0.63,
            "eps_latest_yearly": 0.48,
            "eps_growth_yearly": 31.81
        },
        "20082": {
            "year_quarter": 20082,
            "year": 2008,
            "quarter": 2,
            "eps": 0.34,
            "eps_growth_year": 78.95,
            "eps_4q": 0.66,
            "eps_4q_growth_year": 13.64,
            "roe": 2.04,
            "roe_4q": 4.42,
            "gross_profit": 1471119,
            "gross_margin": 17.56,
            "gross_margin_4q_avg": 13.22,
            "net_income": 383971,
            "revenue": 8376765,
            "common_shares": 10612228,
            "book_valuer_per_share": 14.92,
            "book_valuer_per_share_4q_avg": 14.82,
            "equity": 18798904,
            "current_ratio": 99.73,
            "debt_ratio": 58.64,
            "inventory_turnover_ratio": 0.95,
            "account_receivable_turnover_ratio": null,
            "reinvestment_rate": 470.76,
            "research_to_sale_ratio": null,
            "price_fair": 20.83,
            "eps_avg_yearly": 0.6,
            "eps_latest_yearly": 1.36,
            "eps_growth_yearly": 64.36
        },
        "20083": {
            "year_quarter": 20083,
            "year": 2008,
            "quarter": 3,
            "eps": 0.2,
            "eps_growth_year": 100,
            "eps_4q": 0.61,
            "eps_4q_growth_year": 18.04,
            "roe": 1.45,
            "roe_4q": 5.16,
            "gross_profit": 1668496,
            "gross_margin": 18.16,
            "gross_margin_4q_avg": 14.77,
            "net_income": 276274,
            "revenue": 9188884,
            "common_shares": 10612228,
            "book_valuer_per_share": 15.15,
            "book_valuer_per_share_4q_avg": 14.97,
            "equity": 19258882,
            "current_ratio": 101.73,
            "debt_ratio": 59.17,
            "inventory_turnover_ratio": 0.97,
            "account_receivable_turnover_ratio": null,
            "reinvestment_rate": 500.86,
            "research_to_sale_ratio": null,
            "price_fair": 20.74,
            "eps_avg_yearly": 0.59,
            "eps_latest_yearly": 0.8,
            "eps_growth_yearly": 68.35
        },
        "20084": {
            "year_quarter": 20084,
            "year": 2008,
            "quarter": 4,
            "eps": -0.57,
            "eps_growth_year": -480,
            "eps_4q": 0.05,
            "eps_4q_growth_year": -91.58,
            "roe": -3.3,
            "roe_4q": 0.9600000000000002,
            "gross_profit": 303220,
            "gross_margin": 3.73,
            "gross_margin_4q_avg": 13.56,
            "net_income": -632663,
            "revenue": 8139681,
            "common_shares": 10412228,
            "book_valuer_per_share": 15.14,
            "book_valuer_per_share_4q_avg": 15.03,
            "equity": 19088234,
            "current_ratio": 99.94,
            "debt_ratio": 56.39,
            "inventory_turnover_ratio": 1.2,
            "account_receivable_turnover_ratio": 2.29,
            "reinvestment_rate": 634.36,
            "research_to_sale_ratio": null,
            "price_fair": 21.47,
            "eps_avg_yearly": 0.61,
            "eps_latest_yearly": 0.8,
            "eps_growth_yearly": 90.68
        },
        "20091": {
            "year_quarter": 20091,
            "year": 2009,
            "quarter": 1,
            "eps": 0.25,
            "eps_growth_year": 108.33,
            "eps_4q": 0.17,
            "eps_4q_growth_year": -65.54,
            "roe": 1.73,
            "roe_4q": 1.9200000000000002,
            "gross_profit": 1338106,
            "gross_margin": 20.06,
            "gross_margin_4q_avg": 14.88,
            "net_income": 333296,
            "revenue": 6670890,
            "common_shares": 10330008,
            "book_valuer_per_share": 15.58,
            "book_valuer_per_share_4q_avg": 15.2,
            "equity": 19496579,
            "current_ratio": 98.43,
            "debt_ratio": 55.51,
            "inventory_turnover_ratio": 1.16,
            "account_receivable_turnover_ratio": 0.96,
            "reinvestment_rate": 553.92,
            "research_to_sale_ratio": null,
            "price_fair": 22.6,
            "eps_avg_yearly": 0.65,
            "eps_latest_yearly": 0.8,
            "eps_growth_yearly": 109.41
        },
        "20092": {
            "year_quarter": 20092,
            "year": 2009,
            "quarter": 2,
            "eps": 0.23,
            "eps_growth_year": -32.35,
            "eps_4q": 0.08,
            "eps_4q_growth_year": -88.66,
            "roe": 1.6,
            "roe_4q": 1.4800000000000002,
            "gross_profit": 1450975,
            "gross_margin": 20.71,
            "gross_margin_4q_avg": 15.67,
            "net_income": 313009,
            "revenue": 7007691,
            "common_shares": 10330008,
            "book_valuer_per_share": 15.69,
            "book_valuer_per_share_4q_avg": 15.39,
            "equity": 19573362,
            "current_ratio": 90.17,
            "debt_ratio": 54.34,
            "inventory_turnover_ratio": 1.41,
            "account_receivable_turnover_ratio": 1.04,
            "reinvestment_rate": 509.93,
            "research_to_sale_ratio": null,
            "price_fair": 23.9,
            "eps_avg_yearly": 0.68,
            "eps_latest_yearly": 0.92,
            "eps_growth_yearly": 64.26
        },
        "20093": {
            "year_quarter": 20093,
            "year": 2009,
            "quarter": 3,
            "eps": 0.32,
            "eps_growth_year": 60,
            "eps_4q": 0.17,
            "eps_4q_growth_year": -72.59,
            "roe": 2.16,
            "roe_4q": 2.1900000000000004,
            "gross_profit": 1684922,
            "gross_margin": 21.34,
            "gross_margin_4q_avg": 16.46,
            "net_income": 425968,
            "revenue": 7896010,
            "common_shares": 10320848,
            "book_valuer_per_share": 15.95,
            "book_valuer_per_share_4q_avg": 15.59,
            "equity": 19865030,
            "current_ratio": 94.44,
            "debt_ratio": 54.63,
            "inventory_turnover_ratio": 1.51,
            "account_receivable_turnover_ratio": 1.11,
            "reinvestment_rate": 462.47,
            "research_to_sale_ratio": null,
            "price_fair": 26.1,
            "eps_avg_yearly": 0.75,
            "eps_latest_yearly": 1.28,
            "eps_growth_yearly": 75.44
        },
        "20094": {
            "year_quarter": 20094,
            "year": 2009,
            "quarter": 4,
            "eps": 0.3,
            "eps_growth_year": null,
            "eps_4q": 1.09,
            "eps_4q_growth_year": 2122.01,
            "roe": 2.14,
            "roe_4q": 7.630000000000001,
            "gross_profit": 1524713,
            "gross_margin": 17.22,
            "gross_margin_4q_avg": 19.83,
            "net_income": 430397,
            "revenue": 8855608,
            "common_shares": 10320848,
            "book_valuer_per_share": 16.18,
            "book_valuer_per_share_4q_avg": 15.85,
            "equity": 20352279,
            "current_ratio": 99.03,
            "debt_ratio": 53.26,
            "inventory_turnover_ratio": 1.68,
            "account_receivable_turnover_ratio": 2.14,
            "reinvestment_rate": 188.92,
            "research_to_sale_ratio": null,
            "price_fair": 27.8,
            "eps_avg_yearly": 0.79,
            "eps_latest_yearly": 1.2,
            "eps_growth_yearly": 65.09
        },
        "20101": {
            "year_quarter": 20101,
            "year": 2010,
            "quarter": 1,
            "eps": 0.25,
            "eps_growth_year": 0,
            "eps_4q": 1.1,
            "eps_4q_growth_year": 545.42,
            "roe": 1.49,
            "roe_4q": 7.390000000000001,
            "gross_profit": 1425497,
            "gross_margin": 19.98,
            "gross_margin_4q_avg": 19.81,
            "net_income": 304259,
            "revenue": 7134339,
            "common_shares": 10320848,
            "book_valuer_per_share": 16.37,
            "book_valuer_per_share_4q_avg": 16.05,
            "equity": 20441145,
            "current_ratio": 109.02,
            "debt_ratio": 54.86,
            "inventory_turnover_ratio": 1.16,
            "account_receivable_turnover_ratio": 0.91,
            "reinvestment_rate": 551.89,
            "research_to_sale_ratio": 0.37,
            "price_fair": 28.1,
            "eps_avg_yearly": 0.8,
            "eps_latest_yearly": 1,
            "eps_growth_yearly": 40.54
        },
        "20102": {
            "year_quarter": 20102,
            "year": 2010,
            "quarter": 2,
            "eps": 0.56,
            "eps_growth_year": 145.51,
            "eps_4q": 1.43,
            "eps_4q_growth_year": 1812.09,
            "roe": 3.2,
            "roe_4q": 8.99,
            "gross_profit": 1783589,
            "gross_margin": 16.86,
            "gross_margin_4q_avg": 18.85,
            "net_income": 656532,
            "revenue": 10580009,
            "common_shares": 10320848,
            "book_valuer_per_share": 16.33,
            "book_valuer_per_share_4q_avg": 16.21,
            "equity": 20539323,
            "current_ratio": 106.14,
            "debt_ratio": 56.83,
            "inventory_turnover_ratio": 1.6,
            "account_receivable_turnover_ratio": 1.28,
            "reinvestment_rate": 517.19,
            "research_to_sale_ratio": 0.2,
            "price_fair": 31.5,
            "eps_avg_yearly": 0.9,
            "eps_latest_yearly": 2.24,
            "eps_growth_yearly": 75.97
        },
        "20103": {
            "year_quarter": 20103,
            "year": 2010,
            "quarter": 3,
            "eps": 0.28,
            "eps_growth_year": -11.67,
            "eps_4q": 1.4,
            "eps_4q_growth_year": 733.34,
            "roe": 2,
            "roe_4q": 8.83,
            "gross_profit": 1654798,
            "gross_margin": 16.8,
            "gross_margin_4q_avg": 17.72,
            "net_income": 411240,
            "revenue": 9848910,
            "common_shares": 10320848,
            "book_valuer_per_share": 16.47,
            "book_valuer_per_share_4q_avg": 16.34,
            "equity": 20663681,
            "current_ratio": 121.77,
            "debt_ratio": 56.98,
            "inventory_turnover_ratio": 1.43,
            "account_receivable_turnover_ratio": 1.02,
            "reinvestment_rate": 507.11,
            "research_to_sale_ratio": 0.21,
            "price_fair": 32.7,
            "eps_avg_yearly": 0.93,
            "eps_latest_yearly": 1.12,
            "eps_growth_yearly": 69.48
        },
        "20104": {
            "year_quarter": 20104,
            "year": 2010,
            "quarter": 4,
            "eps": 0.42,
            "eps_growth_year": 39.39,
            "eps_4q": 1.52,
            "eps_4q_growth_year": 39.62,
            "roe": 2.86,
            "roe_4q": 9.549999999999999,
            "gross_profit": 1872008,
            "gross_margin": 16.79,
            "gross_margin_4q_avg": 17.61,
            "net_income": 591853,
            "revenue": 11151809,
            "common_shares": 10320848,
            "book_valuer_per_share": 16.5,
            "book_valuer_per_share_4q_avg": 16.42,
            "equity": 20760687,
            "current_ratio": 112.45,
            "debt_ratio": 56.35,
            "inventory_turnover_ratio": 1.56,
            "account_receivable_turnover_ratio": 1.11,
            "reinvestment_rate": 203.77,
            "research_to_sale_ratio": 0.28,
            "price_fair": 35.8,
            "eps_avg_yearly": 1.02,
            "eps_latest_yearly": 1.68,
            "eps_growth_yearly": 92.69
        },
        "20111": {
            "year_quarter": 20111,
            "year": 2011,
            "quarter": 1,
            "eps": 0.23,
            "eps_growth_year": -8,
            "eps_4q": 1.49,
            "eps_4q_growth_year": 36.01,
            "roe": 1.37,
            "roe_4q": 9.43,
            "gross_profit": 1495319,
            "gross_margin": 15.11,
            "gross_margin_4q_avg": 16.39,
            "net_income": 283738,
            "revenue": 9898471,
            "common_shares": 10320848,
            "book_valuer_per_share": 16.73,
            "book_valuer_per_share_4q_avg": 16.51,
            "equity": 20798453,
            "current_ratio": 104.64,
            "debt_ratio": 60.03,
            "inventory_turnover_ratio": 1.33,
            "account_receivable_turnover_ratio": 0.96,
            "reinvestment_rate": 520.31,
            "research_to_sale_ratio": 0.2,
            "price_fair": 36.9,
            "eps_avg_yearly": 1.05,
            "eps_latest_yearly": 0.92,
            "eps_growth_yearly": 77.17
        },
        "20112": {
            "year_quarter": 20112,
            "year": 2011,
            "quarter": 2,
            "eps": 0.25,
            "eps_growth_year": -55.52,
            "eps_4q": 1.14,
            "eps_4q_growth_year": -20.37,
            "roe": 1.55,
            "roe_4q": 7.779999999999999,
            "gross_profit": 1685186,
            "gross_margin": 16.29,
            "gross_margin_4q_avg": 16.25,
            "net_income": 320351,
            "revenue": 10344244,
            "common_shares": 10320848,
            "book_valuer_per_share": 16.43,
            "book_valuer_per_share_4q_avg": 16.53,
            "equity": 20639789,
            "current_ratio": 108.53,
            "debt_ratio": 61.75,
            "inventory_turnover_ratio": 1.3,
            "account_receivable_turnover_ratio": 0.97,
            "reinvestment_rate": 540.88,
            "research_to_sale_ratio": 0.2,
            "price_fair": 37.5,
            "eps_avg_yearly": 1.07,
            "eps_latest_yearly": 1,
            "eps_growth_yearly": 62.99
        },
        "20113": {
            "year_quarter": 20113,
            "year": 2011,
            "quarter": 3,
            "eps": 0.21,
            "eps_growth_year": -25.14,
            "eps_4q": 1.08,
            "eps_4q_growth_year": -22.61,
            "roe": 1.55,
            "roe_4q": 7.33,
            "gross_profit": 1774386,
            "gross_margin": 15.92,
            "gross_margin_4q_avg": 16.03,
            "net_income": 325571,
            "revenue": 11143404,
            "common_shares": 10733682,
            "book_valuer_per_share": 16.36,
            "book_valuer_per_share_4q_avg": 16.51,
            "equity": 21501738,
            "current_ratio": 115.24,
            "debt_ratio": 62.61,
            "inventory_turnover_ratio": 1.27,
            "account_receivable_turnover_ratio": 1,
            "reinvestment_rate": 570.83,
            "research_to_sale_ratio": 0.19,
            "price_fair": 38.6,
            "eps_avg_yearly": 1.1,
            "eps_latest_yearly": 0.84,
            "eps_growth_yearly": 71.95
        },
        "20114": {
            "year_quarter": 20114,
            "year": 2011,
            "quarter": 4,
            "eps": 0.17,
            "eps_growth_year": -58.42,
            "eps_4q": 0.85,
            "eps_4q_growth_year": -43.86,
            "roe": 1.38,
            "roe_4q": 5.85,
            "gross_profit": 1898820,
            "gross_margin": 15.22,
            "gross_margin_4q_avg": 15.64,
            "net_income": 300342,
            "revenue": 12479250,
            "common_shares": 10733682,
            "book_valuer_per_share": 16.61,
            "book_valuer_per_share_4q_avg": 16.53,
            "equity": 22063218,
            "current_ratio": 116.86,
            "debt_ratio": 61.74,
            "inventory_turnover_ratio": 1.38,
            "account_receivable_turnover_ratio": 1.08,
            "reinvestment_rate": 268.92,
            "research_to_sale_ratio": 0.32,
            "price_fair": 38.8,
            "eps_avg_yearly": 1.11,
            "eps_latest_yearly": 0.68,
            "eps_growth_yearly": 52.22
        },
        "20121": {
            "year_quarter": 20121,
            "year": 2012,
            "quarter": 1,
            "eps": 0.12,
            "eps_growth_year": -47.83,
            "eps_4q": 0.76,
            "eps_4q_growth_year": -48.98,
            "roe": 0.93,
            "roe_4q": 5.41,
            "gross_profit": 1847408,
            "gross_margin": 17.98,
            "gross_margin_4q_avg": 16.35,
            "net_income": 201827,
            "revenue": 10275286,
            "common_shares": 10733682,
            "book_valuer_per_share": 16.62,
            "book_valuer_per_share_4q_avg": 16.51,
            "equity": 21568001,
            "current_ratio": 114.28,
            "debt_ratio": 62.04,
            "inventory_turnover_ratio": 1.14,
            "account_receivable_turnover_ratio": 0.92,
            "reinvestment_rate": 265.69,
            "research_to_sale_ratio": 0.25,
            "price_fair": 38.8,
            "eps_avg_yearly": 1.11,
            "eps_latest_yearly": 0.48,
            "eps_growth_yearly": 49.53
        },
        "20122": {
            "year_quarter": 20122,
            "year": 2012,
            "quarter": 2,
            "eps": 0.31,
            "eps_growth_year": 21.93,
            "eps_4q": 0.82,
            "eps_4q_growth_year": -28.56,
            "roe": 1.9,
            "roe_4q": 5.76,
            "gross_profit": 1967169,
            "gross_margin": 16.71,
            "gross_margin_4q_avg": 16.46,
            "net_income": 414884,
            "revenue": 11773406,
            "common_shares": 10733682,
            "book_valuer_per_share": 16.57,
            "book_valuer_per_share_4q_avg": 16.54,
            "equity": 22057647,
            "current_ratio": 116.71,
            "debt_ratio": 61.07,
            "inventory_turnover_ratio": 1.31,
            "account_receivable_turnover_ratio": 1.09,
            "reinvestment_rate": 253.19,
            "research_to_sale_ratio": 0.22,
            "price_fair": 38.5,
            "eps_avg_yearly": 1.1,
            "eps_latest_yearly": 1.24,
            "eps_growth_yearly": 42.39
        },
        "20123": {
            "year_quarter": 20123,
            "year": 2012,
            "quarter": 3,
            "eps": 0.34,
            "eps_growth_year": 59.16,
            "eps_4q": 0.94,
            "eps_4q_growth_year": -13.01,
            "roe": 2.05,
            "roe_4q": 6.26,
            "gross_profit": 1911811,
            "gross_margin": 17.35,
            "gross_margin_4q_avg": 16.82,
            "net_income": 454625,
            "revenue": 11020265,
            "common_shares": 10733682,
            "book_valuer_per_share": 16.78,
            "book_valuer_per_share_4q_avg": 16.65,
            "equity": 22280651,
            "current_ratio": 119.47,
            "debt_ratio": 61.23,
            "inventory_turnover_ratio": 1.16,
            "account_receivable_turnover_ratio": 1.02,
            "reinvestment_rate": 216.34,
            "research_to_sale_ratio": 0.24,
            "price_fair": 39.9,
            "eps_avg_yearly": 1.14,
            "eps_latest_yearly": 1.36,
            "eps_growth_yearly": 56.92
        },
        "20124": {
            "year_quarter": 20124,
            "year": 2012,
            "quarter": 4,
            "eps": 0.28,
            "eps_growth_year": 62.04,
            "eps_4q": 1.05,
            "eps_4q_growth_year": 22.88,
            "roe": 1.8,
            "roe_4q": 6.68,
            "gross_profit": 2169422,
            "gross_margin": 16.76,
            "gross_margin_4q_avg": 17.2,
            "net_income": 404746,
            "revenue": 12944145,
            "common_shares": 10733682,
            "book_valuer_per_share": 16.95,
            "book_valuer_per_share_4q_avg": 16.73,
            "equity": 22571757,
            "current_ratio": 112.91,
            "debt_ratio": 60.4,
            "inventory_turnover_ratio": 1.33,
            "account_receivable_turnover_ratio": 1.16,
            "reinvestment_rate": 173.78,
            "research_to_sale_ratio": 0.25,
            "price_fair": 39.85,
            "eps_avg_yearly": 1.14,
            "eps_latest_yearly": 1.12,
            "eps_growth_yearly": 48.42
        },
        "20131": {
            "year_quarter": 20131,
            "year": 2013,
            "quarter": 1,
            "eps": 0.32,
            "eps_growth_year": 166.67,
            "eps_4q": 1.25,
            "eps_4q_growth_year": 64,
            "roe": 1.6,
            "roe_4q": 7.35,
            "gross_profit": 1859305,
            "gross_margin": 17.93,
            "gross_margin_4q_avg": 17.19,
            "net_income": 360894,
            "revenue": 10372360,
            "common_shares": 10733682,
            "book_valuer_per_share": 16.8,
            "book_valuer_per_share_4q_avg": 16.78,
            "equity": 22607740,
            "current_ratio": 113.09,
            "debt_ratio": 61.15,
            "inventory_turnover_ratio": 1.05,
            "account_receivable_turnover_ratio": 0.99,
            "reinvestment_rate": 153.01,
            "research_to_sale_ratio": 0.29,
            "price_fair": 40.16,
            "eps_avg_yearly": 1.15,
            "eps_latest_yearly": 1.28,
            "eps_growth_yearly": 48.97
        },
        "20132": {
            "year_quarter": 20132,
            "year": 2013,
            "quarter": 2,
            "eps": 0.3,
            "eps_growth_year": -2.04,
            "eps_4q": 1.24,
            "eps_4q_growth_year": 51.89,
            "roe": 1.29,
            "roe_4q": 6.74,
            "gross_profit": 1639715,
            "gross_margin": 15.8,
            "gross_margin_4q_avg": 16.96,
            "net_income": 289054,
            "revenue": 10378159,
            "common_shares": 10733682,
            "book_valuer_per_share": 16.54,
            "book_valuer_per_share_4q_avg": 16.77,
            "equity": 22312844,
            "current_ratio": 111.28,
            "debt_ratio": 59.99,
            "inventory_turnover_ratio": 1.1,
            "account_receivable_turnover_ratio": 1.13,
            "reinvestment_rate": 158.19,
            "research_to_sale_ratio": 0.32,
            "price_fair": 40.78,
            "eps_avg_yearly": 1.17,
            "eps_latest_yearly": 1.2,
            "eps_growth_yearly": 49.4
        },
        "20133": {
            "year_quarter": 20133,
            "year": 2013,
            "quarter": 3,
            "eps": 0.23,
            "eps_growth_year": -31.7,
            "eps_4q": 1.13,
            "eps_4q_growth_year": 19.86,
            "roe": 0.53,
            "roe_4q": 5.22,
            "gross_profit": 1469288,
            "gross_margin": 13.72,
            "gross_margin_4q_avg": 16.05,
            "net_income": 118233,
            "revenue": 10710806,
            "common_shares": 10733682,
            "book_valuer_per_share": 16.8,
            "book_valuer_per_share_4q_avg": 16.77,
            "equity": 22472748,
            "current_ratio": 109.54,
            "debt_ratio": 60.35,
            "inventory_turnover_ratio": 1.21,
            "account_receivable_turnover_ratio": 1.2,
            "reinvestment_rate": 167.83,
            "research_to_sale_ratio": 0.28,
            "price_fair": 39.99,
            "eps_avg_yearly": 1.14,
            "eps_latest_yearly": 0.92,
            "eps_growth_yearly": 33.79
        },
        "20134": {
            "year_quarter": 20134,
            "year": 2013,
            "quarter": 4,
            "eps": 0.27,
            "eps_growth_year": -2.83,
            "eps_4q": 1.12,
            "eps_4q_growth_year": 6.77,
            "roe": 1.53,
            "roe_4q": 4.95,
            "gross_profit": 1701873,
            "gross_margin": 13.83,
            "gross_margin_4q_avg": 15.32,
            "net_income": 348314,
            "revenue": 12301956,
            "common_shares": 10733682,
            "book_valuer_per_share": 17.32,
            "book_valuer_per_share_4q_avg": 16.87,
            "equity": 23180942,
            "current_ratio": 105.6,
            "debt_ratio": 59.63,
            "inventory_turnover_ratio": 1.42,
            "account_receivable_turnover_ratio": 1.25,
            "reinvestment_rate": 136.02,
            "research_to_sale_ratio": 0.25,
            "price_fair": 39.73,
            "eps_avg_yearly": 1.14,
            "eps_latest_yearly": 1.08,
            "eps_growth_yearly": 39.7
        },
        "20141": {
            "year_quarter": 20141,
            "year": 2014,
            "quarter": 1,
            "eps": -0.2,
            "eps_growth_year": -162.5,
            "eps_4q": 0.6,
            "eps_4q_growth_year": -51.88,
            "roe": -2.1,
            "roe_4q": 1.25,
            "gross_profit": 1472744,
            "gross_margin": 14.96,
            "gross_margin_4q_avg": 14.58,
            "net_income": -482227,
            "revenue": 9844481,
            "common_shares": 10733682,
            "book_valuer_per_share": 17.14,
            "book_valuer_per_share_4q_avg": 16.95,
            "equity": 22730550,
            "current_ratio": 103.2,
            "debt_ratio": 60.42,
            "inventory_turnover_ratio": 1.13,
            "account_receivable_turnover_ratio": 0.99,
            "reinvestment_rate": 144.05,
            "research_to_sale_ratio": 0.29,
            "price_fair": 40.04,
            "eps_avg_yearly": 1.14,
            "eps_latest_yearly": 1.08,
            "eps_growth_yearly": 46.79
        },
        "20142": {
            "year_quarter": 20142,
            "year": 2014,
            "quarter": 2,
            "eps": 0.3,
            "eps_growth_year": 0,
            "eps_4q": 0.6,
            "eps_4q_growth_year": -51.78,
            "roe": 0.67,
            "roe_4q": 0.6299999999999999,
            "gross_profit": 1896516,
            "gross_margin": 17.47,
            "gross_margin_4q_avg": 15,
            "net_income": 149514,
            "revenue": 10858102,
            "common_shares": 10733682,
            "book_valuer_per_share": 16.59,
            "book_valuer_per_share_4q_avg": 16.96,
            "equity": 21818145,
            "current_ratio": 85.6,
            "debt_ratio": 61.02,
            "inventory_turnover_ratio": 1.26,
            "account_receivable_turnover_ratio": 1.26,
            "reinvestment_rate": 131.4,
            "research_to_sale_ratio": 0.26,
            "price_fair": 26.32,
            "eps_avg_yearly": 1.07,
            "eps_latest_yearly": 1.08,
            "eps_growth_yearly": 14.7
        },
        "20143": {
            "year_quarter": 20143,
            "year": 2014,
            "quarter": 3,
            "eps": 0.3,
            "eps_growth_year": 30.43,
            "eps_4q": 0.67,
            "eps_4q_growth_year": -40.55,
            "roe": 0.9,
            "roe_4q": 1,
            "gross_profit": 1766036,
            "gross_margin": 15.79,
            "gross_margin_4q_avg": 15.51,
            "net_income": 198392,
            "revenue": 11186385,
            "common_shares": 10733682,
            "book_valuer_per_share": 16.96,
            "book_valuer_per_share_4q_avg": 17,
            "equity": 22160714,
            "current_ratio": 85.2,
            "debt_ratio": 59.68,
            "inventory_turnover_ratio": 1.36,
            "account_receivable_turnover_ratio": 1.35,
            "reinvestment_rate": 137.06,
            "research_to_sale_ratio": 0.25,
            "price_fair": 37.5,
            "eps_avg_yearly": 1.07,
            "eps_latest_yearly": 1.2,
            "eps_growth_yearly": 28.99
        },
        "20144": {
            "year_quarter": 20144,
            "year": 2014,
            "quarter": 4,
            "eps": 0.3,
            "eps_growth_year": 11.16,
            "eps_4q": 0.7,
            "eps_4q_growth_year": -37.4,
            "roe": 1.7,
            "roe_4q": 1.17,
            "gross_profit": 2048882,
            "gross_margin": 15.78,
            "gross_margin_4q_avg": 16,
            "net_income": 381942,
            "revenue": 12981348,
            "common_shares": 10733682,
            "book_valuer_per_share": 17.45,
            "book_valuer_per_share_4q_avg": 17.04,
            "equity": 22857518,
            "current_ratio": 103.11,
            "debt_ratio": 60.21,
            "inventory_turnover_ratio": 1.49,
            "account_receivable_turnover_ratio": 1.41,
            "reinvestment_rate": 129.62,
            "research_to_sale_ratio": 0.2,
            "price_fair": 25.62,
            "eps_avg_yearly": 1.04,
            "eps_latest_yearly": 1.2,
            "eps_growth_yearly": 14.7
        },
        "20151": {
            "year_quarter": 20151,
            "year": 2015,
            "quarter": 1,
            "eps": 0.62,
            "eps_growth_year": null,
            "eps_4q": 1.49,
            "eps_4q_growth_year": 147.63,
            "roe": 2.67,
            "roe_4q": 5.94,
            "gross_profit": 1699781,
            "gross_margin": 15.84,
            "gross_margin_4q_avg": 16.22,
            "net_income": 618167,
            "revenue": 10732939,
            "common_shares": 11082745,
            "book_valuer_per_share": 17.9,
            "book_valuer_per_share_4q_avg": 17.23,
            "equity": 23485323,
            "current_ratio": 103.08,
            "debt_ratio": 59.5,
            "inventory_turnover_ratio": 1.22,
            "account_receivable_turnover_ratio": 1.11,
            "reinvestment_rate": 97.82,
            "research_to_sale_ratio": 0.24,
            "price_fair": 40.2,
            "eps_avg_yearly": 1.15,
            "eps_latest_yearly": 2.48,
            "eps_growth_yearly": 58.1
        },
        "20152": {
            "year_quarter": 20152,
            "year": 2015,
            "quarter": 2,
            "eps": 0.16,
            "eps_growth_year": -46.67,
            "eps_4q": 1.36,
            "eps_4q_growth_year": 127.64,
            "roe": 0.66,
            "roe_4q": 5.930000000000001,
            "gross_profit": 1904517,
            "gross_margin": 17.8,
            "gross_margin_4q_avg": 16.3,
            "net_income": 151880,
            "revenue": 10697020,
            "common_shares": 11082745,
            "book_valuer_per_share": 17.47,
            "book_valuer_per_share_4q_avg": 17.45,
            "equity": 22844594,
            "current_ratio": 101.54,
            "debt_ratio": 59.76,
            "inventory_turnover_ratio": 1.2,
            "account_receivable_turnover_ratio": 1.17,
            "reinvestment_rate": 73.59,
            "research_to_sale_ratio": 0.25,
            "price_fair": 39.3,
            "eps_avg_yearly": 1.12,
            "eps_latest_yearly": 0.64,
            "eps_growth_yearly": 34.42
        },
        "20153": {
            "year_quarter": 20153,
            "year": 2015,
            "quarter": 3,
            "eps": 0.22,
            "eps_growth_year": -26.67,
            "eps_4q": 1.29,
            "eps_4q_growth_year": 92.19,
            "roe": 0.59,
            "roe_4q": 5.62,
            "gross_profit": 1771794,
            "gross_margin": 16.2,
            "gross_margin_4q_avg": 16.41,
            "net_income": 137557,
            "revenue": 10937665,
            "common_shares": 11082745,
            "book_valuer_per_share": 18.13,
            "book_valuer_per_share_4q_avg": 17.74,
            "equity": 23699130,
            "current_ratio": 104.17,
            "debt_ratio": 58.78,
            "inventory_turnover_ratio": 1.26,
            "account_receivable_turnover_ratio": 1.25,
            "reinvestment_rate": 51.59,
            "research_to_sale_ratio": 0.25,
            "price_fair": 39.4,
            "eps_avg_yearly": 1.13,
            "eps_latest_yearly": 0.88,
            "eps_growth_yearly": 49.71
        },
        "20154": {
            "year_quarter": 20154,
            "year": 2015,
            "quarter": 4,
            "eps": 0.06,
            "eps_growth_year": -79.37,
            "eps_4q": 1.06,
            "eps_4q_growth_year": 50.73,
            "roe": -0.27,
            "roe_4q": 3.65,
            "gross_profit": 1785669,
            "gross_margin": 16.2,
            "gross_margin_4q_avg": 16.51,
            "net_income": -63501,
            "revenue": 11022612,
            "common_shares": 11082745,
            "book_valuer_per_share": 17.79,
            "book_valuer_per_share_4q_avg": 17.82,
            "equity": 23100154,
            "current_ratio": 123.85,
            "debt_ratio": 60.83,
            "inventory_turnover_ratio": 1.26,
            "account_receivable_turnover_ratio": 1.25,
            "reinvestment_rate": 52.36,
            "research_to_sale_ratio": 0.24,
            "price_fair": 38.3,
            "eps_avg_yearly": 1.09,
            "eps_latest_yearly": 0.24,
            "eps_growth_yearly": 34.37
        },
        "20161": {
            "year_quarter": 20161,
            "year": 2016,
            "quarter": 1,
            "eps": 0.18,
            "eps_growth_year": -70.97,
            "eps_4q": 0.62,
            "eps_4q_growth_year": -58.3,
            "roe": 0.49,
            "roe_4q": 1.47,
            "gross_profit": 1563234,
            "gross_margin": 16.41,
            "gross_margin_4q_avg": 16.65,
            "net_income": 113269,
            "revenue": 9526384,
            "common_shares": 11082745,
            "book_valuer_per_share": 17.91,
            "book_valuer_per_share_4q_avg": 17.83,
            "equity": 23117265,
            "current_ratio": 128.16,
            "debt_ratio": 59.98,
            "inventory_turnover_ratio": 1.14,
            "account_receivable_turnover_ratio": 1.13,
            "reinvestment_rate": 52.34,
            "research_to_sale_ratio": 0.23,
            "price_fair": 38.9,
            "eps_avg_yearly": 1.11,
            "eps_latest_yearly": 0.72,
            "eps_growth_yearly": 99.92
        },
        "20162": {
            "year_quarter": 20162,
            "year": 2016,
            "quarter": 2,
            "eps": 0.41,
            "eps_growth_year": 156.25,
            "eps_4q": 0.87,
            "eps_4q_growth_year": -35.98,
            "roe": 1.76,
            "roe_4q": 2.57,
            "gross_profit": 1819681,
            "gross_margin": 18.9,
            "gross_margin_4q_avg": 16.93,
            "net_income": 402715,
            "revenue": 9630442,
            "common_shares": 11082745,
            "book_valuer_per_share": 17.56,
            "book_valuer_per_share_4q_avg": 17.85,
            "equity": 22623816,
            "current_ratio": 124.46,
            "debt_ratio": 60.47,
            "inventory_turnover_ratio": 1.16,
            "account_receivable_turnover_ratio": 1.21,
            "reinvestment_rate": 36.11,
            "research_to_sale_ratio": 0.22,
            "price_fair": 39.9,
            "eps_avg_yearly": 1.14,
            "eps_latest_yearly": 1.64,
            "eps_growth_yearly": 91.19
        },
        "20163": {
            "year_quarter": 20163,
            "year": 2016,
            "quarter": 3,
            "eps": 0.35,
            "eps_growth_year": 59.09,
            "eps_4q": 1,
            "eps_4q_growth_year": -22.27,
            "roe": 1.86,
            "roe_4q": 3.8400000000000003,
            "gross_profit": 1812665,
            "gross_margin": 17.56,
            "gross_margin_4q_avg": 17.27,
            "net_income": 420752,
            "revenue": 10322223,
            "common_shares": 11082745,
            "book_valuer_per_share": 17.65,
            "book_valuer_per_share_4q_avg": 17.73,
            "equity": 22511003,
            "current_ratio": 114.84,
            "debt_ratio": 59.92,
            "inventory_turnover_ratio": 1.3,
            "account_receivable_turnover_ratio": 1.25,
            "reinvestment_rate": 23.17,
            "research_to_sale_ratio": 0.21,
            "price_fair": 40,
            "eps_avg_yearly": 1.14,
            "eps_latest_yearly": 1.4,
            "eps_growth_yearly": 84.24
        },
        "20164": {
            "year_quarter": 20164,
            "year": 2016,
            "quarter": 4,
            "eps": 0.23,
            "eps_growth_year": 268.25,
            "eps_4q": 1.17,
            "eps_4q_growth_year": 10.73,
            "roe": 1.19,
            "roe_4q": 5.3,
            "gross_profit": 1772825,
            "gross_margin": 16.71,
            "gross_margin_4q_avg": 17.4,
            "net_income": 268627,
            "revenue": 10606880,
            "common_shares": 11082745,
            "book_valuer_per_share": 17.68,
            "book_valuer_per_share_4q_avg": 17.7,
            "equity": 22527803,
            "current_ratio": 135.25,
            "debt_ratio": 61.6,
            "inventory_turnover_ratio": 1.37,
            "account_receivable_turnover_ratio": 1.21,
            "reinvestment_rate": 5.07,
            "research_to_sale_ratio": 0.2,
            "price_fair": 39.5,
            "eps_avg_yearly": 1.13,
            "eps_latest_yearly": 0.92,
            "eps_growth_yearly": 79.48
        },
        "20171": {
            "year_quarter": 20171,
            "year": 2017,
            "quarter": 1,
            "eps": 0.32,
            "eps_growth_year": 77.78,
            "eps_4q": 1.31,
            "eps_4q_growth_year": 112.01,
            "roe": 1.74,
            "roe_4q": 6.55,
            "gross_profit": 1936857,
            "gross_margin": 18.71,
            "gross_margin_4q_avg": 17.97,
            "net_income": 387990,
            "revenue": 10353678,
            "common_shares": 11082745,
            "book_valuer_per_share": 17.78,
            "book_valuer_per_share_4q_avg": 17.67,
            "equity": 22126364,
            "current_ratio": 142.5,
            "debt_ratio": 61.89,
            "inventory_turnover_ratio": 1.23,
            "account_receivable_turnover_ratio": 1.2,
            "reinvestment_rate": 16.5,
            "research_to_sale_ratio": 0.2,
            "price_fair": 39.5,
            "eps_avg_yearly": 1.13,
            "eps_latest_yearly": 1.28,
            "eps_growth_yearly": 86.58
        },
        "20172": {
            "year_quarter": 20172,
            "year": 2017,
            "quarter": 2,
            "eps": 0.31,
            "eps_growth_year": -24.39,
            "eps_4q": 1.21,
            "eps_4q_growth_year": 38.93,
            "roe": 1.56,
            "roe_4q": 6.3500000000000005,
            "gross_profit": 1759848,
            "gross_margin": 16.83,
            "gross_margin_4q_avg": 17.45,
            "net_income": 343235,
            "revenue": 10456354,
            "common_shares": 11082745,
            "book_valuer_per_share": 17.49,
            "book_valuer_per_share_4q_avg": 17.65,
            "equity": 21850688,
            "current_ratio": 122.38,
            "debt_ratio": 61.75,
            "inventory_turnover_ratio": 1.18,
            "account_receivable_turnover_ratio": 1.22,
            "reinvestment_rate": 20.81,
            "research_to_sale_ratio": 0.2,
            "price_fair": 39.6,
            "eps_avg_yearly": 1.13,
            "eps_latest_yearly": 1.24,
            "eps_growth_yearly": 87.48
        },
        "20173": {
            "year_quarter": 20173,
            "year": 2017,
            "quarter": 3,
            "eps": 0.28,
            "eps_growth_year": -20,
            "eps_4q": 1.14,
            "eps_4q_growth_year": 13.55,
            "roe": 1.32,
            "roe_4q": 5.8100000000000005,
            "gross_profit": 1839269,
            "gross_margin": 16.54,
            "gross_margin_4q_avg": 17.2,
            "net_income": 289143,
            "revenue": 11117074,
            "common_shares": 11082745,
            "book_valuer_per_share": 17.69,
            "book_valuer_per_share_4q_avg": 17.66,
            "equity": 22082227,
            "current_ratio": 120.67,
            "debt_ratio": 62.63,
            "inventory_turnover_ratio": 1.2,
            "account_receivable_turnover_ratio": 1.23,
            "reinvestment_rate": 45.64,
            "research_to_sale_ratio": 0.19,
            "price_fair": 40.1,
            "eps_avg_yearly": 1.15,
            "eps_latest_yearly": 1.12,
            "eps_growth_yearly": 91.38
        },
        "20174": {
            "year_quarter": 20174,
            "year": 2017,
            "quarter": 4,
            "eps": 0.39,
            "eps_growth_year": 68.21,
            "eps_4q": 1.29,
            "eps_4q_growth_year": 10.69,
            "roe": 1.77,
            "roe_4q": 6.390000000000001,
            "gross_profit": 2016610,
            "gross_margin": 18.78,
            "gross_margin_4q_avg": 17.72,
            "net_income": 392268,
            "revenue": 10737193,
            "common_shares": 11082745,
            "book_valuer_per_share": 17.99,
            "book_valuer_per_share_4q_avg": 17.74,
            "equity": 22299316,
            "current_ratio": 117.52,
            "debt_ratio": 62.93,
            "inventory_turnover_ratio": 1.06,
            "account_receivable_turnover_ratio": 1.25,
            "reinvestment_rate": 33.2,
            "research_to_sale_ratio": 0.2,
            "price_fair": 41.3,
            "eps_avg_yearly": 1.18,
            "eps_latest_yearly": 1.56,
            "eps_growth_yearly": 97.63
        },
        "20181": {
            "year_quarter": 20181,
            "year": 2018,
            "quarter": 1,
            "eps": 1.77,
            "eps_growth_year": 453.12,
            "eps_4q": 2.74,
            "eps_4q_growth_year": 108.63,
            "roe": 10.33,
            "roe_4q": 14.98,
            "gross_profit": 1607382,
            "gross_margin": 15.95,
            "gross_margin_4q_avg": 17.03,
            "net_income": 2409768,
            "revenue": 10077999,
            "common_shares": 11082745,
            "book_valuer_per_share": 19.77,
            "book_valuer_per_share_4q_avg": 18.24,
            "equity": 24365859,
            "current_ratio": 143.71,
            "debt_ratio": 61.07,
            "inventory_turnover_ratio": 1.03,
            "account_receivable_turnover_ratio": 1.33,
            "reinvestment_rate": -30.43,
            "research_to_sale_ratio": 0.21,
            "price_fair": 55.07,
            "eps_avg_yearly": 1.57,
            "eps_latest_yearly": 7.08,
            "eps_growth_yearly": 185.48
        },
        "20182": {
            "year_quarter": 20182,
            "year": 2018,
            "quarter": 2,
            "eps": 0.63,
            "eps_growth_year": 103.23,
            "eps_4q": 3.07,
            "eps_4q_growth_year": 153.58,
            "roe": 2.8,
            "roe_4q": 16.22,
            "gross_profit": 2207426,
            "gross_margin": 20.64,
            "gross_margin_4q_avg": 17.98,
            "net_income": 671649,
            "revenue": 10693648,
            "common_shares": 11082745,
            "book_valuer_per_share": 19.68,
            "book_valuer_per_share_4q_avg": 18.78,
            "equity": 23608523,
            "current_ratio": 141.24,
            "debt_ratio": 60.5,
            "inventory_turnover_ratio": 1.08,
            "account_receivable_turnover_ratio": 1.44,
            "reinvestment_rate": -20,
            "research_to_sale_ratio": 0.22,
            "price_fair": 57.14,
            "eps_avg_yearly": 1.63,
            "eps_latest_yearly": 2.52,
            "eps_growth_yearly": 157.79
        },
        "20183": {
            "year_quarter": 20183,
            "year": 2018,
            "quarter": 3,
            "eps": 0.66,
            "eps_growth_year": 135.71,
            "eps_4q": 3.45,
            "eps_4q_growth_year": 203.17,
            "roe": 2.95,
            "roe_4q": 17.849999999999998,
            "gross_profit": 2453964,
            "gross_margin": 24,
            "gross_margin_4q_avg": 19.84,
            "net_income": 702763,
            "revenue": 10226631,
            "common_shares": 11082745,
            "book_valuer_per_share": 20.14,
            "book_valuer_per_share_4q_avg": 19.4,
            "equity": 24059493,
            "current_ratio": 137.92,
            "debt_ratio": 59.37,
            "inventory_turnover_ratio": 0.94,
            "account_receivable_turnover_ratio": 1.38,
            "reinvestment_rate": -11.96,
            "research_to_sale_ratio": 0.23,
            "price_fair": 60.29,
            "eps_avg_yearly": 1.72,
            "eps_latest_yearly": 2.64,
            "eps_growth_yearly": 158.98
        },
        "20184": {
            "year_quarter": 20184,
            "year": 2018,
            "quarter": 4,
            "eps": 0.32,
            "eps_growth_year": -18.47,
            "eps_4q": 3.38,
            "eps_4q_growth_year": 160.71,
            "roe": 1.27,
            "roe_4q": 17.35,
            "gross_profit": 2255213,
            "gross_margin": 22.15,
            "gross_margin_4q_avg": 20.69,
            "net_income": 306006,
            "revenue": 10183231,
            "common_shares": 11082745,
            "book_valuer_per_share": 20.27,
            "book_valuer_per_share_4q_avg": 19.97,
            "equity": 24168875,
            "current_ratio": 143.58,
            "debt_ratio": 59.74,
            "inventory_turnover_ratio": 0.88,
            "account_receivable_turnover_ratio": 1.46,
            "reinvestment_rate": -17.23,
            "research_to_sale_ratio": 0.24,
            "price_fair": 60.46,
            "eps_avg_yearly": 1.73,
            "eps_latest_yearly": 1.28,
            "eps_growth_yearly": 146.1
        },
        "20191": {
            "year_quarter": 20191,
            "year": 2019,
            "quarter": 1,
            "eps": 0.4,
            "eps_growth_year": -77.4,
            "eps_4q": 2,
            "eps_4q_growth_year": -27.04,
            "roe": 1.75,
            "roe_4q": 8.77,
            "gross_profit": 1914867,
            "gross_margin": 21,
            "gross_margin_4q_avg": 21.95,
            "net_income": 428630,
            "revenue": 9119803,
            "common_shares": 11082745,
            "book_valuer_per_share": 20.74,
            "book_valuer_per_share_4q_avg": 20.21,
            "equity": 24701350,
            "current_ratio": 151.35,
            "debt_ratio": 58.94,
            "inventory_turnover_ratio": 0.77,
            "account_receivable_turnover_ratio": 1.41,
            "reinvestment_rate": -25.44,
            "research_to_sale_ratio": 0.26,
            "price_fair": 58.54,
            "eps_avg_yearly": 1.67,
            "eps_latest_yearly": 1.6,
            "eps_growth_yearly": 125.68
        },
        "20192": {
            "year_quarter": 20192,
            "year": 2019,
            "quarter": 2,
            "eps": 0.36,
            "eps_growth_year": -42.86,
            "eps_4q": 1.73,
            "eps_4q_growth_year": -43.62,
            "roe": 1.63,
            "roe_4q": 7.6000000000000005,
            "gross_profit": 2116152,
            "gross_margin": 21.72,
            "gross_margin_4q_avg": 22.22,
            "net_income": 395755,
            "revenue": 9742899,
            "common_shares": 11082745,
            "book_valuer_per_share": 20.02,
            "book_valuer_per_share_4q_avg": 20.29,
            "equity": 23881555,
            "current_ratio": 138.82,
            "debt_ratio": 60.32,
            "inventory_turnover_ratio": 0.82,
            "account_receivable_turnover_ratio": 1.56,
            "reinvestment_rate": -25.64,
            "research_to_sale_ratio": 0.27,
            "price_fair": 60.29,
            "eps_avg_yearly": 1.72,
            "eps_latest_yearly": 1.44,
            "eps_growth_yearly": 141.73
        },
        "20193": {
            "year_quarter": 20193,
            "year": 2019,
            "quarter": 3,
            "eps": 0.63,
            "eps_growth_year": -4.55,
            "eps_4q": 1.7,
            "eps_4q_growth_year": -50.72,
            "roe": 3.18,
            "roe_4q": 7.83,
            "gross_profit": 2316309,
            "gross_margin": 23.1,
            "gross_margin_4q_avg": 21.99,
            "net_income": 769699,
            "revenue": 10027342,
            "common_shares": 11082745,
            "book_valuer_per_share": 20.56,
            "book_valuer_per_share_4q_avg": 20.4,
            "equity": 24527643,
            "current_ratio": 147.54,
            "debt_ratio": 59.49,
            "inventory_turnover_ratio": 0.86,
            "account_receivable_turnover_ratio": 1.56,
            "reinvestment_rate": -35.47,
            "research_to_sale_ratio": 0.25,
            "price_fair": 63.88,
            "eps_avg_yearly": 1.83,
            "eps_latest_yearly": 2.52,
            "eps_growth_yearly": 151.11
        },
        "20194": {
            "year_quarter": 20194,
            "year": 2019,
            "quarter": 4,
            "eps": 0.7,
            "eps_growth_year": 119.76,
            "eps_4q": 2.08,
            "eps_4q_growth_year": -38.42,
            "roe": 3.01,
            "roe_4q": 9.57,
            "gross_profit": 2876922,
            "gross_margin": 25.02,
            "gross_margin_4q_avg": 22.71,
            "net_income": 753018,
            "revenue": 11497532,
            "common_shares": 11082745,
            "book_valuer_per_share": 21.41,
            "book_valuer_per_share_4q_avg": 20.68,
            "equity": 25559027,
            "current_ratio": 161.61,
            "debt_ratio": 56.93,
            "inventory_turnover_ratio": 1.05,
            "account_receivable_turnover_ratio": 1.81,
            "reinvestment_rate": -45.06,
            "research_to_sale_ratio": 0.26,
            "price_fair": 69.48,
            "eps_avg_yearly": 1.99,
            "eps_latest_yearly": 2.8,
            "eps_growth_yearly": 172.07
        },
        "20201": {
            "year_quarter": 20201,
            "year": 2020,
            "quarter": 1,
            "eps": 0.81,
            "eps_growth_year": 102.5,
            "eps_4q": 2.49,
            "eps_4q_growth_year": 24.72,
            "roe": 3.47,
            "roe_4q": 11.29,
            "gross_profit": 2617978,
            "gross_margin": 28.85,
            "gross_margin_4q_avg": 24.67,
            "net_income": 897554,
            "revenue": 9074859,
            "common_shares": 11082745,
            "book_valuer_per_share": 21.99,
            "book_valuer_per_share_4q_avg": 21,
            "equity": 26148811,
            "current_ratio": 164.41,
            "debt_ratio": 56.56,
            "inventory_turnover_ratio": 0.82,
            "account_receivable_turnover_ratio": 1.55,
            "reinvestment_rate": -42.96,
            "research_to_sale_ratio": 0.28,
            "price_fair": 74.99,
            "eps_avg_yearly": 2.14,
            "eps_latest_yearly": 3.24,
            "eps_growth_yearly": 126
        },
        "20202": {
            "year_quarter": 20202,
            "year": 2020,
            "quarter": 2,
            "eps": 0.72,
            "eps_growth_year": 100,
            "eps_4q": 2.86,
            "eps_4q_growth_year": 65.23,
            "roe": 3.16,
            "roe_4q": 12.82,
            "gross_profit": 2457291,
            "gross_margin": 25.65,
            "gross_margin_4q_avg": 25.66,
            "net_income": 806367,
            "revenue": 9578327,
            "common_shares": 11082745,
            "book_valuer_per_share": 21.15,
            "book_valuer_per_share_4q_avg": 21.28,
            "equity": 24863696,
            "current_ratio": 146.66,
            "debt_ratio": 57.81,
            "inventory_turnover_ratio": 0.88,
            "account_receivable_turnover_ratio": 1.79,
            "reinvestment_rate": -36.39,
            "research_to_sale_ratio": 0.28,
            "price_fair": 77.7,
            "eps_avg_yearly": 2.22,
            "eps_latest_yearly": 2.88,
            "eps_growth_yearly": 91.27
        },
        "20203": {
            "year_quarter": 20203,
            "year": 2020,
            "quarter": 3,
            "eps": 0.83,
            "eps_growth_year": 31.75,
            "eps_4q": 3.06,
            "eps_4q_growth_year": 80.01,
            "roe": 3.63,
            "roe_4q": 13.27,
            "gross_profit": 2567395,
            "gross_margin": 25.02,
            "gross_margin_4q_avg": 26.14,
            "net_income": 918259,
            "revenue": 10262075,
            "common_shares": 11082745,
            "book_valuer_per_share": 21.97,
            "book_valuer_per_share_4q_avg": 21.63,
            "equity": 25780990,
            "current_ratio": 146.75,
            "debt_ratio": 56.48,
            "inventory_turnover_ratio": 0.96,
            "account_receivable_turnover_ratio": 1.83,
            "reinvestment_rate": -21.33,
            "research_to_sale_ratio": 0.25,
            "price_fair": 81.9,
            "eps_avg_yearly": 2.34,
            "eps_latest_yearly": 3.32,
            "eps_growth_yearly": 98.75
        },
        "20204": {
            "year_quarter": 20204,
            "year": 2020,
            "quarter": 4,
            "eps": 1,
            "eps_growth_year": 43.75,
            "eps_4q": 3.36,
            "eps_4q_growth_year": 61.8,
            "roe": 4.27,
            "roe_4q": 14.53,
            "gross_profit": 2973101,
            "gross_margin": 26.64,
            "gross_margin_4q_avg": 26.54,
            "net_income": 1121689,
            "revenue": 11159129,
            "common_shares": 11082745,
            "book_valuer_per_share": 22.92,
            "book_valuer_per_share_4q_avg": 22.01,
            "equity": 26786556,
            "current_ratio": 146.33,
            "debt_ratio": 56.09,
            "inventory_turnover_ratio": 1.06,
            "account_receivable_turnover_ratio": 1.8,
            "reinvestment_rate": -5.94,
            "research_to_sale_ratio": 0.23,
            "price_fair": 88.64,
            "eps_avg_yearly": 2.53,
            "eps_latest_yearly": 4,
            "eps_growth_yearly": 112.44
        },
        "20211": {
            "year_quarter": 20211,
            "year": 2021,
            "quarter": 1,
            "eps": 1.12,
            "eps_growth_year": 38.27,
            "eps_4q": 3.67,
            "eps_4q_growth_year": 47.24,
            "roe": 4.57,
            "roe_4q": 15.629999999999999,
            "gross_profit": 2829626,
            "gross_margin": 27.51,
            "gross_margin_4q_avg": 26.21,
            "net_income": 1254667,
            "revenue": 10286788,
            "common_shares": 11082745,
            "book_valuer_per_share": 24.09,
            "book_valuer_per_share_4q_avg": 22.53,
            "equity": 28116129,
            "current_ratio": 145.83,
            "debt_ratio": 54.83,
            "inventory_turnover_ratio": 0.95,
            "account_receivable_turnover_ratio": 1.6,
            "reinvestment_rate": 3.55,
            "research_to_sale_ratio": 0.28,
            "price_fair": 95.64,
            "eps_avg_yearly": 2.73,
            "eps_latest_yearly": 4.48,
            "eps_growth_yearly": 105.66
        },
        "20212": {
            "year_quarter": 20212,
            "year": 2021,
            "quarter": 2,
            "eps": 1.04,
            "eps_growth_year": 44.44,
            "eps_4q": 3.99,
            "eps_4q_growth_year": 39.68,
            "roe": 3.98,
            "roe_4q": 16.45,
            "gross_profit": 3033109,
            "gross_margin": 26.27,
            "gross_margin_4q_avg": 26.36,
            "net_income": 1142221,
            "revenue": 11545004,
            "common_shares": 11082745,
            "book_valuer_per_share": 25.12,
            "book_valuer_per_share_4q_avg": 23.53,
            "equity": 29224822,
            "current_ratio": 138.42,
            "debt_ratio": 55.53,
            "inventory_turnover_ratio": 1.01,
            "account_receivable_turnover_ratio": 1.71,
            "reinvestment_rate": 17.56,
            "research_to_sale_ratio": 0.24,
            "price_fair": 102.03,
            "eps_avg_yearly": 2.92,
            "eps_latest_yearly": 4.16,
            "eps_growth_yearly": 104.66
        },
        "20213": {
            "year_quarter": 20213,
            "year": 2021,
            "quarter": 3,
            "eps": 0.7,
            "eps_growth_year": -15.66,
            "eps_4q": 3.86,
            "eps_4q_growth_year": 26.3,
            "roe": 2.82,
            "roe_4q": 15.64,
            "gross_profit": 2129531,
            "gross_margin": 19.11,
            "gross_margin_4q_avg": 24.88,
            "net_income": 809067,
            "revenue": 11141249,
            "common_shares": 11082745,
            "book_valuer_per_share": 24.04,
            "book_valuer_per_share_4q_avg": 24.04,
            "equity": 28067275,
            "current_ratio": 122.55,
            "debt_ratio": 57.27,
            "inventory_turnover_ratio": 1,
            "account_receivable_turnover_ratio": 1.66,
            "reinvestment_rate": 13.01,
            "research_to_sale_ratio": 0.25,
            "price_fair": 105.7,
            "eps_avg_yearly": 3.02,
            "eps_latest_yearly": 2.8,
            "eps_growth_yearly": 98.9
        },
        "20214": {
            "year_quarter": 20214,
            "year": 2021,
            "quarter": 4,
            "eps": 0.71,
            "eps_growth_year": -28.65,
            "eps_4q": 3.58,
            "eps_4q_growth_year": 6.32,
            "roe": 2.85,
            "roe_4q": 14.22,
            "gross_profit": 2210426,
            "gross_margin": 18.4,
            "gross_margin_4q_avg": 22.82,
            "net_income": 805533,
            "revenue": 12013049,
            "common_shares": 11082745,
            "book_valuer_per_share": 24.59,
            "book_valuer_per_share_4q_avg": 24.46,
            "equity": 28400205,
            "current_ratio": 144.49,
            "debt_ratio": 57.25,
            "inventory_turnover_ratio": 1.1,
            "account_receivable_turnover_ratio": 1.73,
            "reinvestment_rate": 15.46,
            "research_to_sale_ratio": 0.28,
            "price_fair": 108.5,
            "eps_avg_yearly": 3.1,
            "eps_latest_yearly": 2.84,
            "eps_growth_yearly": 89.44
        },
        "20221": {
            "year_quarter": 20221,
            "year": 2022,
            "quarter": 1,
            "eps": 0.67,
            "eps_growth_year": -40.18,
            "eps_4q": 3.13,
            "eps_4q_growth_year": -14.92,
            "roe": 2.7,
            "roe_4q": 12.350000000000001,
            "gross_profit": 2207742,
            "gross_margin": 19.57,
            "gross_margin_4q_avg": 20.84,
            "net_income": 750823,
            "revenue": 11279598,
            "common_shares": 11082745,
            "book_valuer_per_share": 23.55,
            "book_valuer_per_share_4q_avg": 24.33,
            "equity": 27284100,
            "current_ratio": 134.87,
            "debt_ratio": 59.49,
            "inventory_turnover_ratio": 1.03,
            "account_receivable_turnover_ratio": 1.58,
            "reinvestment_rate": 50.63,
            "research_to_sale_ratio": 0.25,
            "price_fair": 8.48,
            "eps_avg_yearly": 2.83,
            "eps_latest_yearly": 2.68,
            "eps_growth_yearly": -0.43
        },
        "20222": {
            "year_quarter": 20222,
            "year": 2022,
            "quarter": 2,
            "eps": 1.12,
            "eps_growth_year": 7.69,
            "eps_4q": 3.2,
            "eps_4q_growth_year": -19.81,
            "roe": 5.06,
            "roe_4q": 13.43,
            "gross_profit": 1986004,
            "gross_margin": 17.23,
            "gross_margin_4q_avg": 18.58,
            "net_income": 1410195,
            "revenue": 11525272,
            "common_shares": 11082745,
            "book_valuer_per_share": 24.48,
            "book_valuer_per_share_4q_avg": 24.17,
            "equity": 28488377,
            "current_ratio": 137.82,
            "debt_ratio": 58.78,
            "inventory_turnover_ratio": 1.05,
            "account_receivable_turnover_ratio": 1.69,
            "reinvestment_rate": 52.47,
            "research_to_sale_ratio": 0.24,
            "price_fair": 103.16,
            "eps_avg_yearly": 2.95,
            "eps_latest_yearly": 4.48,
            "eps_growth_yearly": 32.46
        },
        "20223": {
            "year_quarter": 20223,
            "year": 2022,
            "quarter": 3,
            "eps": 0.2,
            "eps_growth_year": -71.43,
            "eps_4q": 2.7,
            "eps_4q_growth_year": -29.99,
            "roe": 0.86,
            "roe_4q": 11.47,
            "gross_profit": 1342293,
            "gross_margin": 12.64,
            "gross_margin_4q_avg": 16.96,
            "net_income": 247053,
            "revenue": 10617330,
            "common_shares": 11082745,
            "book_valuer_per_share": 24.99,
            "book_valuer_per_share_4q_avg": 24.4,
            "equity": 28913182,
            "current_ratio": 146.89,
            "debt_ratio": 58.27,
            "inventory_turnover_ratio": 0.99,
            "account_receivable_turnover_ratio": 1.55,
            "reinvestment_rate": 57.15,
            "research_to_sale_ratio": 0.29,
            "price_fair": 58.73,
            "eps_avg_yearly": 2.83,
            "eps_latest_yearly": 0.8,
            "eps_growth_yearly": 10.73
        },
        "20224": {
            "year_quarter": 20224,
            "year": 2022,
            "quarter": 4,
            "eps": 0.28,
            "eps_growth_year": -60.28,
            "eps_4q": 2.27,
            "eps_4q_growth_year": -36.42,
            "roe": 1.04,
            "roe_4q": 9.66,
            "gross_profit": 1796733,
            "gross_margin": 17.11,
            "gross_margin_4q_avg": 16.64,
            "net_income": 301418,
            "revenue": 10499528,
            "common_shares": 11082745,
            "book_valuer_per_share": 25.57,
            "book_valuer_per_share_4q_avg": 24.65,
            "equity": 29297781,
            "current_ratio": 153.16,
            "debt_ratio": 58.15,
            "inventory_turnover_ratio": 0.91,
            "account_receivable_turnover_ratio": 1.59,
            "reinvestment_rate": 69.23,
            "research_to_sale_ratio": 0.31,
            "price_fair": 98.79,
            "eps_avg_yearly": 2.82,
            "eps_latest_yearly": 1.12,
            "eps_growth_yearly": 33.61
        },
        "20231": {
            "year_quarter": 20231,
            "year": 2023,
            "quarter": 1,
            "eps": 0.31,
            "eps_growth_year": -53.73,
            "eps_4q": 1.92,
            "eps_4q_growth_year": -38.61,
            "roe": 1.2,
            "roe_4q": 8.16,
            "gross_profit": 1773490,
            "gross_margin": 17.42,
            "gross_margin_4q_avg": 16.1,
            "net_income": 348744,
            "revenue": 10181373,
            "common_shares": 11082745,
            "book_valuer_per_share": 24.98,
            "book_valuer_per_share_4q_avg": 25.01,
            "equity": 28635849,
            "current_ratio": 136.42,
            "debt_ratio": 58.28,
            "inventory_turnover_ratio": 0.95,
            "account_receivable_turnover_ratio": 1.6,
            "reinvestment_rate": 75.28,
            "research_to_sale_ratio": 0.31,
            "price_fair": 98,
            "eps_avg_yearly": 2.8,
            "eps_latest_yearly": 1.24,
            "eps_growth_yearly": 30.04
        }
    },
    "months": {
        "2001-06": {
            "month": "2001-06",
            "price": "5.72",
            "revenue": 1127966
        },
        "2001-07": {
            "month": "2001-07",
            "price": "4.51",
            "revenue": 1180559
        },
        "2001-08": {
            "month": "2001-08",
            "price": "4.86",
            "revenue": 1235970
        },
        "2001-09": {
            "month": "2001-09",
            "price": "4.46",
            "revenue": 1139718
        },
        "2001-10": {
            "month": "2001-10",
            "price": "4.03",
            "revenue": 1169836
        },
        "2001-11": {
            "month": "2001-11",
            "price": "4.04",
            "revenue": 1181857
        },
        "2001-12": {
            "month": "2001-12",
            "price": "4.47",
            "revenue": 1638893
        },
        "2002-01": {
            "month": "2002-01",
            "price": "5.01",
            "revenue": 1258279
        },
        "2002-02": {
            "month": "2002-02",
            "price": "5.68",
            "revenue": 943817
        },
        "2002-03": {
            "month": "2002-03",
            "price": "7.01",
            "revenue": 1469244
        },
        "2002-04": {
            "month": "2002-04",
            "price": "7.20",
            "revenue": 1484971
        },
        "2002-05": {
            "month": "2002-05",
            "price": "7.35",
            "revenue": 1397984
        },
        "2002-06": {
            "month": "2002-06",
            "price": "8.27",
            "revenue": 1403043
        },
        "2002-07": {
            "month": "2002-07",
            "price": "7.88",
            "revenue": 1422371
        },
        "2002-08": {
            "month": "2002-08",
            "price": "7.61",
            "revenue": 1311871
        },
        "2002-09": {
            "month": "2002-09",
            "price": "6.85",
            "revenue": 1276599
        },
        "2002-10": {
            "month": "2002-10",
            "price": "7.10",
            "revenue": 1565053
        },
        "2002-11": {
            "month": "2002-11",
            "price": "8.21",
            "revenue": 1356914
        },
        "2002-12": {
            "month": "2002-12",
            "price": "9.10",
            "revenue": 1412463
        },
        "2003-01": {
            "month": "2003-01",
            "price": "12.16",
            "revenue": 1471989
        },
        "2003-02": {
            "month": "2003-02",
            "price": "10.93",
            "revenue": 1370703
        },
        "2003-03": {
            "month": "2003-03",
            "price": "9.09",
            "revenue": 1437718
        },
        "2003-04": {
            "month": "2003-04",
            "price": "9.21",
            "revenue": 1334433
        },
        "2003-05": {
            "month": "2003-05",
            "price": "8.67",
            "revenue": 1472834
        },
        "2003-06": {
            "month": "2003-06",
            "price": "9.58",
            "revenue": 1588442
        },
        "2003-07": {
            "month": "2003-07",
            "price": "9.88",
            "revenue": 1662481
        },
        "2003-08": {
            "month": "2003-08",
            "price": "10.34",
            "revenue": 1624891
        },
        "2003-09": {
            "month": "2003-09",
            "price": "10.25",
            "revenue": 1642006
        },
        "2003-10": {
            "month": "2003-10",
            "price": "11.19",
            "revenue": 1742666
        },
        "2003-11": {
            "month": "2003-11",
            "price": "11.38",
            "revenue": 1736203
        },
        "2003-12": {
            "month": "2003-12",
            "price": "11.30",
            "revenue": 1665538
        },
        "2004-01": {
            "month": "2004-01",
            "price": "13.46",
            "revenue": 1555466
        },
        "2004-02": {
            "month": "2004-02",
            "price": "14.48",
            "revenue": 1652192
        },
        "2004-03": {
            "month": "2004-03",
            "price": "14.69",
            "revenue": 1763674
        },
        "2004-04": {
            "month": "2004-04",
            "price": "13.73",
            "revenue": 1706585
        },
        "2004-05": {
            "month": "2004-05",
            "price": "12.14",
            "revenue": 1719406
        },
        "2004-06": {
            "month": "2004-06",
            "price": "11.67",
            "revenue": 1609122
        },
        "2004-07": {
            "month": "2004-07",
            "price": "11.37",
            "revenue": 1688317
        },
        "2004-08": {
            "month": "2004-08",
            "price": "10.60",
            "revenue": 1534161
        },
        "2004-09": {
            "month": "2004-09",
            "price": "11.91",
            "revenue": 1696001
        },
        "2004-10": {
            "month": "2004-10",
            "price": "12.00",
            "revenue": 1621494
        },
        "2004-11": {
            "month": "2004-11",
            "price": "11.83",
            "revenue": 1744774
        },
        "2004-12": {
            "month": "2004-12",
            "price": "12.02",
            "revenue": 1867294
        },
        "2005-01": {
            "month": "2005-01",
            "price": "12.69",
            "revenue": 1806667
        },
        "2005-02": {
            "month": "2005-02",
            "price": "12.27",
            "revenue": 1294169
        },
        "2005-03": {
            "month": "2005-03",
            "price": "11.79",
            "revenue": 1845520
        },
        "2005-04": {
            "month": "2005-04",
            "price": "10.59",
            "revenue": 1679070
        },
        "2005-05": {
            "month": "2005-05",
            "price": "9.89",
            "revenue": 1708955
        },
        "2005-06": {
            "month": "2005-06",
            "price": "10.24",
            "revenue": 1729361
        },
        "2005-07": {
            "month": "2005-07",
            "price": "9.39",
            "revenue": 1735132
        },
        "2005-08": {
            "month": "2005-08",
            "price": "9.05",
            "revenue": 1733461
        },
        "2005-09": {
            "month": "2005-09",
            "price": "8.51",
            "revenue": 1756824
        },
        "2005-10": {
            "month": "2005-10",
            "price": "8.09",
            "revenue": 1730093
        },
        "2005-11": {
            "month": "2005-11",
            "price": "7.76",
            "revenue": 1803647
        },
        "2005-12": {
            "month": "2005-12",
            "price": "8.14",
            "revenue": 1823532
        },
        "2006-01": {
            "month": "2006-01",
            "price": "8.02",
            "revenue": 1898448
        },
        "2006-02": {
            "month": "2006-02",
            "price": "8.55",
            "revenue": 1625328
        },
        "2006-03": {
            "month": "2006-03",
            "price": "9.72",
            "revenue": 1852743
        },
        "2006-04": {
            "month": "2006-04",
            "price": "11.41",
            "revenue": 1755974
        },
        "2006-05": {
            "month": "2006-05",
            "price": "11.73",
            "revenue": 1710025
        },
        "2006-06": {
            "month": "2006-06",
            "price": "10.36",
            "revenue": 1819368
        },
        "2006-07": {
            "month": "2006-07",
            "price": "10.02",
            "revenue": 1746774
        },
        "2006-08": {
            "month": "2006-08",
            "price": "10.70",
            "revenue": 1830714
        },
        "2006-09": {
            "month": "2006-09",
            "price": "10.54",
            "revenue": 1846916
        },
        "2006-10": {
            "month": "2006-10",
            "price": "11.76",
            "revenue": 1765489
        },
        "2006-11": {
            "month": "2006-11",
            "price": "12.06",
            "revenue": 1831119
        },
        "2006-12": {
            "month": "2006-12",
            "price": "13.15",
            "revenue": 1823383
        },
        "2007-01": {
            "month": "2007-01",
            "price": "12.50",
            "revenue": 1884578
        },
        "2007-02": {
            "month": "2007-02",
            "price": "12.92",
            "revenue": 1432065
        },
        "2007-03": {
            "month": "2007-03",
            "price": "12.45",
            "revenue": 2129289
        },
        "2007-04": {
            "month": "2007-04",
            "price": "13.47",
            "revenue": 1915314
        },
        "2007-05": {
            "month": "2007-05",
            "price": "12.72",
            "revenue": 1955323
        },
        "2007-06": {
            "month": "2007-06",
            "price": "13.19",
            "revenue": 1916453
        },
        "2007-07": {
            "month": "2007-07",
            "price": "14.37",
            "revenue": 1921216
        },
        "2007-08": {
            "month": "2007-08",
            "price": "13.32",
            "revenue": 1990394
        },
        "2007-09": {
            "month": "2007-09",
            "price": "13.06",
            "revenue": 1909411
        },
        "2007-10": {
            "month": "2007-10",
            "price": "13.38",
            "revenue": 2189993
        },
        "2007-11": {
            "month": "2007-11",
            "price": "11.28",
            "revenue": 2159198
        },
        "2007-12": {
            "month": "2007-12",
            "price": "10.80",
            "revenue": 2201028
        },
        "2008-01": {
            "month": "2008-01",
            "price": "10.95",
            "revenue": 1969169
        },
        "2008-02": {
            "month": "2008-02",
            "price": "11.45",
            "revenue": 1715656
        },
        "2008-03": {
            "month": "2008-03",
            "price": "12.00",
            "revenue": 2192055
        },
        "2008-04": {
            "month": "2008-04",
            "price": "12.50",
            "revenue": 2118572
        },
        "2008-05": {
            "month": "2008-05",
            "price": "12.75",
            "revenue": 2105723
        },
        "2008-06": {
            "month": "2008-06",
            "price": "11.20",
            "revenue": 1887156
        },
        "2008-07": {
            "month": "2008-07",
            "price": "10.07",
            "revenue": 1982397
        },
        "2008-08": {
            "month": "2008-08",
            "price": "9.44",
            "revenue": 2039353
        },
        "2008-09": {
            "month": "2008-09",
            "price": "8.24",
            "revenue": 2000542
        },
        "2008-10": {
            "month": "2008-10",
            "price": "7.11",
            "revenue": 1999103
        },
        "2008-11": {
            "month": "2008-11",
            "price": "6.73",
            "revenue": 1706448
        },
        "2008-12": {
            "month": "2008-12",
            "price": "6.72",
            "revenue": 1682909
        },
        "2009-01": {
            "month": "2009-01",
            "price": "6.59",
            "revenue": 1114659
        },
        "2009-02": {
            "month": "2009-02",
            "price": "6.14",
            "revenue": 1383867
        },
        "2009-03": {
            "month": "2009-03",
            "price": "6.44",
            "revenue": 1520713
        },
        "2009-04": {
            "month": "2009-04",
            "price": "7.73",
            "revenue": 1502200
        },
        "2009-05": {
            "month": "2009-05",
            "price": "9.94",
            "revenue": 1448711
        },
        "2009-06": {
            "month": "2009-06",
            "price": "9.77",
            "revenue": 1630472
        },
        "2009-07": {
            "month": "2009-07",
            "price": "10.01",
            "revenue": 1616600
        },
        "2009-08": {
            "month": "2009-08",
            "price": "10.72",
            "revenue": 1587102
        },
        "2009-09": {
            "month": "2009-09",
            "price": "11.45",
            "revenue": 1640737
        },
        "2009-10": {
            "month": "2009-10",
            "price": "11.26",
            "revenue": 1667130
        },
        "2009-11": {
            "month": "2009-11",
            "price": "11.36",
            "revenue": 1671073
        },
        "2009-12": {
            "month": "2009-12",
            "price": "12.61",
            "revenue": 1695079
        },
        "2010-01": {
            "month": "2010-01",
            "price": "12.72",
            "revenue": 1761940
        },
        "2010-02": {
            "month": "2010-02",
            "price": "11.80",
            "revenue": 1530940
        },
        "2010-03": {
            "month": "2010-03",
            "price": "12.34",
            "revenue": 2121033
        },
        "2010-04": {
            "month": "2010-04",
            "price": "12.63",
            "revenue": 1968964
        },
        "2010-05": {
            "month": "2010-05",
            "price": "11.65",
            "revenue": 1902088
        },
        "2010-06": {
            "month": "2010-06",
            "price": "11.61",
            "revenue": 1827274
        },
        "2010-07": {
            "month": "2010-07",
            "price": "11.96",
            "revenue": 1917612
        },
        "2010-08": {
            "month": "2010-08",
            "price": "12.62",
            "revenue": 1945972
        },
        "2010-09": {
            "month": "2010-09",
            "price": "13.32",
            "revenue": 2077213
        },
        "2010-10": {
            "month": "2010-10",
            "price": "13.89",
            "revenue": 2036102
        },
        "2010-11": {
            "month": "2010-11",
            "price": "13.73",
            "revenue": 2009687
        },
        "2010-12": {
            "month": "2010-12",
            "price": "13.79",
            "revenue": 2029730
        },
        "2011-01": {
            "month": "2011-01",
            "price": "14.26",
            "revenue": 1962046
        },
        "2011-02": {
            "month": "2011-02",
            "price": "13.92",
            "revenue": 1690068
        },
        "2011-03": {
            "month": "2011-03",
            "price": "13.55",
            "revenue": 2126098
        },
        "2011-04": {
            "month": "2011-04",
            "price": "14.09",
            "revenue": 2020988
        },
        "2011-05": {
            "month": "2011-05",
            "price": "13.93",
            "revenue": 1968947
        },
        "2011-06": {
            "month": "2011-06",
            "price": "13.74",
            "revenue": 1877101
        },
        "2011-07": {
            "month": "2011-07",
            "price": "13.67",
            "revenue": 1994455
        },
        "2011-08": {
            "month": "2011-08",
            "price": "12.33",
            "revenue": 2146516
        },
        "2011-09": {
            "month": "2011-09",
            "price": "11.81",
            "revenue": 2080165
        },
        "2011-10": {
            "month": "2011-10",
            "price": "11.74",
            "revenue": 2105251
        },
        "2011-11": {
            "month": "2011-11",
            "price": "11.64",
            "revenue": 2109505
        },
        "2011-12": {
            "month": "2011-12",
            "price": "10.91",
            "revenue": 2110256
        },
        "2012-01": {
            "month": "2012-01",
            "price": "10.90",
            "revenue": 1693498
        },
        "2012-02": {
            "month": "2012-02",
            "price": "11.74",
            "revenue": 1938712
        },
        "2012-03": {
            "month": "2012-03",
            "price": "12.05",
            "revenue": 2360421
        },
        "2012-04": {
            "month": "2012-04",
            "price": "11.83",
            "revenue": 2235178
        },
        "2012-05": {
            "month": "2012-05",
            "price": "11.36",
            "revenue": 2203449
        },
        "2012-06": {
            "month": "2012-06",
            "price": "11.18",
            "revenue": 2137346
        },
        "2012-07": {
            "month": "2012-07",
            "price": "11.07",
            "revenue": 2110278
        },
        "2012-08": {
            "month": "2012-08",
            "price": "11.29",
            "revenue": 2149941
        },
        "2012-09": {
            "month": "2012-09",
            "price": "11.83",
            "revenue": 1962751
        },
        "2012-10": {
            "month": "2012-10",
            "price": "11.75",
            "revenue": 2176689
        },
        "2012-11": {
            "month": "2012-11",
            "price": "11.98",
            "revenue": 2184935
        },
        "2012-12": {
            "month": "2012-12",
            "price": "12.25",
            "revenue": 1997227
        },
        "2013-01": {
            "month": "2013-01",
            "price": "12.35",
            "revenue": 4171162
        },
        "2013-02": {
            "month": "2013-02",
            "price": "12.49",
            "revenue": 3027424
        },
        "2013-03": {
            "month": "2013-03",
            "price": "12.77",
            "revenue": 3173774
        },
        "2013-04": {
            "month": "2013-04",
            "price": "13.22",
            "revenue": 3513931
        },
        "2013-05": {
            "month": "2013-05",
            "price": "13.46",
            "revenue": 3581330
        },
        "2013-06": {
            "month": "2013-06",
            "price": "13.37",
            "revenue": 3279695
        },
        "2013-07": {
            "month": "2013-07",
            "price": "13.27",
            "revenue": 3580126
        },
        "2013-08": {
            "month": "2013-08",
            "price": "13.13",
            "revenue": 3628543
        },
        "2013-09": {
            "month": "2013-09",
            "price": "13.44",
            "revenue": 3373447
        },
        "2013-10": {
            "month": "2013-10",
            "price": "13.77",
            "revenue": 3505776
        },
        "2013-11": {
            "month": "2013-11",
            "price": "14.05",
            "revenue": 3711389
        },
        "2013-12": {
            "month": "2013-12",
            "price": "14.41",
            "revenue": 4645326
        },
        "2014-01": {
            "month": "2014-01",
            "price": "14.39",
            "revenue": 3494707
        },
        "2014-02": {
            "month": "2014-02",
            "price": "14.05",
            "revenue": 3293645
        },
        "2014-03": {
            "month": "2014-03",
            "price": "13.89",
            "revenue": 3149344
        },
        "2014-04": {
            "month": "2014-04",
            "price": "13.51",
            "revenue": 3729463
        },
        "2014-05": {
            "month": "2014-05",
            "price": "13.01",
            "revenue": 3647110
        },
        "2014-06": {
            "month": "2014-06",
            "price": "12.96",
            "revenue": 3528346
        },
        "2014-07": {
            "month": "2014-07",
            "price": "12.65",
            "revenue": 3769830
        },
        "2014-08": {
            "month": "2014-08",
            "price": "12.65",
            "revenue": 3535376
        },
        "2014-09": {
            "month": "2014-09",
            "price": "12.89",
            "revenue": 3785358
        },
        "2014-10": {
            "month": "2014-10",
            "price": "13.04",
            "revenue": 3941257
        },
        "2014-11": {
            "month": "2014-11",
            "price": "13.15",
            "revenue": 3772640
        },
        "2014-12": {
            "month": "2014-12",
            "price": "12.84",
            "revenue": 4544173
        },
        "2015-01": {
            "month": "2015-01",
            "price": "12.80",
            "revenue": 3921027
        },
        "2015-02": {
            "month": "2015-02",
            "price": "12.68",
            "revenue": 3065936
        },
        "2015-03": {
            "month": "2015-03",
            "price": "12.43",
            "revenue": 3787871
        },
        "2015-04": {
            "month": "2015-04",
            "price": "12.93",
            "revenue": 3699904
        },
        "2015-05": {
            "month": "2015-05",
            "price": "13.04",
            "revenue": 3585251
        },
        "2015-06": {
            "month": "2015-06",
            "price": "12.45",
            "revenue": 3413276
        },
        "2015-07": {
            "month": "2015-07",
            "price": "11.71",
            "revenue": 3787852
        },
        "2015-08": {
            "month": "2015-08",
            "price": "11.42",
            "revenue": 3573192
        },
        "2015-09": {
            "month": "2015-09",
            "price": "11.54",
            "revenue": 3579475
        },
        "2015-10": {
            "month": "2015-10",
            "price": "11.47",
            "revenue": 3574904
        },
        "2015-11": {
            "month": "2015-11",
            "price": "11.55",
            "revenue": 3544237
        },
        "2015-12": {
            "month": "2015-12",
            "price": "11.35",
            "revenue": 3836227
        },
        "2016-01": {
            "month": "2016-01",
            "price": "10.98",
            "revenue": 3476020
        },
        "2016-02": {
            "month": "2016-02",
            "price": "11.18",
            "revenue": 2619416
        },
        "2016-03": {
            "month": "2016-03",
            "price": "11.56",
            "revenue": 3430947
        },
        "2016-04": {
            "month": "2016-04",
            "price": "11.52",
            "revenue": 3120129
        },
        "2016-05": {
            "month": "2016-05",
            "price": "11.39",
            "revenue": 3198140
        },
        "2016-06": {
            "month": "2016-06",
            "price": "11.53",
            "revenue": 3312173
        },
        "2016-07": {
            "month": "2016-07",
            "price": "11.27",
            "revenue": 3496433
        },
        "2016-08": {
            "month": "2016-08",
            "price": "11.37",
            "revenue": 3547804
        },
        "2016-09": {
            "month": "2016-09",
            "price": "11.51",
            "revenue": 3289263
        },
        "2016-10": {
            "month": "2016-10",
            "price": "11.55",
            "revenue": 3409319
        },
        "2016-11": {
            "month": "2016-11",
            "price": "11.62",
            "revenue": 3449926
        },
        "2016-12": {
            "month": "2016-12",
            "price": "12.37",
            "revenue": 3890113
        },
        "2017-01": {
            "month": "2017-01",
            "price": "14.36",
            "revenue": 3383956
        },
        "2017-02": {
            "month": "2017-02",
            "price": "14.29",
            "revenue": 3260688
        },
        "2017-03": {
            "month": "2017-03",
            "price": "15.68",
            "revenue": 3719350
        },
        "2017-04": {
            "month": "2017-04",
            "price": "14.76",
            "revenue": 3417534
        },
        "2017-05": {
            "month": "2017-05",
            "price": "14.22",
            "revenue": 3397300
        },
        "2017-06": {
            "month": "2017-06",
            "price": "14.24",
            "revenue": 3634223
        },
        "2017-07": {
            "month": "2017-07",
            "price": "14.97",
            "revenue": 3507614
        },
        "2017-08": {
            "month": "2017-08",
            "price": "17.48",
            "revenue": 3844008
        },
        "2017-09": {
            "month": "2017-09",
            "price": "18.92",
            "revenue": 3778452
        },
        "2017-10": {
            "month": "2017-10",
            "price": "18.05",
            "revenue": 3574240
        },
        "2017-11": {
            "month": "2017-11",
            "price": "17.03",
            "revenue": 3519131
        },
        "2017-12": {
            "month": "2017-12",
            "price": "15.99",
            "revenue": 3539701
        },
        "2018-01": {
            "month": "2018-01",
            "price": "16.45",
            "revenue": 3486718
        },
        "2018-02": {
            "month": "2018-02",
            "price": "15.92",
            "revenue": 2770284
        },
        "2018-03": {
            "month": "2018-03",
            "price": "16.59",
            "revenue": 3820993
        },
        "2018-04": {
            "month": "2018-04",
            "price": "16.51",
            "revenue": 3481756
        },
        "2018-05": {
            "month": "2018-05",
            "price": "17.54",
            "revenue": 3578457
        },
        "2018-06": {
            "month": "2018-06",
            "price": "17.49",
            "revenue": 3614828
        },
        "2018-07": {
            "month": "2018-07",
            "price": "16.91",
            "revenue": 3473718
        },
        "2018-08": {
            "month": "2018-08",
            "price": "19.19",
            "revenue": 3583338
        },
        "2018-09": {
            "month": "2018-09",
            "price": "23.41",
            "revenue": 3177217
        },
        "2018-10": {
            "month": "2018-10",
            "price": "21.61",
            "revenue": 3581177
        },
        "2018-11": {
            "month": "2018-11",
            "price": "21.09",
            "revenue": 3452604
        },
        "2018-12": {
            "month": "2018-12",
            "price": "19.88",
            "revenue": 3192882
        },
        "2019-01": {
            "month": "2019-01",
            "price": "18.98",
            "revenue": 3504093
        },
        "2019-02": {
            "month": "2019-02",
            "price": "20.03",
            "revenue": 2535812
        },
        "2019-03": {
            "month": "2019-03",
            "price": "20.36",
            "revenue": 3111773
        },
        "2019-04": {
            "month": "2019-04",
            "price": "20.34",
            "revenue": 3270575
        },
        "2019-05": {
            "month": "2019-05",
            "price": "19.44",
            "revenue": 3299696
        },
        "2019-06": {
            "month": "2019-06",
            "price": "19.94",
            "revenue": 3153598
        },
        "2019-07": {
            "month": "2019-07",
            "price": "19.59",
            "revenue": 3397846
        },
        "2019-08": {
            "month": "2019-08",
            "price": "17.87",
            "revenue": 3401559
        },
        "2019-09": {
            "month": "2019-09",
            "price": "18.07",
            "revenue": 3238006
        },
        "2019-10": {
            "month": "2019-10",
            "price": "18.06",
            "revenue": 3522377
        },
        "2019-11": {
            "month": "2019-11",
            "price": "18.61",
            "revenue": 3467924
        },
        "2019-12": {
            "month": "2019-12",
            "price": "18.91",
            "revenue": 4493543
        },
        "2020-01": {
            "month": "2020-01",
            "price": "19.68",
            "revenue": 2769466
        },
        "2020-02": {
            "month": "2020-02",
            "price": "20.93",
            "revenue": 2989541
        },
        "2020-03": {
            "month": "2020-03",
            "price": "21.23",
            "revenue": 3374269
        },
        "2020-04": {
            "month": "2020-04",
            "price": "20.78",
            "revenue": 3178515
        },
        "2020-05": {
            "month": "2020-05",
            "price": "22.56",
            "revenue": 2844762
        },
        "2020-06": {
            "month": "2020-06",
            "price": "23.50",
            "revenue": 3566963
        },
        "2020-07": {
            "month": "2020-07",
            "price": "23.50",
            "revenue": 3364103
        },
        "2020-08": {
            "month": "2020-08",
            "price": "25.96",
            "revenue": 3117609
        },
        "2020-09": {
            "month": "2020-09",
            "price": "30.36",
            "revenue": 3778583
        },
        "2020-10": {
            "month": "2020-10",
            "price": "33.43",
            "revenue": 3366103
        },
        "2020-11": {
            "month": "2020-11",
            "price": "32.40",
            "revenue": 3481592
        },
        "2020-12": {
            "month": "2020-12",
            "price": "31.85",
            "revenue": 4292951
        },
        "2021-01": {
            "month": "2021-01",
            "price": "31.40",
            "revenue": 3450873
        },
        "2021-02": {
            "month": "2021-02",
            "price": "30.37",
            "revenue": 2966698
        },
        "2021-03": {
            "month": "2021-03",
            "price": "32.69",
            "revenue": 3883294
        },
        "2021-04": {
            "month": "2021-04",
            "price": "41.43",
            "revenue": 3720469
        },
        "2021-05": {
            "month": "2021-05",
            "price": "41.70",
            "revenue": 3929849
        },
        "2021-06": {
            "month": "2021-06",
            "price": "45.28",
            "revenue": 3892284
        },
        "2021-07": {
            "month": "2021-07",
            "price": "44.64",
            "revenue": 3741899
        },
        "2021-08": {
            "month": "2021-08",
            "price": "39.00",
            "revenue": 3260318
        },
        "2021-09": {
            "month": "2021-09",
            "price": "35.45",
            "revenue": 4146589
        },
        "2021-10": {
            "month": "2021-10",
            "price": "33.73",
            "revenue": 3509220
        },
        "2021-11": {
            "month": "2021-11",
            "price": "34.88",
            "revenue": 4155950
        },
        "2021-12": {
            "month": "2021-12",
            "price": "34.31",
            "revenue": 4308455
        },
        "2022-01": {
            "month": "2022-01",
            "price": "34.96",
            "revenue": 3932302
        },
        "2022-02": {
            "month": "2022-02",
            "price": "35.69",
            "revenue": 3284976
        },
        "2022-03": {
            "month": "2022-03",
            "price": "34.59",
            "revenue": 4080475
        },
        "2022-04": {
            "month": "2022-04",
            "price": "34.33",
            "revenue": 3855891
        },
        "2022-05": {
            "month": "2022-05",
            "price": "31.02",
            "revenue": 3924592
        },
        "2022-06": {
            "month": "2022-06",
            "price": "29.45",
            "revenue": 3759659
        },
        "2022-07": {
            "month": "2022-07",
            "price": "26.15",
            "revenue": 3659438
        },
        "2022-08": {
            "month": "2022-08",
            "price": "27.73",
            "revenue": 3510002
        },
        "2022-09": {
            "month": "2022-09",
            "price": "27.08",
            "revenue": 3415053
        },
        "2022-10": {
            "month": "2022-10",
            "price": "26.06",
            "revenue": 3398293
        },
        "2022-11": {
            "month": "2022-11",
            "price": "26.99",
            "revenue": 3574340
        },
        "2022-12": {
            "month": "2022-12",
            "price": "27.47",
            "revenue": 3559238
        },
        "2023-01": {
            "month": "2023-01",
            "price": "28.16",
            "revenue": 2864634
        },
        "2023-02": {
            "month": "2023-02",
            "price": "28.76",
            "revenue": 3532118
        },
        "2023-03": {
            "month": "2023-03",
            "price": "28.34",
            "revenue": 3784621
        },
        "2023-04": {
            "month": "2023-04",
            "price": "29.78",
            "revenue": 3181210
        },
        "2023-05": {
            "month": "2023-05",
            "price": "32.18",
            "revenue": 3610821
        }
    }
}
