{
    "summary": {
        "stock_name": "華紙",
        "stock_id": "1905",
        "category": "造紙",
        "main_business": "闊(針)葉樹漂白漿 , 道林紙, 微塗紙, 化工藥品, 肥料",
        "website_url": "http://www.chp.com.tw",
        "ceo": "陳瑞和",
        "pe_ratio": -42,
        "report_year_from": 2001,
        "report_year_to": 2023,
        "age": 23,
        "eps_negative_percentage": 30,
        "eps_growth_avg": {
            "last_all": -26.07,
            "last_2y": -55.43,
            "last_4y": -70.29,
            "last_8y": -18.01,
            "last_12y": -36.08,
            "last_16y": -35.89,
            "last_20y": -26.07,
            "at_2006_last_3y": 3.41,
            "at_2007_last_3y": 18.36,
            "at_2008_last_3y": -0.36,
            "at_2009_last_3y": -35.24,
            "at_2010_last_3y": -35.33,
            "at_2011_last_3y": -95.58,
            "at_2012_last_3y": -99.57,
            "at_2013_last_3y": -99.35,
            "at_2014_last_3y": -99.35,
            "at_2015_last_3y": 0,
            "at_2016_last_3y": 27.27,
            "at_2017_last_3y": 37.63,
            "at_2018_last_3y": 21.2,
            "at_2019_last_3y": -28.8,
            "at_2020_last_3y": -23.25,
            "at_2021_last_3y": -64.04,
            "at_2022_last_3y": -55.43,
            "at_2023_last_3y": -55.43,
            "at_2024_last_3y": -55.43,
            "at_2006_last_all": 3.41,
            "at_2007_last_all": 19.14,
            "at_2008_last_all": 1.27,
            "at_2009_last_all": -13.19,
            "at_2010_last_all": -13.19,
            "at_2011_last_all": -23.88,
            "at_2012_last_all": -32.34,
            "at_2013_last_all": -32.34,
            "at_2014_last_all": -32.34,
            "at_2015_last_all": -19.11,
            "at_2016_last_all": -21.5,
            "at_2017_last_all": -14.85,
            "at_2018_last_all": -15.86,
            "at_2019_last_all": -21.87,
            "at_2020_last_all": -21.87,
            "at_2021_last_all": -21.87,
            "at_2022_last_all": -21.14,
            "at_2023_last_all": -26.07,
            "at_2024_last_all": -26.07
        },
        "latest_eps": -0.53,
        "latest_price": 22.35,
        "latest_roe": -3.12,
        "latest_gross_margin": 10.05,
        "latest_equity": 17483894,
        "latest_revenue": 5458140,
        "latest_gross_profit": 548324,
        "latest_net_income": 168614,
        "latest_debt_ratio": 50.65,
        "latest_current_ratio": 113.16,
        "latest_account_receivable_turnover_ratio": 1.75,
        "latest_inventory_turnover_ratio": 0.91,
        "latest_reinvestment_rate": 588.26,
        "latest_research_to_sale_ratio": 0.71
    },
    "eps_dividends": {
        "1990": {
            "cash": 1.3,
            "stock": 1.5,
            "eps": 0
        },
        "1991": {
            "cash": 0,
            "stock": 0.5,
            "eps": 0
        },
        "1996": {
            "cash": 0.5,
            "stock": 1,
            "eps": 0
        },
        "1997": {
            "cash": 0,
            "stock": 0.7,
            "eps": 0
        },
        "1998": {
            "cash": 0,
            "stock": 0.3,
            "eps": 0
        },
        "2001": {
            "cash": 0.5,
            "stock": 0.7,
            "eps": -0.54
        },
        "2002": {
            "cash": 0,
            "stock": 0,
            "eps": 0.81
        },
        "2003": {
            "cash": 0.12,
            "stock": 0.12,
            "eps": 0.99
        },
        "2004": {
            "cash": 0.5,
            "stock": 0.5,
            "eps": 0.86
        },
        "2005": {
            "cash": 0.7,
            "stock": 0,
            "eps": 1.2
        },
        "2006": {
            "cash": 0.9,
            "stock": 0,
            "eps": 0.78
        },
        "2007": {
            "cash": 0.6,
            "stock": 0,
            "eps": 1.42
        },
        "2008": {
            "cash": 1.1,
            "stock": 0,
            "eps": 0.17
        },
        "2009": {
            "cash": 0.15,
            "stock": 0,
            "eps": -0.81
        },
        "2010": {
            "cash": 0,
            "stock": 0,
            "eps": 1.54
        },
        "2011": {
            "cash": 1,
            "stock": 0.3,
            "eps": 0.02
        },
        "2012": {
            "cash": 0,
            "stock": 0,
            "eps": -0.38
        },
        "2013": {
            "cash": 0,
            "stock": 0,
            "eps": -0.55
        },
        "2014": {
            "cash": 0,
            "stock": 0,
            "eps": 0.02
        },
        "2015": {
            "cash": 0.1,
            "stock": 0,
            "eps": 0.66
        },
        "2016": {
            "cash": 0.6,
            "stock": 0,
            "eps": 0.36
        },
        "2017": {
            "cash": 0.35,
            "stock": 0,
            "eps": 0.57
        },
        "2018": {
            "cash": 0.5,
            "stock": 0,
            "eps": 0.41
        },
        "2019": {
            "cash": 0.35,
            "stock": 0,
            "eps": -0.22
        },
        "2020": {
            "cash": 0,
            "stock": 0,
            "eps": -0.19
        },
        "2021": {
            "cash": 0,
            "stock": 0,
            "eps": 0.46
        },
        "2022": {
            "cash": 0.4,
            "stock": 0,
            "eps": 0.41
        },
        "2023": {
            "cash": 0.3,
            "stock": 0,
            "eps": -0.54
        }
    },
    "dividends": {
        "1990-03-23": {
            "cash": 1.3,
            "stock": 1.5
        },
        "1991-03-28": {
            "cash": 0,
            "stock": 0.5
        },
        "1996-03-27": {
            "cash": 0.5,
            "stock": 1
        },
        "1997-05-08": {
            "cash": 0,
            "stock": 0.7
        },
        "1998-05-14": {
            "cash": 0,
            "stock": 0.3
        },
        "2001-05-15": {
            "cash": 0.5,
            "stock": 0.7
        },
        "2003-01-30": {
            "cash": 0.12,
            "stock": 0.12
        },
        "2004-02-05": {
            "cash": 0.5,
            "stock": 0.5
        },
        "2005-02-03": {
            "cash": 0.7,
            "stock": 0
        },
        "2006-01-26": {
            "cash": 0.9,
            "stock": 0
        },
        "2007-02-12": {
            "cash": 0.6,
            "stock": 0
        },
        "2008-01-31": {
            "cash": 1.1,
            "stock": 0
        },
        "2009-02-05": {
            "cash": 0.15,
            "stock": 0
        },
        "2011-01-31": {
            "cash": 1,
            "stock": 0.3
        },
        "2015-08-14": {
            "cash": 0.1,
            "stock": 0
        },
        "2016-08-19": {
            "cash": 0.6,
            "stock": 0
        },
        "2017-08-18": {
            "cash": 0.35,
            "stock": 0
        },
        "2018-08-23": {
            "cash": 0.5,
            "stock": 0
        },
        "2019-08-22": {
            "cash": 0.35,
            "stock": 0
        },
        "2022-08-18": {
            "cash": 0.4,
            "stock": 0
        },
        "2023-08-25": {
            "cash": 0.3,
            "stock": 0
        }
    },
    "prices": {
        "200101": "12.68",
        "200102": "13.02",
        "200103": "12.28",
        "200104": "11.24",
        "200105": "9.00",
        "200106": "8.91",
        "200107": "8.01",
        "200108": "7.93",
        "200109": "7.18",
        "200110": "6.25",
        "200111": "6.21",
        "200112": "6.74",
        "200201": "7.20",
        "200202": "7.87",
        "200203": "11.00",
        "200204": "11.04",
        "200205": "10.01",
        "200206": "12.75",
        "200207": "13.54",
        "200208": "11.13",
        "200209": "8.24",
        "200210": "8.63",
        "200211": "9.38",
        "200212": "10.72",
        "200301": "17.08",
        "200302": "18.01",
        "200303": "15.70",
        "200304": "15.15",
        "200305": "13.04",
        "200306": "14.01",
        "200307": "13.90",
        "200308": "15.29",
        "200309": "16.32",
        "200310": "17.80",
        "200311": "17.65",
        "200312": "17.04",
        "200401": "17.88",
        "200402": "21.03",
        "200403": "23.12",
        "200404": "21.53",
        "200405": "17.33",
        "200406": "16.50",
        "200407": "15.04",
        "200408": "14.52",
        "200409": "15.74",
        "200410": "15.08",
        "200411": "14.97",
        "200412": "16.00",
        "200501": "16.05",
        "200502": "15.55",
        "200503": "14.70",
        "200504": "12.34",
        "200505": "10.88",
        "200506": "11.75",
        "200507": "10.98",
        "200508": "11.30",
        "200509": "12.21",
        "200510": "11.67",
        "200511": "11.49",
        "200512": "12.31",
        "200601": "12.34",
        "200602": "12.06",
        "200603": "11.57",
        "200604": "14.39",
        "200605": "15.42",
        "200606": "14.15",
        "200607": "15.19",
        "200608": "15.24",
        "200609": "13.86",
        "200610": "14.92",
        "200611": "16.37",
        "200612": "17.45",
        "200701": "16.95",
        "200702": "17.06",
        "200703": "15.29",
        "200704": "16.25",
        "200705": "15.71",
        "200706": "16.38",
        "200707": "17.92",
        "200708": "17.99",
        "200709": "19.51",
        "200710": "23.95",
        "200711": "21.41",
        "200712": "19.45",
        "200801": "17.38",
        "200802": "18.03",
        "200803": "21.39",
        "200804": "22.38",
        "200805": "24.61",
        "200806": "22.38",
        "200807": "21.32",
        "200808": "15.81",
        "200809": "13.81",
        "200810": "9.24",
        "200811": "9.19",
        "200812": "8.99",
        "200901": "8.89",
        "200902": "8.09",
        "200903": "8.94",
        "200904": "10.87",
        "200905": "11.75",
        "200906": "11.58",
        "200907": "11.43",
        "200908": "12.53",
        "200909": "12.76",
        "200910": "13.59",
        "200911": "13.88",
        "200912": "15.36",
        "201001": "15.33",
        "201002": "14.06",
        "201003": "16.24",
        "201004": "16.24",
        "201005": "14.57",
        "201006": "13.60",
        "201007": "13.93",
        "201008": "15.06",
        "201009": "15.18",
        "201010": "16.58",
        "201011": "15.80",
        "201012": "15.92",
        "201101": "15.77",
        "201102": "15.45",
        "201103": "15.90",
        "201104": "16.59",
        "201105": "15.88",
        "201106": "15.15",
        "201107": "15.03",
        "201108": "12.65",
        "201109": "10.62",
        "201110": "10.74",
        "201111": "10.06",
        "201112": "9.14",
        "201201": "9.26",
        "201202": "11.28",
        "201203": "11.71",
        "201204": "10.37",
        "201205": "9.61",
        "201206": "9.17",
        "201207": "9.15",
        "201208": "9.59",
        "201209": "10.01",
        "201210": "9.36",
        "201211": "9.45",
        "201212": "10.19",
        "201301": "10.34",
        "201302": "10.35",
        "201303": "10.13",
        "201304": "9.52",
        "201305": "9.74",
        "201306": "9.29",
        "201307": "9.39",
        "201308": "9.39",
        "201309": "9.24",
        "201310": "9.44",
        "201311": "9.21",
        "201312": "9.27",
        "201401": "9.34",
        "201402": "9.20",
        "201403": "9.03",
        "201404": "8.95",
        "201405": "9.28",
        "201406": "9.53",
        "201407": "9.38",
        "201408": "9.17",
        "201409": "9.04",
        "201410": "8.67",
        "201411": "8.56",
        "201412": "8.66",
        "201501": "8.75",
        "201502": "8.70",
        "201503": "8.92",
        "201504": "10.45",
        "201505": "10.30",
        "201506": "9.56",
        "201507": "9.08",
        "201508": "8.51",
        "201509": "9.23",
        "201510": "10.06",
        "201511": "9.90",
        "201512": "9.82",
        "201601": "9.26",
        "201602": "9.29",
        "201603": "9.79",
        "201604": "9.99",
        "201605": "9.56",
        "201606": "9.41",
        "201607": "9.50",
        "201608": "9.10",
        "201609": "8.90",
        "201610": "9.01",
        "201611": "8.81",
        "201612": "9.16",
        "201701": "9.76",
        "201702": "10.18",
        "201703": "11.45",
        "201704": "10.40",
        "201705": "9.81",
        "201706": "10.04",
        "201707": "10.06",
        "201708": "10.48",
        "201709": "11.53",
        "201710": "10.95",
        "201711": "11.00",
        "201712": "10.92",
        "201801": "11.60",
        "201802": "11.21",
        "201803": "11.58",
        "201804": "11.16",
        "201805": "10.92",
        "201806": "10.73",
        "201807": "10.39",
        "201808": "10.24",
        "201809": "10.08",
        "201810": "9.35",
        "201811": "9.18",
        "201812": "9.80",
        "201901": "9.57",
        "201902": "9.91",
        "201903": "9.82",
        "201904": "9.68",
        "201905": "9.60",
        "201906": "9.63",
        "201907": "10.13",
        "201908": "10.07",
        "201909": "9.86",
        "201910": "9.27",
        "201911": "9.10",
        "201912": "9.01",
        "202001": "8.90",
        "202002": "8.87",
        "202003": "7.58",
        "202004": "7.15",
        "202005": "7.62",
        "202006": "8.64",
        "202007": "8.81",
        "202008": "8.78",
        "202009": "9.36",
        "202010": "9.06",
        "202011": "9.74",
        "202012": "10.82",
        "202101": "10.57",
        "202102": "10.76",
        "202103": "12.38",
        "202104": "21.32",
        "202105": "22.88",
        "202106": "27.85",
        "202107": "27.83",
        "202108": "25.01",
        "202109": "23.58",
        "202110": "22.26",
        "202111": "23.08",
        "202112": "23.78",
        "202201": "23.26",
        "202202": "23.23",
        "202203": "22.15",
        "202204": "20.68",
        "202205": "19.39",
        "202206": "18.95",
        "202207": "16.89",
        "202208": "17.48",
        "202209": "17.10",
        "202210": "16.42",
        "202211": "17.24",
        "202212": "16.70",
        "202301": "16.50",
        "202302": "17.03",
        "202303": "16.62",
        "202304": "19.35",
        "202305": "24.99",
        "202306": "27.86",
        "202307": "28.63",
        "202308": "25.32",
        "202309": "22.78",
        "202310": "21.83",
        "202311": "21.40",
        "202312": "23.50"
    },
    "quarters": {
        "20011": {
            "year_quarter": 20011,
            "year": 2001,
            "quarter": 1,
            "eps": -0.25,
            "eps_growth_year": -158.14,
            "eps_4q": 0.96,
            "eps_4q_growth_year": -49.38,
            "roe": -1.84,
            "roe_4q": -1.84,
            "gross_profit": 27063,
            "gross_margin": 2.57,
            "gross_margin_4q_avg": 2.57,
            "net_income": -132235,
            "net_income_4q": null,
            "revenue": 1053341,
            "revenue_4q": null,
            "common_shares": 5266549,
            "book_valuer_per_share": 13.15,
            "book_valuer_per_share_4q_avg": 13.15,
            "equity": 6926039,
            "current_ratio": 944.9,
            "debt_ratio": 24.91,
            "inventory_turnover_ratio": 0.81,
            "account_receivable_turnover_ratio": null,
            "reinvestment_rate": null,
            "research_to_sale_ratio": null,
            "price_fair": 0,
            "eps_avg_yearly": 0,
            "eps_latest_yearly": 0,
            "eps_growth_yearly": 0
        },
        "20012": {
            "year_quarter": 20012,
            "year": 2001,
            "quarter": 2,
            "eps": -0.36,
            "eps_growth_year": -170.59,
            "eps_4q": 0.11,
            "eps_4q_growth_year": -95.11,
            "roe": -2.86,
            "roe_4q": -4.7,
            "gross_profit": -50613,
            "gross_margin": -3.89,
            "gross_margin_4q_avg": -0.66,
            "net_income": -191998,
            "net_income_4q": null,
            "revenue": 1301999,
            "revenue_4q": null,
            "common_shares": 5266549,
            "book_valuer_per_share": 12.31,
            "book_valuer_per_share_4q_avg": 12.73,
            "equity": 6483548,
            "current_ratio": 541.66,
            "debt_ratio": 27.74,
            "inventory_turnover_ratio": 1.23,
            "account_receivable_turnover_ratio": null,
            "reinvestment_rate": null,
            "research_to_sale_ratio": null,
            "price_fair": 0,
            "eps_avg_yearly": 0,
            "eps_latest_yearly": 0,
            "eps_growth_yearly": 0
        },
        "20013": {
            "year_quarter": 20013,
            "year": 2001,
            "quarter": 3,
            "eps": 0.02,
            "eps_growth_year": -96.3,
            "eps_4q": -0.41,
            "eps_4q_growth_year": -117.2,
            "roe": 0.16,
            "roe_4q": -4.54,
            "gross_profit": -10763,
            "gross_margin": -0.87,
            "gross_margin_4q_avg": -0.73,
            "net_income": 10625,
            "net_income_4q": null,
            "revenue": 1244194,
            "revenue_4q": null,
            "common_shares": 5631847,
            "book_valuer_per_share": 11.6,
            "book_valuer_per_share_4q_avg": 12.35,
            "equity": 6533194,
            "current_ratio": 867.83,
            "debt_ratio": 25.89,
            "inventory_turnover_ratio": 1.34,
            "account_receivable_turnover_ratio": null,
            "reinvestment_rate": null,
            "research_to_sale_ratio": null,
            "price_fair": 0,
            "eps_avg_yearly": 0,
            "eps_latest_yearly": 0,
            "eps_growth_yearly": 0
        },
        "20014": {
            "year_quarter": 20014,
            "year": 2001,
            "quarter": 4,
            "eps": 0.05,
            "eps_growth_year": -72.22,
            "eps_4q": -0.54,
            "eps_4q_growth_year": -132.92,
            "roe": 0.4,
            "roe_4q": -4.14,
            "gross_profit": 90203,
            "gross_margin": 6.82,
            "gross_margin_4q_avg": 1.16,
            "net_income": 26744,
            "net_income_4q": null,
            "revenue": 1323305,
            "revenue_4q": null,
            "common_shares": 5631847,
            "book_valuer_per_share": 11.56,
            "book_valuer_per_share_4q_avg": 12.16,
            "equity": 6770706,
            "current_ratio": 378.64,
            "debt_ratio": 32.65,
            "inventory_turnover_ratio": 1.32,
            "account_receivable_turnover_ratio": null,
            "reinvestment_rate": null,
            "research_to_sale_ratio": null,
            "price_fair": 0,
            "eps_avg_yearly": 0,
            "eps_latest_yearly": 0,
            "eps_growth_yearly": 0
        },
        "20021": {
            "year_quarter": 20021,
            "year": 2002,
            "quarter": 1,
            "eps": 0.07,
            "eps_growth_year": null,
            "eps_4q": -0.22,
            "eps_4q_growth_year": -123.12,
            "roe": 0.56,
            "roe_4q": -1.7399999999999998,
            "gross_profit": 122185,
            "gross_margin": 9.26,
            "gross_margin_4q_avg": 2.83,
            "net_income": 37018,
            "net_income_4q": null,
            "revenue": 1319042,
            "revenue_4q": null,
            "common_shares": 5631847,
            "book_valuer_per_share": 11.5,
            "book_valuer_per_share_4q_avg": 11.74,
            "equity": 6476368,
            "current_ratio": 1488.34,
            "debt_ratio": 24.12,
            "inventory_turnover_ratio": 1.44,
            "account_receivable_turnover_ratio": null,
            "reinvestment_rate": null,
            "research_to_sale_ratio": null,
            "price_fair": 9.8,
            "eps_avg_yearly": 0.28,
            "eps_latest_yearly": 0.28,
            "eps_growth_yearly": 160
        },
        "20022": {
            "year_quarter": 20022,
            "year": 2002,
            "quarter": 2,
            "eps": 0.14,
            "eps_growth_year": null,
            "eps_4q": 0.27,
            "eps_4q_growth_year": 158.7,
            "roe": 1.2,
            "roe_4q": 2.3200000000000003,
            "gross_profit": 162995,
            "gross_margin": 12.64,
            "gross_margin_4q_avg": 6.96,
            "net_income": 78457,
            "net_income_4q": null,
            "revenue": 1289716,
            "revenue_4q": null,
            "common_shares": 5631847,
            "book_valuer_per_share": 11.62,
            "book_valuer_per_share_4q_avg": 11.57,
            "equity": 6546881,
            "current_ratio": 1010.87,
            "debt_ratio": 24.87,
            "inventory_turnover_ratio": 1.89,
            "account_receivable_turnover_ratio": null,
            "reinvestment_rate": null,
            "research_to_sale_ratio": null,
            "price_fair": 14.7,
            "eps_avg_yearly": 0.42,
            "eps_latest_yearly": 0.56,
            "eps_growth_yearly": 280
        },
        "20023": {
            "year_quarter": 20023,
            "year": 2002,
            "quarter": 3,
            "eps": 0.26,
            "eps_growth_year": 1200,
            "eps_4q": 0.51,
            "eps_4q_growth_year": null,
            "roe": 2.23,
            "roe_4q": 4.39,
            "gross_profit": 248799,
            "gross_margin": 17.92,
            "gross_margin_4q_avg": 11.66,
            "net_income": 146394,
            "net_income_4q": null,
            "revenue": 1388648,
            "revenue_4q": null,
            "common_shares": 5631847,
            "book_valuer_per_share": 11.73,
            "book_valuer_per_share_4q_avg": 11.6,
            "equity": 6607564,
            "current_ratio": 695.91,
            "debt_ratio": 26.18,
            "inventory_turnover_ratio": 2.1,
            "account_receivable_turnover_ratio": null,
            "reinvestment_rate": null,
            "research_to_sale_ratio": null,
            "price_fair": 21.93,
            "eps_avg_yearly": 0.63,
            "eps_latest_yearly": 1.04,
            "eps_growth_yearly": 300.95
        },
        "20024": {
            "year_quarter": 20024,
            "year": 2002,
            "quarter": 4,
            "eps": 0.34,
            "eps_growth_year": 580,
            "eps_4q": 0.81,
            "eps_4q_growth_year": null,
            "roe": 2.77,
            "roe_4q": 6.76,
            "gross_profit": 223038,
            "gross_margin": 18.11,
            "gross_margin_4q_avg": 14.48,
            "net_income": 191199,
            "net_income_4q": null,
            "revenue": 1231815,
            "revenue_4q": null,
            "common_shares": 5631847,
            "book_valuer_per_share": 12.08,
            "book_valuer_per_share_4q_avg": 11.73,
            "equity": 7189961,
            "current_ratio": 471.56,
            "debt_ratio": 28.86,
            "inventory_turnover_ratio": 1.62,
            "account_receivable_turnover_ratio": null,
            "reinvestment_rate": 13.3,
            "research_to_sale_ratio": null,
            "price_fair": 28.35,
            "eps_avg_yearly": 0.81,
            "eps_latest_yearly": 1.36,
            "eps_growth_yearly": 256.48
        },
        "20031": {
            "year_quarter": 20031,
            "year": 2003,
            "quarter": 1,
            "eps": 0.25,
            "eps_growth_year": 257.14,
            "eps_4q": 1.01,
            "eps_4q_growth_year": null,
            "roe": 1.93,
            "roe_4q": 8.129999999999999,
            "gross_profit": 255980,
            "gross_margin": 17.09,
            "gross_margin_4q_avg": 16.44,
            "net_income": 137708,
            "net_income_4q": null,
            "revenue": 1497898,
            "revenue_4q": null,
            "common_shares": 5631847,
            "book_valuer_per_share": 12.57,
            "book_valuer_per_share_4q_avg": 12,
            "equity": 7080160,
            "current_ratio": 1711.14,
            "debt_ratio": 22.94,
            "inventory_turnover_ratio": 2.18,
            "account_receivable_turnover_ratio": null,
            "reinvestment_rate": -57.4,
            "research_to_sale_ratio": null,
            "price_fair": 29.68,
            "eps_avg_yearly": 0.85,
            "eps_latest_yearly": 1,
            "eps_growth_yearly": 184.01
        },
        "20032": {
            "year_quarter": 20032,
            "year": 2003,
            "quarter": 2,
            "eps": 0.32,
            "eps_growth_year": 128.57,
            "eps_4q": 1.18,
            "eps_4q_growth_year": 332.1,
            "roe": 2.43,
            "roe_4q": 9.360000000000001,
            "gross_profit": 277659,
            "gross_margin": 21.16,
            "gross_margin_4q_avg": 18.57,
            "net_income": 177168,
            "net_income_4q": null,
            "revenue": 1312484,
            "revenue_4q": null,
            "common_shares": 5631847,
            "book_valuer_per_share": 13.27,
            "book_valuer_per_share_4q_avg": 12.41,
            "equity": 7473333,
            "current_ratio": 1210.36,
            "debt_ratio": 22.87,
            "inventory_turnover_ratio": 1.76,
            "account_receivable_turnover_ratio": null,
            "reinvestment_rate": -56.68,
            "research_to_sale_ratio": null,
            "price_fair": 32.2,
            "eps_avg_yearly": 0.92,
            "eps_latest_yearly": 1.28,
            "eps_growth_yearly": 172.01
        },
        "20033": {
            "year_quarter": 20033,
            "year": 2003,
            "quarter": 3,
            "eps": 0.2,
            "eps_growth_year": -23.08,
            "eps_4q": 1.08,
            "eps_4q_growth_year": 111.36,
            "roe": 1.52,
            "roe_4q": 8.65,
            "gross_profit": 208958,
            "gross_margin": 14.77,
            "gross_margin_4q_avg": 17.78,
            "net_income": 114575,
            "net_income_4q": null,
            "revenue": 1415192,
            "revenue_4q": null,
            "common_shares": 5699430,
            "book_valuer_per_share": 13.35,
            "book_valuer_per_share_4q_avg": 12.82,
            "equity": 7611510,
            "current_ratio": 1129.72,
            "debt_ratio": 22.93,
            "inventory_turnover_ratio": 1.79,
            "account_receivable_turnover_ratio": null,
            "reinvestment_rate": -56.04,
            "research_to_sale_ratio": null,
            "price_fair": 31.6,
            "eps_avg_yearly": 0.9,
            "eps_latest_yearly": 0.8,
            "eps_growth_yearly": 126.01
        },
        "20034": {
            "year_quarter": 20034,
            "year": 2003,
            "quarter": 4,
            "eps": 0.22,
            "eps_growth_year": -35.29,
            "eps_4q": 0.98,
            "eps_4q_growth_year": 22.03,
            "roe": 1.57,
            "roe_4q": 7.449999999999999,
            "gross_profit": 185040,
            "gross_margin": 13.04,
            "gross_margin_4q_avg": 16.52,
            "net_income": 123803,
            "net_income_4q": null,
            "revenue": 1419563,
            "revenue_4q": null,
            "common_shares": 5699430,
            "book_valuer_per_share": 13.51,
            "book_valuer_per_share_4q_avg": 13.18,
            "equity": 8206155,
            "current_ratio": 581.91,
            "debt_ratio": 28.4,
            "inventory_turnover_ratio": 1.46,
            "account_receivable_turnover_ratio": null,
            "reinvestment_rate": 39.37,
            "research_to_sale_ratio": null,
            "price_fair": 31.5,
            "eps_avg_yearly": 0.9,
            "eps_latest_yearly": 0.88,
            "eps_growth_yearly": 115.26
        },
        "20041": {
            "year_quarter": 20041,
            "year": 2004,
            "quarter": 1,
            "eps": 0.24,
            "eps_growth_year": -4,
            "eps_4q": 0.98,
            "eps_4q_growth_year": -2.83,
            "roe": 1.68,
            "roe_4q": 7.199999999999999,
            "gross_profit": 184581,
            "gross_margin": 12.28,
            "gross_margin_4q_avg": 15.31,
            "net_income": 135337,
            "net_income_4q": null,
            "revenue": 1503380,
            "revenue_4q": null,
            "common_shares": 5699430,
            "book_valuer_per_share": 13.79,
            "book_valuer_per_share_4q_avg": 13.48,
            "equity": 7860259,
            "current_ratio": 1300.18,
            "debt_ratio": 24.24,
            "inventory_turnover_ratio": 1.47,
            "account_receivable_turnover_ratio": null,
            "reinvestment_rate": -61.96,
            "research_to_sale_ratio": null,
            "price_fair": 31.73,
            "eps_avg_yearly": 0.91,
            "eps_latest_yearly": 0.96,
            "eps_growth_yearly": 106.49
        },
        "20042": {
            "year_quarter": 20042,
            "year": 2004,
            "quarter": 2,
            "eps": 0.29,
            "eps_growth_year": -9.38,
            "eps_4q": 0.94,
            "eps_4q_growth_year": -20.66,
            "roe": 2.17,
            "roe_4q": 6.9399999999999995,
            "gross_profit": 257497,
            "gross_margin": 17.93,
            "gross_margin_4q_avg": 14.51,
            "net_income": 168026,
            "net_income_4q": null,
            "revenue": 1435859,
            "revenue_4q": null,
            "common_shares": 5699430,
            "book_valuer_per_share": 13.44,
            "book_valuer_per_share_4q_avg": 13.52,
            "equity": 7657484,
            "current_ratio": 722.85,
            "debt_ratio": 24.87,
            "inventory_turnover_ratio": 1.55,
            "account_receivable_turnover_ratio": null,
            "reinvestment_rate": -64.24,
            "research_to_sale_ratio": null,
            "price_fair": 32.62,
            "eps_avg_yearly": 0.93,
            "eps_latest_yearly": 1.16,
            "eps_growth_yearly": 104.17
        },
        "20043": {
            "year_quarter": 20043,
            "year": 2004,
            "quarter": 3,
            "eps": 0.2,
            "eps_growth_year": 0,
            "eps_4q": 0.91,
            "eps_4q_growth_year": -16.31,
            "roe": 1.56,
            "roe_4q": 6.98,
            "gross_profit": 151128,
            "gross_margin": 10.96,
            "gross_margin_4q_avg": 13.55,
            "net_income": 120899,
            "net_income_4q": null,
            "revenue": 1378750,
            "revenue_4q": null,
            "common_shares": 5984401,
            "book_valuer_per_share": 13.12,
            "book_valuer_per_share_4q_avg": 13.47,
            "equity": 7850293,
            "current_ratio": 1318.26,
            "debt_ratio": 24.62,
            "inventory_turnover_ratio": 1.41,
            "account_receivable_turnover_ratio": null,
            "reinvestment_rate": -68.62,
            "research_to_sale_ratio": null,
            "price_fair": 32.2,
            "eps_avg_yearly": 0.92,
            "eps_latest_yearly": 0.8,
            "eps_growth_yearly": 83.42
        },
        "20044": {
            "year_quarter": 20044,
            "year": 2004,
            "quarter": 4,
            "eps": 0.13,
            "eps_growth_year": -40.91,
            "eps_4q": 0.86,
            "eps_4q_growth_year": -12.77,
            "roe": 0.94,
            "roe_4q": 6.35,
            "gross_profit": 177377,
            "gross_margin": 11.88,
            "gross_margin_4q_avg": 13.26,
            "net_income": 75807,
            "net_income_4q": null,
            "revenue": 1493215,
            "revenue_4q": null,
            "common_shares": 5984401,
            "book_valuer_per_share": 12.91,
            "book_valuer_per_share_4q_avg": 13.32,
            "equity": 8297478,
            "current_ratio": 406.24,
            "debt_ratio": 27.52,
            "inventory_turnover_ratio": 1.27,
            "account_receivable_turnover_ratio": null,
            "reinvestment_rate": -1,
            "research_to_sale_ratio": null,
            "price_fair": 31.03,
            "eps_avg_yearly": 0.89,
            "eps_latest_yearly": 0.52,
            "eps_growth_yearly": 64.8
        },
        "20051": {
            "year_quarter": 20051,
            "year": 2005,
            "quarter": 1,
            "eps": 0.12,
            "eps_growth_year": -50,
            "eps_4q": 0.72,
            "eps_4q_growth_year": -26.46,
            "roe": 0.87,
            "roe_4q": 5.54,
            "gross_profit": 166576,
            "gross_margin": 11.82,
            "gross_margin_4q_avg": 13.15,
            "net_income": 73138,
            "net_income_4q": null,
            "revenue": 1409148,
            "revenue_4q": null,
            "common_shares": 5984401,
            "book_valuer_per_share": 14.24,
            "book_valuer_per_share_4q_avg": 13.43,
            "equity": 8522157,
            "current_ratio": 1718.27,
            "debt_ratio": 21.15,
            "inventory_turnover_ratio": 1.14,
            "account_receivable_turnover_ratio": null,
            "reinvestment_rate": -50.88,
            "research_to_sale_ratio": null,
            "price_fair": 29.94,
            "eps_avg_yearly": 0.86,
            "eps_latest_yearly": 0.48,
            "eps_growth_yearly": 57.45
        },
        "20052": {
            "year_quarter": 20052,
            "year": 2005,
            "quarter": 2,
            "eps": 0.72,
            "eps_growth_year": 148.28,
            "eps_4q": 1.17,
            "eps_4q_growth_year": 25.15,
            "roe": 5.07,
            "roe_4q": 8.440000000000001,
            "gross_profit": 168030,
            "gross_margin": 12.61,
            "gross_margin_4q_avg": 11.82,
            "net_income": 431595,
            "net_income_4q": null,
            "revenue": 1332660,
            "revenue_4q": null,
            "common_shares": 5984401,
            "book_valuer_per_share": 14.2,
            "book_valuer_per_share_4q_avg": 13.62,
            "equity": 8498862,
            "current_ratio": 448.89,
            "debt_ratio": 23.2,
            "inventory_turnover_ratio": 1.02,
            "account_receivable_turnover_ratio": null,
            "reinvestment_rate": -32.23,
            "research_to_sale_ratio": null,
            "price_fair": 35,
            "eps_avg_yearly": 1,
            "eps_latest_yearly": 2.88,
            "eps_growth_yearly": 196.2
        },
        "20053": {
            "year_quarter": 20053,
            "year": 2005,
            "quarter": 3,
            "eps": 0.23,
            "eps_growth_year": 15,
            "eps_4q": 1.21,
            "eps_4q_growth_year": 33.24,
            "roe": 1.58,
            "roe_4q": 8.46,
            "gross_profit": 77318,
            "gross_margin": 6.64,
            "gross_margin_4q_avg": 10.74,
            "net_income": 136524,
            "net_income_4q": null,
            "revenue": 1164396,
            "revenue_4q": null,
            "common_shares": 5984401,
            "book_valuer_per_share": 14.63,
            "book_valuer_per_share_4q_avg": 14,
            "equity": 8752883,
            "current_ratio": 729.9,
            "debt_ratio": 17.62,
            "inventory_turnover_ratio": 0.85,
            "account_receivable_turnover_ratio": null,
            "reinvestment_rate": -22.86,
            "research_to_sale_ratio": null,
            "price_fair": 34.81,
            "eps_avg_yearly": 0.99,
            "eps_latest_yearly": 0.92,
            "eps_growth_yearly": 164.97
        },
        "20054": {
            "year_quarter": 20054,
            "year": 2005,
            "quarter": 4,
            "eps": 0.13,
            "eps_growth_year": 0,
            "eps_4q": 1.23,
            "eps_4q_growth_year": 43.4,
            "roe": 0.83,
            "roe_4q": 8.35,
            "gross_profit": 42077,
            "gross_margin": 3.19,
            "gross_margin_4q_avg": 8.57,
            "net_income": 75800,
            "net_income_4q": null,
            "revenue": 1319279,
            "revenue_4q": null,
            "common_shares": 5984401,
            "book_valuer_per_share": 14.67,
            "book_valuer_per_share_4q_avg": 14.44,
            "equity": 9502681,
            "current_ratio": 344.86,
            "debt_ratio": 22.24,
            "inventory_turnover_ratio": 0.91,
            "account_receivable_turnover_ratio": null,
            "reinvestment_rate": 31.18,
            "research_to_sale_ratio": null,
            "price_fair": 33.78,
            "eps_avg_yearly": 0.97,
            "eps_latest_yearly": 0.52,
            "eps_growth_yearly": 143.79
        },
        "20061": {
            "year_quarter": 20061,
            "year": 2006,
            "quarter": 1,
            "eps": 0.07,
            "eps_growth_year": -41.67,
            "eps_4q": 1.19,
            "eps_4q_growth_year": 66.16,
            "roe": 0.44,
            "roe_4q": 7.92,
            "gross_profit": 110014,
            "gross_margin": 8.06,
            "gross_margin_4q_avg": 7.63,
            "net_income": 40110,
            "net_income_4q": null,
            "revenue": 1365390,
            "revenue_4q": null,
            "common_shares": 5984401,
            "book_valuer_per_share": 14.78,
            "book_valuer_per_share_4q_avg": 14.57,
            "equity": 8844184,
            "current_ratio": 1272.52,
            "debt_ratio": 16.07,
            "inventory_turnover_ratio": 0.91,
            "account_receivable_turnover_ratio": null,
            "reinvestment_rate": -12.63,
            "research_to_sale_ratio": null,
            "price_fair": 33.78,
            "eps_avg_yearly": 0.97,
            "eps_latest_yearly": 0.28,
            "eps_growth_yearly": 122.26
        },
        "20062": {
            "year_quarter": 20062,
            "year": 2006,
            "quarter": 2,
            "eps": 0.18,
            "eps_growth_year": -75,
            "eps_4q": 0.6,
            "eps_4q_growth_year": -48.93,
            "roe": 1.27,
            "roe_4q": 4.12,
            "gross_profit": 181262,
            "gross_margin": 11.99,
            "gross_margin_4q_avg": 7.47,
            "net_income": 108803,
            "net_income_4q": null,
            "revenue": 1511766,
            "revenue_4q": null,
            "common_shares": 5984401,
            "book_valuer_per_share": 13.91,
            "book_valuer_per_share_4q_avg": 14.5,
            "equity": 8323384,
            "current_ratio": 338.91,
            "debt_ratio": 21.59,
            "inventory_turnover_ratio": 1.1,
            "account_receivable_turnover_ratio": null,
            "reinvestment_rate": -7.86,
            "research_to_sale_ratio": null,
            "price_fair": 34.13,
            "eps_avg_yearly": 0.98,
            "eps_latest_yearly": 0.72,
            "eps_growth_yearly": 136.54
        },
        "20063": {
            "year_quarter": 20063,
            "year": 2006,
            "quarter": 3,
            "eps": 0.25,
            "eps_growth_year": 8.7,
            "eps_4q": 0.62,
            "eps_4q_growth_year": -48.74,
            "roe": 1.8,
            "roe_4q": 4.34,
            "gross_profit": 195324,
            "gross_margin": 12.28,
            "gross_margin_4q_avg": 8.88,
            "net_income": 152141,
            "net_income_4q": null,
            "revenue": 1590803,
            "revenue_4q": null,
            "common_shares": 5984401,
            "book_valuer_per_share": 14.29,
            "book_valuer_per_share_4q_avg": 14.41,
            "equity": 8553678,
            "current_ratio": 757.42,
            "debt_ratio": 16.59,
            "inventory_turnover_ratio": 1.32,
            "account_receivable_turnover_ratio": null,
            "reinvestment_rate": -7.9,
            "research_to_sale_ratio": null,
            "price_fair": 34.04,
            "eps_avg_yearly": 0.97,
            "eps_latest_yearly": 1,
            "eps_growth_yearly": 124.84
        },
        "20064": {
            "year_quarter": 20064,
            "year": 2006,
            "quarter": 4,
            "eps": 0.28,
            "eps_growth_year": 115.38,
            "eps_4q": 0.78,
            "eps_4q_growth_year": -36.5,
            "roe": 1.85,
            "roe_4q": 5.36,
            "gross_profit": 197915,
            "gross_margin": 12.27,
            "gross_margin_4q_avg": 11.15,
            "net_income": 168279,
            "net_income_4q": null,
            "revenue": 1613180,
            "revenue_4q": null,
            "common_shares": 5984401,
            "book_valuer_per_share": 14.45,
            "book_valuer_per_share_4q_avg": 14.36,
            "equity": 9618215,
            "current_ratio": 343.75,
            "debt_ratio": 20.87,
            "inventory_turnover_ratio": 1.47,
            "account_receivable_turnover_ratio": null,
            "reinvestment_rate": 47.44,
            "research_to_sale_ratio": null,
            "price_fair": 33.51,
            "eps_avg_yearly": 0.96,
            "eps_latest_yearly": 1.12,
            "eps_growth_yearly": 120.14
        },
        "20071": {
            "year_quarter": 20071,
            "year": 2007,
            "quarter": 1,
            "eps": 0.13,
            "eps_growth_year": 85.71,
            "eps_4q": 0.87,
            "eps_4q_growth_year": -26.9,
            "roe": 0.82,
            "roe_4q": 5.74,
            "gross_profit": 171314,
            "gross_margin": 10.68,
            "gross_margin_4q_avg": 11.81,
            "net_income": 75132,
            "net_income_4q": null,
            "revenue": 1603663,
            "revenue_4q": null,
            "common_shares": 5984401,
            "book_valuer_per_share": 14.73,
            "book_valuer_per_share_4q_avg": 14.35,
            "equity": 8812997,
            "current_ratio": 1034.85,
            "debt_ratio": 15.58,
            "inventory_turnover_ratio": 1.65,
            "account_receivable_turnover_ratio": null,
            "reinvestment_rate": -11.88,
            "research_to_sale_ratio": null,
            "price_fair": 32.46,
            "eps_avg_yearly": 0.93,
            "eps_latest_yearly": 0.52,
            "eps_growth_yearly": 113.37
        },
        "20072": {
            "year_quarter": 20072,
            "year": 2007,
            "quarter": 2,
            "eps": 0.61,
            "eps_growth_year": 238.89,
            "eps_4q": 1.27,
            "eps_4q_growth_year": 112.85,
            "roe": 4.14,
            "roe_4q": 8.610000000000001,
            "gross_profit": 202227,
            "gross_margin": 12.48,
            "gross_margin_4q_avg": 11.93,
            "net_income": 364461,
            "net_income_4q": null,
            "revenue": 1620599,
            "revenue_4q": null,
            "common_shares": 5984401,
            "book_valuer_per_share": 14.7,
            "book_valuer_per_share_4q_avg": 14.54,
            "equity": 8796668,
            "current_ratio": 406.2,
            "debt_ratio": 17.99,
            "inventory_turnover_ratio": 1.87,
            "account_receivable_turnover_ratio": null,
            "reinvestment_rate": -11.08,
            "research_to_sale_ratio": null,
            "price_fair": 35,
            "eps_avg_yearly": 1,
            "eps_latest_yearly": 2.44,
            "eps_growth_yearly": 198.68
        },
        "20073": {
            "year_quarter": 20073,
            "year": 2007,
            "quarter": 3,
            "eps": 0.38,
            "eps_growth_year": 52,
            "eps_4q": 1.41,
            "eps_4q_growth_year": 127.31,
            "roe": 2.52,
            "roe_4q": 9.33,
            "gross_profit": 196809,
            "gross_margin": 11.39,
            "gross_margin_4q_avg": 11.71,
            "net_income": 224786,
            "net_income_4q": null,
            "revenue": 1728053,
            "revenue_4q": null,
            "common_shares": 5984401,
            "book_valuer_per_share": 15.1,
            "book_valuer_per_share_4q_avg": 14.75,
            "equity": 9036398,
            "current_ratio": 548.66,
            "debt_ratio": 15.38,
            "inventory_turnover_ratio": 1.92,
            "account_receivable_turnover_ratio": null,
            "reinvestment_rate": -11.01,
            "research_to_sale_ratio": null,
            "price_fair": 36.58,
            "eps_avg_yearly": 1.05,
            "eps_latest_yearly": 1.52,
            "eps_growth_yearly": 198.62
        },
        "20074": {
            "year_quarter": 20074,
            "year": 2007,
            "quarter": 4,
            "eps": 0.3,
            "eps_growth_year": 7.14,
            "eps_4q": 1.39,
            "eps_4q_growth_year": 78.46,
            "roe": 1.87,
            "roe_4q": 9.350000000000001,
            "gross_profit": 251758,
            "gross_margin": 14.06,
            "gross_margin_4q_avg": 12.15,
            "net_income": 182250,
            "net_income_4q": null,
            "revenue": 1790957,
            "revenue_4q": null,
            "common_shares": 5984401,
            "book_valuer_per_share": 15.34,
            "book_valuer_per_share_4q_avg": 14.97,
            "equity": 10436951,
            "current_ratio": 366.44,
            "debt_ratio": 19.33,
            "inventory_turnover_ratio": 1.54,
            "account_receivable_turnover_ratio": null,
            "reinvestment_rate": 37.61,
            "research_to_sale_ratio": null,
            "price_fair": 37.28,
            "eps_avg_yearly": 1.07,
            "eps_latest_yearly": 1.2,
            "eps_growth_yearly": 190.86
        },
        "20081": {
            "year_quarter": 20081,
            "year": 2008,
            "quarter": 1,
            "eps": 0.35,
            "eps_growth_year": 169.23,
            "eps_4q": 1.34,
            "eps_4q_growth_year": 53.71,
            "roe": 2.45,
            "roe_4q": 10.98,
            "gross_profit": 492366,
            "gross_margin": 20.42,
            "gross_margin_4q_avg": 14.59,
            "net_income": 256165,
            "net_income_4q": null,
            "revenue": 2410663,
            "revenue_4q": null,
            "common_shares": 5984401,
            "book_valuer_per_share": 15.41,
            "book_valuer_per_share_4q_avg": 15.14,
            "equity": 10497720,
            "current_ratio": 411.77,
            "debt_ratio": 19.78,
            "inventory_turnover_ratio": 1.47,
            "account_receivable_turnover_ratio": null,
            "reinvestment_rate": 90.75,
            "research_to_sale_ratio": null,
            "price_fair": 38.24,
            "eps_avg_yearly": 1.09,
            "eps_latest_yearly": 1.4,
            "eps_growth_yearly": 192.75
        },
        "20082": {
            "year_quarter": 20082,
            "year": 2008,
            "quarter": 2,
            "eps": 0.37,
            "eps_growth_year": -39.34,
            "eps_4q": 1.08,
            "eps_4q_growth_year": -15.04,
            "roe": 2.8,
            "roe_4q": 9.64,
            "gross_profit": 443256,
            "gross_margin": 17.92,
            "gross_margin_4q_avg": 15.95,
            "net_income": 288088,
            "net_income_4q": null,
            "revenue": 2472983,
            "revenue_4q": null,
            "common_shares": 5984401,
            "book_valuer_per_share": 14.54,
            "book_valuer_per_share_4q_avg": 15.1,
            "equity": 10063861,
            "current_ratio": 301.66,
            "debt_ratio": 23.37,
            "inventory_turnover_ratio": 1.59,
            "account_receivable_turnover_ratio": null,
            "reinvestment_rate": 93.16,
            "research_to_sale_ratio": null,
            "price_fair": 38.94,
            "eps_avg_yearly": 1.11,
            "eps_latest_yearly": 1.48,
            "eps_growth_yearly": 188.98
        },
        "20083": {
            "year_quarter": 20083,
            "year": 2008,
            "quarter": 3,
            "eps": 0.12,
            "eps_growth_year": -68.42,
            "eps_4q": 0.84,
            "eps_4q_growth_year": -40.2,
            "roe": 0.96,
            "roe_4q": 8.08,
            "gross_profit": 280780,
            "gross_margin": 13.47,
            "gross_margin_4q_avg": 16.47,
            "net_income": 98254,
            "net_income_4q": null,
            "revenue": 2084781,
            "revenue_4q": null,
            "common_shares": 5984401,
            "book_valuer_per_share": 14.77,
            "book_valuer_per_share_4q_avg": 15.02,
            "equity": 10312760,
            "current_ratio": 276.54,
            "debt_ratio": 24.3,
            "inventory_turnover_ratio": 1.3,
            "account_receivable_turnover_ratio": null,
            "reinvestment_rate": 106.14,
            "research_to_sale_ratio": null,
            "price_fair": 38.24,
            "eps_avg_yearly": 1.09,
            "eps_latest_yearly": 0.48,
            "eps_growth_yearly": 179.84
        },
        "20084": {
            "year_quarter": 20084,
            "year": 2008,
            "quarter": 4,
            "eps": -0.67,
            "eps_growth_year": -323.33,
            "eps_4q": 0.09,
            "eps_4q_growth_year": -93.64,
            "roe": -4.23,
            "roe_4q": 1.9799999999999995,
            "gross_profit": -475021,
            "gross_margin": -36.97,
            "gross_margin_4q_avg": 3.71,
            "net_income": -427487,
            "net_income_4q": null,
            "revenue": 1284766,
            "revenue_4q": null,
            "common_shares": 5984401,
            "book_valuer_per_share": 14.15,
            "book_valuer_per_share_4q_avg": 14.72,
            "equity": 9892144,
            "current_ratio": 222.34,
            "debt_ratio": 27.89,
            "inventory_turnover_ratio": 0.9,
            "account_receivable_turnover_ratio": 3.19,
            "reinvestment_rate": 50.25,
            "research_to_sale_ratio": null,
            "price_fair": 39.57,
            "eps_avg_yearly": 1.13,
            "eps_latest_yearly": 0.48,
            "eps_growth_yearly": 201.16
        },
        "20091": {
            "year_quarter": 20091,
            "year": 2009,
            "quarter": 1,
            "eps": -0.74,
            "eps_growth_year": -311.43,
            "eps_4q": -0.91,
            "eps_4q_growth_year": -167.86,
            "roe": -4.89,
            "roe_4q": -5.36,
            "gross_profit": -521909,
            "gross_margin": -35.39,
            "gross_margin_4q_avg": -10.24,
            "net_income": -476697,
            "net_income_4q": null,
            "revenue": 1474833,
            "revenue_4q": null,
            "common_shares": 5984401,
            "book_valuer_per_share": 13.55,
            "book_valuer_per_share_4q_avg": 14.25,
            "equity": 9590854,
            "current_ratio": 182.55,
            "debt_ratio": 29.19,
            "inventory_turnover_ratio": 1.03,
            "account_receivable_turnover_ratio": 1.82,
            "reinvestment_rate": 184.08,
            "research_to_sale_ratio": null,
            "price_fair": 41.2,
            "eps_avg_yearly": 1.18,
            "eps_latest_yearly": 0.48,
            "eps_growth_yearly": 217.73
        },
        "20092": {
            "year_quarter": 20092,
            "year": 2009,
            "quarter": 2,
            "eps": -0.32,
            "eps_growth_year": -186.49,
            "eps_4q": -1.6,
            "eps_4q_growth_year": -248.08,
            "roe": -1.94,
            "roe_4q": -10.100000000000001,
            "gross_profit": -54029,
            "gross_margin": -3.15,
            "gross_margin_4q_avg": -15.51,
            "net_income": -182413,
            "net_income_4q": null,
            "revenue": 1716442,
            "revenue_4q": null,
            "common_shares": 5984401,
            "book_valuer_per_share": 13.09,
            "book_valuer_per_share_4q_avg": 13.89,
            "equity": 9238892,
            "current_ratio": 211.44,
            "debt_ratio": 30.71,
            "inventory_turnover_ratio": 1.33,
            "account_receivable_turnover_ratio": 1.99,
            "reinvestment_rate": 273.37,
            "research_to_sale_ratio": null,
            "price_fair": 36.62,
            "eps_avg_yearly": 1.05,
            "eps_latest_yearly": 0.48,
            "eps_growth_yearly": 80.63
        },
        "20093": {
            "year_quarter": 20093,
            "year": 2009,
            "quarter": 3,
            "eps": -0.07,
            "eps_growth_year": -158.33,
            "eps_4q": -1.79,
            "eps_4q_growth_year": -312.89,
            "roe": -0.29,
            "roe_4q": -11.35,
            "gross_profit": 86214,
            "gross_margin": 5.21,
            "gross_margin_4q_avg": -17.58,
            "net_income": -26307,
            "net_income_4q": null,
            "revenue": 1655925,
            "revenue_4q": null,
            "common_shares": 5984401,
            "book_valuer_per_share": 12.99,
            "book_valuer_per_share_4q_avg": 13.45,
            "equity": 9205099,
            "current_ratio": 229.71,
            "debt_ratio": 28.62,
            "inventory_turnover_ratio": 1.63,
            "account_receivable_turnover_ratio": 1.98,
            "reinvestment_rate": 306.65,
            "research_to_sale_ratio": null,
            "price_fair": 36.98,
            "eps_avg_yearly": 1.06,
            "eps_latest_yearly": 0.48,
            "eps_growth_yearly": 110.04
        },
        "20094": {
            "year_quarter": 20094,
            "year": 2009,
            "quarter": 4,
            "eps": 0.32,
            "eps_growth_year": null,
            "eps_4q": -0.8,
            "eps_4q_growth_year": -1005.4,
            "roe": 2.56,
            "roe_4q": -4.56,
            "gross_profit": 410576,
            "gross_margin": 18.11,
            "gross_margin_4q_avg": -3.81,
            "net_income": 237670,
            "net_income_4q": null,
            "revenue": 2266797,
            "revenue_4q": null,
            "common_shares": 5984401,
            "book_valuer_per_share": 13.27,
            "book_valuer_per_share_4q_avg": 13.23,
            "equity": 9371296,
            "current_ratio": 225.47,
            "debt_ratio": 29.58,
            "inventory_turnover_ratio": 1.88,
            "account_receivable_turnover_ratio": 3.41,
            "reinvestment_rate": 96.88,
            "research_to_sale_ratio": null,
            "price_fair": 38.69,
            "eps_avg_yearly": 1.11,
            "eps_latest_yearly": 0.48,
            "eps_growth_yearly": 135.85
        },
        "20101": {
            "year_quarter": 20101,
            "year": 2010,
            "quarter": 1,
            "eps": 0.41,
            "eps_growth_year": null,
            "eps_4q": 0.34,
            "eps_4q_growth_year": null,
            "roe": 3.11,
            "roe_4q": 3.44,
            "gross_profit": 471317,
            "gross_margin": 19.38,
            "gross_margin_4q_avg": 9.89,
            "net_income": 296070,
            "net_income_4q": null,
            "revenue": 2432258,
            "revenue_4q": null,
            "common_shares": 5984401,
            "book_valuer_per_share": 13.59,
            "book_valuer_per_share_4q_avg": 13.24,
            "equity": 9646425,
            "current_ratio": 262.44,
            "debt_ratio": 27.33,
            "inventory_turnover_ratio": 1.81,
            "account_receivable_turnover_ratio": 1.76,
            "reinvestment_rate": 263.07,
            "research_to_sale_ratio": null,
            "price_fair": 43.02,
            "eps_avg_yearly": 1.23,
            "eps_latest_yearly": 1.64,
            "eps_growth_yearly": 162.86
        },
        "20102": {
            "year_quarter": 20102,
            "year": 2010,
            "quarter": 2,
            "eps": 0.59,
            "eps_growth_year": null,
            "eps_4q": 1.25,
            "eps_4q_growth_year": null,
            "roe": 4.07,
            "roe_4q": 9.450000000000001,
            "gross_profit": 615623,
            "gross_margin": 25.63,
            "gross_margin_4q_avg": 17.08,
            "net_income": 401070,
            "net_income_4q": null,
            "revenue": 2402298,
            "revenue_4q": null,
            "common_shares": 5984401,
            "book_valuer_per_share": 14.24,
            "book_valuer_per_share_4q_avg": 13.52,
            "equity": 10078743,
            "current_ratio": 275.82,
            "debt_ratio": 27.36,
            "inventory_turnover_ratio": 1.43,
            "account_receivable_turnover_ratio": 1.6,
            "reinvestment_rate": 216.41,
            "research_to_sale_ratio": null,
            "price_fair": 48.24,
            "eps_avg_yearly": 1.38,
            "eps_latest_yearly": 2.36,
            "eps_growth_yearly": 121.68
        },
        "20103": {
            "year_quarter": 20103,
            "year": 2010,
            "quarter": 3,
            "eps": 0.39,
            "eps_growth_year": null,
            "eps_4q": 1.71,
            "eps_4q_growth_year": null,
            "roe": 2.7,
            "roe_4q": 12.440000000000001,
            "gross_profit": 446812,
            "gross_margin": 20.09,
            "gross_margin_4q_avg": 20.8,
            "net_income": 275673,
            "net_income_4q": null,
            "revenue": 2224333,
            "revenue_4q": null,
            "common_shares": 5984401,
            "book_valuer_per_share": 14.58,
            "book_valuer_per_share_4q_avg": 13.92,
            "equity": 10333872,
            "current_ratio": 272.85,
            "debt_ratio": 27.34,
            "inventory_turnover_ratio": 1.22,
            "account_receivable_turnover_ratio": 1.39,
            "reinvestment_rate": 203.59,
            "research_to_sale_ratio": null,
            "price_fair": 50.02,
            "eps_avg_yearly": 1.43,
            "eps_latest_yearly": 1.56,
            "eps_growth_yearly": 95.22
        },
        "20104": {
            "year_quarter": 20104,
            "year": 2010,
            "quarter": 4,
            "eps": 0.15,
            "eps_growth_year": -52.89,
            "eps_4q": 1.54,
            "eps_4q_growth_year": null,
            "roe": 1.26,
            "roe_4q": 11.14,
            "gross_profit": 257599,
            "gross_margin": 11.6,
            "gross_margin_4q_avg": 19.18,
            "net_income": 130774,
            "net_income_4q": null,
            "revenue": 2220516,
            "revenue_4q": null,
            "common_shares": 5984401,
            "book_valuer_per_share": 14.69,
            "book_valuer_per_share_4q_avg": 14.28,
            "equity": 10373189,
            "current_ratio": 293.39,
            "debt_ratio": 25.31,
            "inventory_turnover_ratio": 1.31,
            "account_receivable_turnover_ratio": 1.4,
            "reinvestment_rate": 38.55,
            "research_to_sale_ratio": null,
            "price_fair": 48.36,
            "eps_avg_yearly": 1.38,
            "eps_latest_yearly": 0.6,
            "eps_growth_yearly": 68.47
        },
        "20111": {
            "year_quarter": 20111,
            "year": 2011,
            "quarter": 1,
            "eps": 0.16,
            "eps_growth_year": -60.98,
            "eps_4q": 1.29,
            "eps_4q_growth_year": 275.19,
            "roe": 1.14,
            "roe_4q": 9.17,
            "gross_profit": 253592,
            "gross_margin": 10.93,
            "gross_margin_4q_avg": 17.06,
            "net_income": 118282,
            "net_income_4q": null,
            "revenue": 2319933,
            "revenue_4q": null,
            "common_shares": 5984401,
            "book_valuer_per_share": 14.71,
            "book_valuer_per_share_4q_avg": 14.56,
            "equity": 10417838,
            "current_ratio": 247.4,
            "debt_ratio": 27.3,
            "inventory_turnover_ratio": 1.3,
            "account_receivable_turnover_ratio": 1.38,
            "reinvestment_rate": 211.64,
            "research_to_sale_ratio": null,
            "price_fair": 48.75,
            "eps_avg_yearly": 1.39,
            "eps_latest_yearly": 0.64,
            "eps_growth_yearly": 90.38
        },
        "20112": {
            "year_quarter": 20112,
            "year": 2011,
            "quarter": 2,
            "eps": 0.13,
            "eps_growth_year": -77.34,
            "eps_4q": 0.81,
            "eps_4q_growth_year": -35.01,
            "roe": 1.1,
            "roe_4q": 6.2,
            "gross_profit": 273667,
            "gross_margin": 13.31,
            "gross_margin_4q_avg": 13.98,
            "net_income": 111374,
            "net_income_4q": null,
            "revenue": 2056674,
            "revenue_4q": null,
            "common_shares": 5984401,
            "book_valuer_per_share": 13.71,
            "book_valuer_per_share_4q_avg": 14.42,
            "equity": 9784791,
            "current_ratio": 200.26,
            "debt_ratio": 31.07,
            "inventory_turnover_ratio": 1.02,
            "account_receivable_turnover_ratio": 1.29,
            "reinvestment_rate": 258.24,
            "research_to_sale_ratio": null,
            "price_fair": 3.65,
            "eps_avg_yearly": 1.22,
            "eps_latest_yearly": 0.52,
            "eps_growth_yearly": -50.7
        },
        "20113": {
            "year_quarter": 20113,
            "year": 2011,
            "quarter": 3,
            "eps": -0.11,
            "eps_growth_year": -127.85,
            "eps_4q": 0.32,
            "eps_4q_growth_year": -81.02,
            "roe": -0.5,
            "roe_4q": 3,
            "gross_profit": 37506,
            "gross_margin": 1.77,
            "gross_margin_4q_avg": 9.4,
            "net_income": -49577,
            "net_income_4q": null,
            "revenue": 2115603,
            "revenue_4q": null,
            "common_shares": 6163933,
            "book_valuer_per_share": 13.42,
            "book_valuer_per_share_4q_avg": 14.13,
            "equity": 10041039,
            "current_ratio": 202.9,
            "debt_ratio": 31.89,
            "inventory_turnover_ratio": 1.18,
            "account_receivable_turnover_ratio": 1.49,
            "reinvestment_rate": 353.16,
            "research_to_sale_ratio": null,
            "price_fair": 3.56,
            "eps_avg_yearly": 1.19,
            "eps_latest_yearly": 0.52,
            "eps_growth_yearly": -40.69
        },
        "20114": {
            "year_quarter": 20114,
            "year": 2011,
            "quarter": 4,
            "eps": -0.16,
            "eps_growth_year": -205.99,
            "eps_4q": 0.02,
            "eps_4q_growth_year": -98.81,
            "roe": -1.13,
            "roe_4q": 0.6100000000000001,
            "gross_profit": -59036,
            "gross_margin": -2.95,
            "gross_margin_4q_avg": 5.77,
            "net_income": -113050,
            "net_income_4q": null,
            "revenue": 2001907,
            "revenue_4q": null,
            "common_shares": 6163933,
            "book_valuer_per_share": 13.41,
            "book_valuer_per_share_4q_avg": 13.81,
            "equity": 10021648,
            "current_ratio": 198.59,
            "debt_ratio": 30.52,
            "inventory_turnover_ratio": 1.19,
            "account_receivable_turnover_ratio": 1.43,
            "reinvestment_rate": 74.15,
            "research_to_sale_ratio": null,
            "price_fair": 3.56,
            "eps_avg_yearly": 1.19,
            "eps_latest_yearly": 0.52,
            "eps_growth_yearly": -35.86
        },
        "20121": {
            "year_quarter": 20121,
            "year": 2012,
            "quarter": 1,
            "eps": -0.25,
            "eps_growth_year": -256.25,
            "eps_4q": -0.38,
            "eps_4q_growth_year": -129.55,
            "roe": -1.61,
            "roe_4q": -2.14,
            "gross_profit": -14509,
            "gross_margin": -0.66,
            "gross_margin_4q_avg": 2.87,
            "net_income": -159870,
            "net_income_4q": null,
            "revenue": 2187764,
            "revenue_4q": null,
            "common_shares": 6163933,
            "book_valuer_per_share": 13.11,
            "book_valuer_per_share_4q_avg": 13.41,
            "equity": 9782796,
            "current_ratio": 204.58,
            "debt_ratio": 30.49,
            "inventory_turnover_ratio": 1.47,
            "account_receivable_turnover_ratio": 1.5,
            "reinvestment_rate": 216.64,
            "research_to_sale_ratio": null,
            "price_fair": 3.48,
            "eps_avg_yearly": 1.16,
            "eps_latest_yearly": 0.52,
            "eps_growth_yearly": -48.67
        },
        "20122": {
            "year_quarter": 20122,
            "year": 2012,
            "quarter": 2,
            "eps": 0.03,
            "eps_growth_year": -74.19,
            "eps_4q": -0.48,
            "eps_4q_growth_year": -159.13,
            "roe": 0.14,
            "roe_4q": -3.1,
            "gross_profit": 151723,
            "gross_margin": 7.29,
            "gross_margin_4q_avg": 1.36,
            "net_income": 13903,
            "net_income_4q": null,
            "revenue": 2081597,
            "revenue_4q": null,
            "common_shares": 6163933,
            "book_valuer_per_share": 13.24,
            "book_valuer_per_share_4q_avg": 13.3,
            "equity": 9860254,
            "current_ratio": 208.72,
            "debt_ratio": 30.69,
            "inventory_turnover_ratio": 1.39,
            "account_receivable_turnover_ratio": 1.36,
            "reinvestment_rate": null,
            "research_to_sale_ratio": null,
            "price_fair": 3.34,
            "eps_avg_yearly": 1.11,
            "eps_latest_yearly": 0.52,
            "eps_growth_yearly": -58.89
        },
        "20123": {
            "year_quarter": 20123,
            "year": 2012,
            "quarter": 3,
            "eps": -0.17,
            "eps_growth_year": null,
            "eps_4q": -0.54,
            "eps_4q_growth_year": -265.96,
            "roe": -1.05,
            "roe_4q": -3.65,
            "gross_profit": 5116,
            "gross_margin": 0.27,
            "gross_margin_4q_avg": 0.99,
            "net_income": -102966,
            "net_income_4q": null,
            "revenue": 1908638,
            "revenue_4q": null,
            "common_shares": 6163933,
            "book_valuer_per_share": 13.08,
            "book_valuer_per_share_4q_avg": 13.21,
            "equity": 9749614,
            "current_ratio": 196.35,
            "debt_ratio": 32.16,
            "inventory_turnover_ratio": 1.25,
            "account_receivable_turnover_ratio": 1.25,
            "reinvestment_rate": null,
            "research_to_sale_ratio": null,
            "price_fair": 3.66,
            "eps_avg_yearly": 1.22,
            "eps_latest_yearly": 0.52,
            "eps_growth_yearly": -23.66
        },
        "20124": {
            "year_quarter": 20124,
            "year": 2012,
            "quarter": 4,
            "eps": 0.01,
            "eps_growth_year": null,
            "eps_4q": -0.18,
            "eps_4q_growth_year": -1063.5,
            "roe": 0.06,
            "roe_4q": -2.46,
            "gross_profit": 357378,
            "gross_margin": 7.21,
            "gross_margin_4q_avg": 3.53,
            "net_income": 7938,
            "net_income_4q": null,
            "revenue": 4956506,
            "revenue_4q": null,
            "common_shares": 12578353,
            "book_valuer_per_share": 11.72,
            "book_valuer_per_share_4q_avg": 12.79,
            "equity": 16413869,
            "current_ratio": 176.24,
            "debt_ratio": 30.81,
            "inventory_turnover_ratio": 1.89,
            "account_receivable_turnover_ratio": 1.69,
            "reinvestment_rate": 1934.32,
            "research_to_sale_ratio": null,
            "price_fair": 3.66,
            "eps_avg_yearly": 1.22,
            "eps_latest_yearly": 0.52,
            "eps_growth_yearly": -23.66
        },
        "20131": {
            "year_quarter": 20131,
            "year": 2013,
            "quarter": 1,
            "eps": -0.08,
            "eps_growth_year": null,
            "eps_4q": -0.14,
            "eps_4q_growth_year": null,
            "roe": -0.56,
            "roe_4q": -1.4100000000000001,
            "gross_profit": 235694,
            "gross_margin": 4.85,
            "gross_margin_4q_avg": 4.91,
            "net_income": -102099,
            "net_income_4q": null,
            "revenue": 4859832,
            "revenue_4q": null,
            "common_shares": 12578353,
            "book_valuer_per_share": 13.82,
            "book_valuer_per_share_4q_avg": 12.97,
            "equity": 19782264,
            "current_ratio": 224.49,
            "debt_ratio": 30.27,
            "inventory_turnover_ratio": 1.41,
            "account_receivable_turnover_ratio": 1.37,
            "reinvestment_rate": 1149.93,
            "research_to_sale_ratio": 0.09,
            "price_fair": 3.66,
            "eps_avg_yearly": 1.22,
            "eps_latest_yearly": 0.52,
            "eps_growth_yearly": -23.66
        },
        "20132": {
            "year_quarter": 20132,
            "year": 2013,
            "quarter": 2,
            "eps": -0.1,
            "eps_growth_year": -389.56,
            "eps_4q": -0.25,
            "eps_4q_growth_year": null,
            "roe": -0.55,
            "roe_4q": -2.1,
            "gross_profit": 217096,
            "gross_margin": 4.4,
            "gross_margin_4q_avg": 4.18,
            "net_income": -109570,
            "net_income_4q": null,
            "revenue": 4930891,
            "revenue_4q": null,
            "common_shares": 12578353,
            "book_valuer_per_share": 13.78,
            "book_valuer_per_share_4q_avg": 13.1,
            "equity": 19804566,
            "current_ratio": 218.1,
            "debt_ratio": 30.95,
            "inventory_turnover_ratio": 1.41,
            "account_receivable_turnover_ratio": 1.8,
            "reinvestment_rate": 1038.72,
            "research_to_sale_ratio": 0.09,
            "price_fair": 3.66,
            "eps_avg_yearly": 1.22,
            "eps_latest_yearly": 0.52,
            "eps_growth_yearly": -23.66
        },
        "20133": {
            "year_quarter": 20133,
            "year": 2013,
            "quarter": 3,
            "eps": -0.22,
            "eps_growth_year": null,
            "eps_4q": -0.39,
            "eps_4q_growth_year": null,
            "roe": -1.39,
            "roe_4q": -2.44,
            "gross_profit": 59619,
            "gross_margin": 1.19,
            "gross_margin_4q_avg": 4.41,
            "net_income": -273257,
            "net_income_4q": null,
            "revenue": 5010182,
            "revenue_4q": null,
            "common_shares": 12578353,
            "book_valuer_per_share": 13.54,
            "book_valuer_per_share_4q_avg": 13.22,
            "equity": 19472887,
            "current_ratio": 197.62,
            "debt_ratio": 31.9,
            "inventory_turnover_ratio": 1.44,
            "account_receivable_turnover_ratio": 1.87,
            "reinvestment_rate": 1712.22,
            "research_to_sale_ratio": 0.08,
            "price_fair": 3.66,
            "eps_avg_yearly": 1.22,
            "eps_latest_yearly": 0.52,
            "eps_growth_yearly": -23.66
        },
        "20134": {
            "year_quarter": 20134,
            "year": 2013,
            "quarter": 4,
            "eps": -0.15,
            "eps_growth_year": -1977.27,
            "eps_4q": -0.55,
            "eps_4q_growth_year": null,
            "roe": -1.02,
            "roe_4q": -3.52,
            "gross_profit": 169626,
            "gross_margin": 3.15,
            "gross_margin_4q_avg": 3.4,
            "net_income": -197885,
            "net_income_4q": null,
            "revenue": 5390858,
            "revenue_4q": null,
            "common_shares": 12578353,
            "book_valuer_per_share": 13.47,
            "book_valuer_per_share_4q_avg": 13.65,
            "equity": 19420935,
            "current_ratio": 219.33,
            "debt_ratio": 30.75,
            "inventory_turnover_ratio": 1.46,
            "account_receivable_turnover_ratio": 1.88,
            "reinvestment_rate": 38044.78,
            "research_to_sale_ratio": 0.08,
            "price_fair": 3.66,
            "eps_avg_yearly": 1.22,
            "eps_latest_yearly": 0.52,
            "eps_growth_yearly": -23.66
        },
        "20141": {
            "year_quarter": 20141,
            "year": 2014,
            "quarter": 1,
            "eps": -0.03,
            "eps_growth_year": null,
            "eps_4q": -0.5,
            "eps_4q_growth_year": null,
            "roe": -0.19,
            "roe_4q": -3.1499999999999995,
            "gross_profit": 270730,
            "gross_margin": 5.25,
            "gross_margin_4q_avg": 3.5,
            "net_income": -37017,
            "net_income_4q": null,
            "revenue": 5161187,
            "revenue_4q": null,
            "common_shares": 12578353,
            "book_valuer_per_share": 14.11,
            "book_valuer_per_share_4q_avg": 13.73,
            "equity": 20265968,
            "current_ratio": 217.17,
            "debt_ratio": 30.47,
            "inventory_turnover_ratio": 1.29,
            "account_receivable_turnover_ratio": 1.61,
            "reinvestment_rate": null,
            "research_to_sale_ratio": 0.09,
            "price_fair": 3.41,
            "eps_avg_yearly": 1.14,
            "eps_latest_yearly": 0.52,
            "eps_growth_yearly": -50.89
        },
        "20142": {
            "year_quarter": 20142,
            "year": 2014,
            "quarter": 2,
            "eps": -0.09,
            "eps_growth_year": null,
            "eps_4q": -0.5,
            "eps_4q_growth_year": null,
            "roe": -0.6,
            "roe_4q": -3.2,
            "gross_profit": 266669,
            "gross_margin": 5.07,
            "gross_margin_4q_avg": 3.67,
            "net_income": -119439,
            "net_income_4q": null,
            "revenue": 5263974,
            "revenue_4q": null,
            "common_shares": 12578353,
            "book_valuer_per_share": 13.97,
            "book_valuer_per_share_4q_avg": 13.77,
            "equity": 19537641,
            "current_ratio": 225.55,
            "debt_ratio": 33.99,
            "inventory_turnover_ratio": 1.27,
            "account_receivable_turnover_ratio": 1.55,
            "reinvestment_rate": null,
            "research_to_sale_ratio": 0.1,
            "price_fair": 2.49,
            "eps_avg_yearly": 0.83,
            "eps_latest_yearly": 0.52,
            "eps_growth_yearly": -107.52
        },
        "20143": {
            "year_quarter": 20143,
            "year": 2014,
            "quarter": 3,
            "eps": -0.04,
            "eps_growth_year": null,
            "eps_4q": -0.31,
            "eps_4q_growth_year": null,
            "roe": -0.28,
            "roe_4q": -2.09,
            "gross_profit": 294303,
            "gross_margin": 5.79,
            "gross_margin_4q_avg": 4.82,
            "net_income": -54565,
            "net_income_4q": null,
            "revenue": 5080147,
            "revenue_4q": null,
            "common_shares": 12228353,
            "book_valuer_per_share": 13.94,
            "book_valuer_per_share_4q_avg": 13.87,
            "equity": 19531286,
            "current_ratio": 215.9,
            "debt_ratio": 32.48,
            "inventory_turnover_ratio": 1.23,
            "account_receivable_turnover_ratio": 1.54,
            "reinvestment_rate": null,
            "research_to_sale_ratio": 0.11,
            "price_fair": 1.76,
            "eps_avg_yearly": 0.59,
            "eps_latest_yearly": 0.52,
            "eps_growth_yearly": -98.16
        },
        "20144": {
            "year_quarter": 20144,
            "year": 2014,
            "quarter": 4,
            "eps": 0.18,
            "eps_growth_year": null,
            "eps_4q": 0.02,
            "eps_4q_growth_year": null,
            "roe": 1.13,
            "roe_4q": 0.05999999999999989,
            "gross_profit": 561067,
            "gross_margin": 9.95,
            "gross_margin_4q_avg": 6.52,
            "net_income": 222698,
            "net_income_4q": null,
            "revenue": 5639622,
            "revenue_4q": null,
            "common_shares": 12228353,
            "book_valuer_per_share": 14.19,
            "book_valuer_per_share_4q_avg": 14.05,
            "equity": 19952281,
            "current_ratio": 220.31,
            "debt_ratio": 32.33,
            "inventory_turnover_ratio": 1.3,
            "account_receivable_turnover_ratio": 1.7,
            "reinvestment_rate": null,
            "research_to_sale_ratio": 0.16,
            "price_fair": 1.74,
            "eps_avg_yearly": 0.58,
            "eps_latest_yearly": 0.52,
            "eps_growth_yearly": -24.17
        },
        "20151": {
            "year_quarter": 20151,
            "year": 2015,
            "quarter": 1,
            "eps": 0.13,
            "eps_growth_year": null,
            "eps_4q": 0.18,
            "eps_4q_growth_year": null,
            "roe": 0.81,
            "roe_4q": 1.06,
            "gross_profit": 546705,
            "gross_margin": 11,
            "gross_margin_4q_avg": 7.95,
            "net_income": 160712,
            "net_income_4q": null,
            "revenue": 4968410,
            "revenue_4q": null,
            "common_shares": 12228353,
            "book_valuer_per_share": 14.18,
            "book_valuer_per_share_4q_avg": 14.07,
            "equity": 19906938,
            "current_ratio": 239.33,
            "debt_ratio": 34.98,
            "inventory_turnover_ratio": 1.08,
            "account_receivable_turnover_ratio": 1.45,
            "reinvestment_rate": null,
            "research_to_sale_ratio": 0.12,
            "price_fair": 1.56,
            "eps_avg_yearly": 0.52,
            "eps_latest_yearly": 0.52,
            "eps_growth_yearly": -93.06
        },
        "20152": {
            "year_quarter": 20152,
            "year": 2015,
            "quarter": 2,
            "eps": 0.13,
            "eps_growth_year": null,
            "eps_4q": 0.4,
            "eps_4q_growth_year": null,
            "roe": 0.94,
            "roe_4q": 2.5999999999999996,
            "gross_profit": 537352,
            "gross_margin": 10.46,
            "gross_margin_4q_avg": 9.3,
            "net_income": 185934,
            "net_income_4q": null,
            "revenue": 5139319,
            "revenue_4q": null,
            "common_shares": 12228353,
            "book_valuer_per_share": 14.09,
            "book_valuer_per_share_4q_avg": 14.1,
            "equity": 19797449,
            "current_ratio": 210.61,
            "debt_ratio": 36.24,
            "inventory_turnover_ratio": 1.09,
            "account_receivable_turnover_ratio": 1.49,
            "reinvestment_rate": null,
            "research_to_sale_ratio": 0.09,
            "price_fair": 1.56,
            "eps_avg_yearly": 0.52,
            "eps_latest_yearly": 0.52,
            "eps_growth_yearly": -55.56
        },
        "20153": {
            "year_quarter": 20153,
            "year": 2015,
            "quarter": 3,
            "eps": 0.23,
            "eps_growth_year": null,
            "eps_4q": 0.73,
            "eps_4q_growth_year": null,
            "roe": 1.5,
            "roe_4q": 4.38,
            "gross_profit": 593310,
            "gross_margin": 10.92,
            "gross_margin_4q_avg": 10.58,
            "net_income": 290847,
            "net_income_4q": null,
            "revenue": 5435279,
            "revenue_4q": null,
            "common_shares": 11028353,
            "book_valuer_per_share": 14.84,
            "book_valuer_per_share_4q_avg": 14.33,
            "equity": 18995232,
            "current_ratio": 177.17,
            "debt_ratio": 36.88,
            "inventory_turnover_ratio": 1.14,
            "account_receivable_turnover_ratio": 1.54,
            "reinvestment_rate": null,
            "research_to_sale_ratio": 0.09,
            "price_fair": 22.87,
            "eps_avg_yearly": 0.65,
            "eps_latest_yearly": 0.92,
            "eps_growth_yearly": 65.53
        },
        "20154": {
            "year_quarter": 20154,
            "year": 2015,
            "quarter": 4,
            "eps": 0.17,
            "eps_growth_year": -2.45,
            "eps_4q": 0.71,
            "eps_4q_growth_year": 3044.37,
            "roe": 1.09,
            "roe_4q": 4.34,
            "gross_profit": 594552,
            "gross_margin": 10.91,
            "gross_margin_4q_avg": 10.82,
            "net_income": 208285,
            "net_income_4q": null,
            "revenue": 5447835,
            "revenue_4q": null,
            "common_shares": 11028353,
            "book_valuer_per_share": 14.97,
            "book_valuer_per_share_4q_avg": 14.52,
            "equity": 19102714,
            "current_ratio": 168.34,
            "debt_ratio": 37.22,
            "inventory_turnover_ratio": 1.22,
            "account_receivable_turnover_ratio": 1.56,
            "reinvestment_rate": null,
            "research_to_sale_ratio": 0.09,
            "price_fair": 21.82,
            "eps_avg_yearly": 0.66,
            "eps_latest_yearly": 0.68,
            "eps_growth_yearly": 23.06
        },
        "20161": {
            "year_quarter": 20161,
            "year": 2016,
            "quarter": 1,
            "eps": 0.07,
            "eps_growth_year": -46.15,
            "eps_4q": 0.63,
            "eps_4q_growth_year": 242.79,
            "roe": 0.42,
            "roe_4q": 3.9499999999999997,
            "gross_profit": 479167,
            "gross_margin": 9.1,
            "gross_margin_4q_avg": 10.35,
            "net_income": 79319,
            "net_income_4q": null,
            "revenue": 5266308,
            "revenue_4q": null,
            "common_shares": 11028353,
            "book_valuer_per_share": 14.91,
            "book_valuer_per_share_4q_avg": 14.7,
            "equity": 18997023,
            "current_ratio": 174.32,
            "debt_ratio": 38.16,
            "inventory_turnover_ratio": 1.29,
            "account_receivable_turnover_ratio": 1.51,
            "reinvestment_rate": 7157.27,
            "research_to_sale_ratio": 0.12,
            "price_fair": 1.75,
            "eps_avg_yearly": 0.58,
            "eps_latest_yearly": 0.28,
            "eps_growth_yearly": -28.61
        },
        "20162": {
            "year_quarter": 20162,
            "year": 2016,
            "quarter": 2,
            "eps": 0.1,
            "eps_growth_year": -23.08,
            "eps_4q": 0.59,
            "eps_4q_growth_year": 45.59,
            "roe": 0.43,
            "roe_4q": 3.44,
            "gross_profit": 443022,
            "gross_margin": 7.94,
            "gross_margin_4q_avg": 9.72,
            "net_income": 79935,
            "net_income_4q": null,
            "revenue": 5578708,
            "revenue_4q": null,
            "common_shares": 11028353,
            "book_valuer_per_share": 14.3,
            "book_valuer_per_share_4q_avg": 14.76,
            "equity": 18244489,
            "current_ratio": 184.28,
            "debt_ratio": 40.35,
            "inventory_turnover_ratio": 1.51,
            "account_receivable_turnover_ratio": 1.57,
            "reinvestment_rate": 4215.45,
            "research_to_sale_ratio": 0.11,
            "price_fair": 8.15,
            "eps_avg_yearly": 0.55,
            "eps_latest_yearly": 0.4,
            "eps_growth_yearly": 4.73
        },
        "20163": {
            "year_quarter": 20163,
            "year": 2016,
            "quarter": 3,
            "eps": 0.05,
            "eps_growth_year": -78.26,
            "eps_4q": 0.39,
            "eps_4q_growth_year": -46.92,
            "roe": 0.22,
            "roe_4q": 2.16,
            "gross_profit": 411833,
            "gross_margin": 7.7,
            "gross_margin_4q_avg": 8.91,
            "net_income": 39337,
            "net_income_4q": null,
            "revenue": 5348744,
            "revenue_4q": null,
            "common_shares": 11028353,
            "book_valuer_per_share": 14.2,
            "book_valuer_per_share_4q_avg": 14.6,
            "equity": 18036532,
            "current_ratio": 154.58,
            "debt_ratio": 39.12,
            "inventory_turnover_ratio": 1.54,
            "account_receivable_turnover_ratio": 1.53,
            "reinvestment_rate": 2412.07,
            "research_to_sale_ratio": 0.12,
            "price_fair": 1.51,
            "eps_avg_yearly": 0.5,
            "eps_latest_yearly": 0.2,
            "eps_growth_yearly": -24.52
        },
        "20164": {
            "year_quarter": 20164,
            "year": 2016,
            "quarter": 4,
            "eps": 0.14,
            "eps_growth_year": -19.16,
            "eps_4q": 0.35,
            "eps_4q_growth_year": -49.84,
            "roe": 0.84,
            "roe_4q": 1.91,
            "gross_profit": 555332,
            "gross_margin": 9.56,
            "gross_margin_4q_avg": 8.58,
            "net_income": 151127,
            "net_income_4q": null,
            "revenue": 5807776,
            "revenue_4q": null,
            "common_shares": 11028353,
            "book_valuer_per_share": 14.25,
            "book_valuer_per_share_4q_avg": 14.42,
            "equity": 18059327,
            "current_ratio": 160.25,
            "debt_ratio": 39.1,
            "inventory_turnover_ratio": 1.69,
            "account_receivable_turnover_ratio": 1.65,
            "reinvestment_rate": 879.41,
            "research_to_sale_ratio": 0.11,
            "price_fair": 17.85,
            "eps_avg_yearly": 0.51,
            "eps_latest_yearly": 0.56,
            "eps_growth_yearly": 68.55
        },
        "20171": {
            "year_quarter": 20171,
            "year": 2017,
            "quarter": 1,
            "eps": 0.12,
            "eps_growth_year": 71.43,
            "eps_4q": 0.41,
            "eps_4q_growth_year": -35.86,
            "roe": 0.84,
            "roe_4q": 2.33,
            "gross_profit": 575375,
            "gross_margin": 10.37,
            "gross_margin_4q_avg": 8.89,
            "net_income": 150785,
            "net_income_4q": null,
            "revenue": 5549218,
            "revenue_4q": null,
            "common_shares": 11028353,
            "book_valuer_per_share": 14.09,
            "book_valuer_per_share_4q_avg": 14.21,
            "equity": 17775049,
            "current_ratio": 133.34,
            "debt_ratio": 38.85,
            "inventory_turnover_ratio": 1.68,
            "account_receivable_turnover_ratio": 1.54,
            "reinvestment_rate": 288.61,
            "research_to_sale_ratio": 0.14,
            "price_fair": 17.73,
            "eps_avg_yearly": 0.51,
            "eps_latest_yearly": 0.48,
            "eps_growth_yearly": 54.58
        },
        "20172": {
            "year_quarter": 20172,
            "year": 2017,
            "quarter": 2,
            "eps": 0.15,
            "eps_growth_year": 50,
            "eps_4q": 0.46,
            "eps_4q_growth_year": -22.07,
            "roe": 1.06,
            "roe_4q": 2.96,
            "gross_profit": 531470,
            "gross_margin": 9.98,
            "gross_margin_4q_avg": 9.4,
            "net_income": 187010,
            "net_income_4q": null,
            "revenue": 5324001,
            "revenue_4q": null,
            "common_shares": 11028353,
            "book_valuer_per_share": 13.9,
            "book_valuer_per_share_4q_avg": 14.11,
            "equity": 17635932,
            "current_ratio": 164.52,
            "debt_ratio": 44.62,
            "inventory_turnover_ratio": 1.61,
            "account_receivable_turnover_ratio": 1.49,
            "reinvestment_rate": 207.64,
            "research_to_sale_ratio": 0.14,
            "price_fair": 18.06,
            "eps_avg_yearly": 0.52,
            "eps_latest_yearly": 0.6,
            "eps_growth_yearly": 59.12
        },
        "20173": {
            "year_quarter": 20173,
            "year": 2017,
            "quarter": 3,
            "eps": 0.16,
            "eps_growth_year": 220,
            "eps_4q": 0.57,
            "eps_4q_growth_year": 45.76,
            "roe": 1.16,
            "roe_4q": 3.8999999999999995,
            "gross_profit": 522634,
            "gross_margin": 9.2,
            "gross_margin_4q_avg": 9.78,
            "net_income": 205253,
            "net_income_4q": null,
            "revenue": 5679183,
            "revenue_4q": null,
            "common_shares": 11028353,
            "book_valuer_per_share": 14.06,
            "book_valuer_per_share_4q_avg": 14.08,
            "equity": 17886940,
            "current_ratio": 142.75,
            "debt_ratio": 40.48,
            "inventory_turnover_ratio": 1.67,
            "account_receivable_turnover_ratio": 1.63,
            "reinvestment_rate": 128.54,
            "research_to_sale_ratio": 0.13,
            "price_fair": 18.45,
            "eps_avg_yearly": 0.53,
            "eps_latest_yearly": 0.64,
            "eps_growth_yearly": 56.17
        },
        "20174": {
            "year_quarter": 20174,
            "year": 2017,
            "quarter": 4,
            "eps": 0.14,
            "eps_growth_year": -3.2,
            "eps_4q": 0.56,
            "eps_4q_growth_year": 58.16,
            "roe": 1.02,
            "roe_4q": 4.08,
            "gross_profit": 682294,
            "gross_margin": 11.08,
            "gross_margin_4q_avg": 10.16,
            "net_income": 183167,
            "net_income_4q": null,
            "revenue": 6155746,
            "revenue_4q": null,
            "common_shares": 11028353,
            "book_valuer_per_share": 14.23,
            "book_valuer_per_share_4q_avg": 14.07,
            "equity": 18095480,
            "current_ratio": 144.97,
            "debt_ratio": 40.02,
            "inventory_turnover_ratio": 1.77,
            "account_receivable_turnover_ratio": 1.76,
            "reinvestment_rate": 97.16,
            "research_to_sale_ratio": 0.12,
            "price_fair": 18.55,
            "eps_avg_yearly": 0.53,
            "eps_latest_yearly": 0.56,
            "eps_growth_yearly": 47.32
        },
        "20181": {
            "year_quarter": 20181,
            "year": 2018,
            "quarter": 1,
            "eps": 0.04,
            "eps_growth_year": -66.67,
            "eps_4q": 0.48,
            "eps_4q_growth_year": 17.93,
            "roe": 0.42,
            "roe_4q": 3.6599999999999997,
            "gross_profit": 446458,
            "gross_margin": 7.76,
            "gross_margin_4q_avg": 9.51,
            "net_income": 75956,
            "net_income_4q": null,
            "revenue": 5751826,
            "revenue_4q": null,
            "common_shares": 11028353,
            "book_valuer_per_share": 14.42,
            "book_valuer_per_share_4q_avg": 14.15,
            "equity": 18384184,
            "current_ratio": 134.78,
            "debt_ratio": 39.9,
            "inventory_turnover_ratio": 1.74,
            "account_receivable_turnover_ratio": 1.6,
            "reinvestment_rate": 30.92,
            "research_to_sale_ratio": 0.14,
            "price_fair": 15.9,
            "eps_avg_yearly": 0.5,
            "eps_latest_yearly": 0.16,
            "eps_growth_yearly": 21.71
        },
        "20182": {
            "year_quarter": 20182,
            "year": 2018,
            "quarter": 2,
            "eps": 0.12,
            "eps_growth_year": -20,
            "eps_4q": 0.45,
            "eps_4q_growth_year": -1.04,
            "roe": 0.81,
            "roe_4q": 3.41,
            "gross_profit": 608724,
            "gross_margin": 9.82,
            "gross_margin_4q_avg": 9.47,
            "net_income": 146796,
            "net_income_4q": null,
            "revenue": 6201622,
            "revenue_4q": null,
            "common_shares": 11028353,
            "book_valuer_per_share": 14.11,
            "book_valuer_per_share_4q_avg": 14.21,
            "equity": 18034803,
            "current_ratio": 134.63,
            "debt_ratio": 42.77,
            "inventory_turnover_ratio": 1.71,
            "account_receivable_turnover_ratio": 1.67,
            "reinvestment_rate": 19.97,
            "research_to_sale_ratio": 0.13,
            "price_fair": 17.5,
            "eps_avg_yearly": 0.5,
            "eps_latest_yearly": 0.48,
            "eps_growth_yearly": 77.3
        },
        "20183": {
            "year_quarter": 20183,
            "year": 2018,
            "quarter": 3,
            "eps": 0.16,
            "eps_growth_year": 0,
            "eps_4q": 0.45,
            "eps_4q_growth_year": -19.65,
            "roe": 0.93,
            "roe_4q": 3.18,
            "gross_profit": 584053,
            "gross_margin": 9.61,
            "gross_margin_4q_avg": 9.57,
            "net_income": 168633,
            "net_income_4q": null,
            "revenue": 6080619,
            "revenue_4q": null,
            "common_shares": 11028353,
            "book_valuer_per_share": 14.22,
            "book_valuer_per_share_4q_avg": 14.25,
            "equity": 18063395,
            "current_ratio": 130.81,
            "debt_ratio": 41.55,
            "inventory_turnover_ratio": 1.58,
            "account_receivable_turnover_ratio": 1.66,
            "reinvestment_rate": 30.75,
            "research_to_sale_ratio": 0.13,
            "price_fair": 17.83,
            "eps_avg_yearly": 0.51,
            "eps_latest_yearly": 0.64,
            "eps_growth_yearly": 81.03
        },
        "20184": {
            "year_quarter": 20184,
            "year": 2018,
            "quarter": 4,
            "eps": 0.09,
            "eps_growth_year": -36.95,
            "eps_4q": 0.4,
            "eps_4q_growth_year": -27.95,
            "roe": 0.76,
            "roe_4q": 2.92,
            "gross_profit": 701003,
            "gross_margin": 11.7,
            "gross_margin_4q_avg": 9.72,
            "net_income": 137850,
            "net_income_4q": null,
            "revenue": 5991154,
            "revenue_4q": null,
            "common_shares": 11028353,
            "book_valuer_per_share": 14.17,
            "book_valuer_per_share_4q_avg": 14.23,
            "equity": 18050668,
            "current_ratio": 150.1,
            "debt_ratio": 42.44,
            "inventory_turnover_ratio": 1.37,
            "account_receivable_turnover_ratio": 1.7,
            "reinvestment_rate": 40.7,
            "research_to_sale_ratio": 2.07,
            "price_fair": 17.5,
            "eps_avg_yearly": 0.5,
            "eps_latest_yearly": 0.36,
            "eps_growth_yearly": 65.03
        },
        "20191": {
            "year_quarter": 20191,
            "year": 2019,
            "quarter": 1,
            "eps": 0.08,
            "eps_growth_year": 100,
            "eps_4q": 0.44,
            "eps_4q_growth_year": -8.2,
            "roe": 0.6,
            "roe_4q": 3.1,
            "gross_profit": 438922,
            "gross_margin": 8.15,
            "gross_margin_4q_avg": 9.82,
            "net_income": 108746,
            "net_income_4q": null,
            "revenue": 5382648,
            "revenue_4q": null,
            "common_shares": 11028353,
            "book_valuer_per_share": 14.45,
            "book_valuer_per_share_4q_avg": 14.24,
            "equity": 18441373,
            "current_ratio": 143.33,
            "debt_ratio": 41.45,
            "inventory_turnover_ratio": 1.25,
            "account_receivable_turnover_ratio": 1.53,
            "reinvestment_rate": 69.32,
            "research_to_sale_ratio": 0.36,
            "price_fair": 17.06,
            "eps_avg_yearly": 0.49,
            "eps_latest_yearly": 0.32,
            "eps_growth_yearly": 69.2
        },
        "20192": {
            "year_quarter": 20192,
            "year": 2019,
            "quarter": 2,
            "eps": 0,
            "eps_growth_year": -100,
            "eps_4q": 0.32,
            "eps_4q_growth_year": -29.51,
            "roe": -0.03,
            "roe_4q": 2.2600000000000002,
            "gross_profit": 465120,
            "gross_margin": 8.68,
            "gross_margin_4q_avg": 9.54,
            "net_income": -5322,
            "net_income_4q": null,
            "revenue": 5359818,
            "revenue_4q": null,
            "common_shares": 11028353,
            "book_valuer_per_share": 14.22,
            "book_valuer_per_share_4q_avg": 14.27,
            "equity": 18154056,
            "current_ratio": 136.89,
            "debt_ratio": 42.94,
            "inventory_turnover_ratio": 1.28,
            "account_receivable_turnover_ratio": 1.58,
            "reinvestment_rate": 73.99,
            "research_to_sale_ratio": 0.67,
            "price_fair": 16.99,
            "eps_avg_yearly": 0.49,
            "eps_latest_yearly": 0.32,
            "eps_growth_yearly": 73.81
        },
        "20193": {
            "year_quarter": 20193,
            "year": 2019,
            "quarter": 3,
            "eps": -0.1,
            "eps_growth_year": -162.5,
            "eps_4q": 0.06,
            "eps_4q_growth_year": -87.06,
            "roe": -0.88,
            "roe_4q": 0.44999999999999996,
            "gross_profit": 195183,
            "gross_margin": 3.97,
            "gross_margin_4q_avg": 8.13,
            "net_income": -157269,
            "net_income_4q": null,
            "revenue": 4921895,
            "revenue_4q": null,
            "common_shares": 11028353,
            "book_valuer_per_share": 13.94,
            "book_valuer_per_share_4q_avg": 14.2,
            "equity": 17727797,
            "current_ratio": 121.68,
            "debt_ratio": 44.02,
            "inventory_turnover_ratio": 1.15,
            "account_receivable_turnover_ratio": 1.52,
            "reinvestment_rate": 80.04,
            "research_to_sale_ratio": 0.84,
            "price_fair": 15.9,
            "eps_avg_yearly": 0.45,
            "eps_latest_yearly": 0.32,
            "eps_growth_yearly": 57.11
        },
        "20194": {
            "year_quarter": 20194,
            "year": 2019,
            "quarter": 4,
            "eps": -0.2,
            "eps_growth_year": -328.07,
            "eps_4q": -0.22,
            "eps_4q_growth_year": -155,
            "roe": -1.41,
            "roe_4q": -1.7199999999999998,
            "gross_profit": 113797,
            "gross_margin": 2.26,
            "gross_margin_4q_avg": 5.77,
            "net_income": -248239,
            "net_income_4q": null,
            "revenue": 5025036,
            "revenue_4q": null,
            "common_shares": 11028353,
            "book_valuer_per_share": 13.71,
            "book_valuer_per_share_4q_avg": 14.08,
            "equity": 17395024,
            "current_ratio": 117.83,
            "debt_ratio": 44.06,
            "inventory_turnover_ratio": 1.21,
            "account_receivable_turnover_ratio": 1.58,
            "reinvestment_rate": 0.89,
            "research_to_sale_ratio": 0.63,
            "price_fair": 15.29,
            "eps_avg_yearly": 0.44,
            "eps_latest_yearly": 0.32,
            "eps_growth_yearly": 69.53
        },
        "20201": {
            "year_quarter": 20201,
            "year": 2020,
            "quarter": 1,
            "eps": -0.11,
            "eps_growth_year": -237.5,
            "eps_4q": -0.41,
            "eps_4q_growth_year": -192.19,
            "roe": -0.85,
            "roe_4q": -3.1699999999999995,
            "gross_profit": 244751,
            "gross_margin": 5.37,
            "gross_margin_4q_avg": 5.07,
            "net_income": -145338,
            "net_income_4q": null,
            "revenue": 4561472,
            "revenue_4q": null,
            "common_shares": 11028353,
            "book_valuer_per_share": 13.27,
            "book_valuer_per_share_4q_avg": 13.79,
            "equity": 16873761,
            "current_ratio": 114.56,
            "debt_ratio": 45.25,
            "inventory_turnover_ratio": 1.14,
            "account_receivable_turnover_ratio": 1.44,
            "reinvestment_rate": -62.91,
            "research_to_sale_ratio": 0.39,
            "price_fair": 15.75,
            "eps_avg_yearly": 0.45,
            "eps_latest_yearly": 0.32,
            "eps_growth_yearly": 94.93
        },
        "20202": {
            "year_quarter": 20202,
            "year": 2020,
            "quarter": 2,
            "eps": 0.03,
            "eps_growth_year": null,
            "eps_4q": -0.37,
            "eps_4q_growth_year": -217.31,
            "roe": 0.12,
            "roe_4q": -3.0199999999999996,
            "gross_profit": 360167,
            "gross_margin": 8,
            "gross_margin_4q_avg": 4.9,
            "net_income": 19755,
            "net_income_4q": null,
            "revenue": 4500468,
            "revenue_4q": null,
            "common_shares": 11028353,
            "book_valuer_per_share": 13.5,
            "book_valuer_per_share_4q_avg": 13.61,
            "equity": 16914134,
            "current_ratio": 111.65,
            "debt_ratio": 46.18,
            "inventory_turnover_ratio": 1.03,
            "account_receivable_turnover_ratio": 1.41,
            "reinvestment_rate": -68.46,
            "research_to_sale_ratio": 0.4,
            "price_fair": 15.91,
            "eps_avg_yearly": 0.45,
            "eps_latest_yearly": 0.32,
            "eps_growth_yearly": 87.97
        },
        "20203": {
            "year_quarter": 20203,
            "year": 2020,
            "quarter": 3,
            "eps": -0.12,
            "eps_growth_year": null,
            "eps_4q": -0.4,
            "eps_4q_growth_year": -773.74,
            "roe": -1.02,
            "roe_4q": -3.16,
            "gross_profit": 186213,
            "gross_margin": 4.14,
            "gross_margin_4q_avg": 4.94,
            "net_income": -171494,
            "net_income_4q": null,
            "revenue": 4493534,
            "revenue_4q": null,
            "common_shares": 11028353,
            "book_valuer_per_share": 13.43,
            "book_valuer_per_share_4q_avg": 13.48,
            "equity": 16774845,
            "current_ratio": 110.48,
            "debt_ratio": 44.99,
            "inventory_turnover_ratio": 1.03,
            "account_receivable_turnover_ratio": 1.46,
            "reinvestment_rate": -90.78,
            "research_to_sale_ratio": 0.72,
            "price_fair": 16.8,
            "eps_avg_yearly": 0.48,
            "eps_latest_yearly": 0.32,
            "eps_growth_yearly": 116.77
        },
        "20204": {
            "year_quarter": 20204,
            "year": 2020,
            "quarter": 4,
            "eps": 0.01,
            "eps_growth_year": null,
            "eps_4q": -0.19,
            "eps_4q_growth_year": null,
            "roe": -0.09,
            "roe_4q": -1.84,
            "gross_profit": 450645,
            "gross_margin": 8.9,
            "gross_margin_4q_avg": 6.6,
            "net_income": -15315,
            "net_income_4q": null,
            "revenue": 5061220,
            "revenue_4q": null,
            "common_shares": 11028353,
            "book_valuer_per_share": 13.6,
            "book_valuer_per_share_4q_avg": 13.45,
            "equity": 16985754,
            "current_ratio": 107.13,
            "debt_ratio": 48.01,
            "inventory_turnover_ratio": 1.18,
            "account_receivable_turnover_ratio": 1.61,
            "reinvestment_rate": 151.04,
            "research_to_sale_ratio": 0.99,
            "price_fair": 16.49,
            "eps_avg_yearly": 0.47,
            "eps_latest_yearly": 0.32,
            "eps_growth_yearly": 49.74
        },
        "20211": {
            "year_quarter": 20211,
            "year": 2021,
            "quarter": 1,
            "eps": 0.09,
            "eps_growth_year": null,
            "eps_4q": 0.01,
            "eps_4q_growth_year": null,
            "roe": 0.59,
            "roe_4q": -0.4,
            "gross_profit": 632222,
            "gross_margin": 11.54,
            "gross_margin_4q_avg": 8.15,
            "net_income": 101433,
            "net_income_4q": null,
            "revenue": 5477278,
            "revenue_4q": null,
            "common_shares": 11028353,
            "book_valuer_per_share": 13.84,
            "book_valuer_per_share_4q_avg": 13.59,
            "equity": 17234561,
            "current_ratio": 107.66,
            "debt_ratio": 47.46,
            "inventory_turnover_ratio": 1.36,
            "account_receivable_turnover_ratio": 1.62,
            "reinvestment_rate": 180.98,
            "research_to_sale_ratio": 0.61,
            "price_fair": 16.02,
            "eps_avg_yearly": 0.46,
            "eps_latest_yearly": 0.36,
            "eps_growth_yearly": 411.65
        },
        "20212": {
            "year_quarter": 20212,
            "year": 2021,
            "quarter": 2,
            "eps": 0.38,
            "eps_growth_year": 1166.67,
            "eps_4q": 0.35,
            "eps_4q_growth_year": null,
            "roe": 2.41,
            "roe_4q": 1.8900000000000001,
            "gross_profit": 1037298,
            "gross_margin": 18.07,
            "gross_margin_4q_avg": 10.66,
            "net_income": 420433,
            "net_income_4q": null,
            "revenue": 5741225,
            "revenue_4q": null,
            "common_shares": 11028353,
            "book_valuer_per_share": 14.19,
            "book_valuer_per_share_4q_avg": 13.77,
            "equity": 17621226,
            "current_ratio": 110.67,
            "debt_ratio": 47.75,
            "inventory_turnover_ratio": 1.29,
            "account_receivable_turnover_ratio": 1.58,
            "reinvestment_rate": 129.57,
            "research_to_sale_ratio": 0.71,
            "price_fair": 19.6,
            "eps_avg_yearly": 0.56,
            "eps_latest_yearly": 1.52,
            "eps_growth_yearly": 543.75
        },
        "20213": {
            "year_quarter": 20213,
            "year": 2021,
            "quarter": 3,
            "eps": 0.14,
            "eps_growth_year": null,
            "eps_4q": 0.62,
            "eps_4q_growth_year": null,
            "roe": 0.77,
            "roe_4q": 3.68,
            "gross_profit": 506711,
            "gross_margin": 9.79,
            "gross_margin_4q_avg": 12.08,
            "net_income": 135670,
            "net_income_4q": null,
            "revenue": 5176563,
            "revenue_4q": null,
            "common_shares": 11028353,
            "book_valuer_per_share": 14.26,
            "book_valuer_per_share_4q_avg": 13.97,
            "equity": 17665724,
            "current_ratio": 102.85,
            "debt_ratio": 48.02,
            "inventory_turnover_ratio": 1.12,
            "account_receivable_turnover_ratio": 1.42,
            "reinvestment_rate": 135.26,
            "research_to_sale_ratio": 0.4,
            "price_fair": 19.29,
            "eps_avg_yearly": 0.55,
            "eps_latest_yearly": 0.56,
            "eps_growth_yearly": 512.71
        },
        "20214": {
            "year_quarter": 20214,
            "year": 2021,
            "quarter": 4,
            "eps": -0.15,
            "eps_growth_year": -1374.56,
            "eps_4q": 0.45,
            "eps_4q_growth_year": null,
            "roe": -1.1,
            "roe_4q": 2.67,
            "gross_profit": 226247,
            "gross_margin": 4.01,
            "gross_margin_4q_avg": 10.85,
            "net_income": -194163,
            "net_income_4q": null,
            "revenue": 5636784,
            "revenue_4q": null,
            "common_shares": 11028353,
            "book_valuer_per_share": 14.23,
            "book_valuer_per_share_4q_avg": 14.13,
            "equity": 17633564,
            "current_ratio": 109.15,
            "debt_ratio": 48.09,
            "inventory_turnover_ratio": 1.24,
            "account_receivable_turnover_ratio": 1.51,
            "reinvestment_rate": 258.36,
            "research_to_sale_ratio": 0.18,
            "price_fair": 19.25,
            "eps_avg_yearly": 0.55,
            "eps_latest_yearly": 0.56,
            "eps_growth_yearly": 583.05
        },
        "20221": {
            "year_quarter": 20221,
            "year": 2022,
            "quarter": 1,
            "eps": -0.05,
            "eps_growth_year": -155.56,
            "eps_4q": 0.31,
            "eps_4q_growth_year": 3057.67,
            "roe": -0.29,
            "roe_4q": 1.79,
            "gross_profit": 453701,
            "gross_margin": 8.21,
            "gross_margin_4q_avg": 10.02,
            "net_income": -51583,
            "net_income_4q": null,
            "revenue": 5526767,
            "revenue_4q": null,
            "common_shares": 11028353,
            "book_valuer_per_share": 14.14,
            "book_valuer_per_share_4q_avg": 14.21,
            "equity": 17637060,
            "current_ratio": 103.87,
            "debt_ratio": 48.4,
            "inventory_turnover_ratio": 1.24,
            "account_receivable_turnover_ratio": 1.4,
            "reinvestment_rate": 495.26,
            "research_to_sale_ratio": 0.55,
            "price_fair": 21.2,
            "eps_avg_yearly": 0.61,
            "eps_latest_yearly": 0.56,
            "eps_growth_yearly": 707.16
        },
        "20222": {
            "year_quarter": 20222,
            "year": 2022,
            "quarter": 2,
            "eps": 0.15,
            "eps_growth_year": -60.53,
            "eps_4q": 0.08,
            "eps_4q_growth_year": -76.83,
            "roe": 1.05,
            "roe_4q": 0.42999999999999994,
            "gross_profit": 822489,
            "gross_margin": 13.22,
            "gross_margin_4q_avg": 8.81,
            "net_income": 184796,
            "net_income_4q": null,
            "revenue": 6221758,
            "revenue_4q": null,
            "common_shares": 11028353,
            "book_valuer_per_share": 14.1,
            "book_valuer_per_share_4q_avg": 14.18,
            "equity": 17576363,
            "current_ratio": 110.74,
            "debt_ratio": 49.07,
            "inventory_turnover_ratio": 1.38,
            "account_receivable_turnover_ratio": 1.54,
            "reinvestment_rate": 498.61,
            "research_to_sale_ratio": 0.67,
            "price_fair": 21.93,
            "eps_avg_yearly": 0.63,
            "eps_latest_yearly": 0.56,
            "eps_growth_yearly": 691.69
        },
        "20223": {
            "year_quarter": 20223,
            "year": 2022,
            "quarter": 3,
            "eps": 0.26,
            "eps_growth_year": 85.71,
            "eps_4q": 0.2,
            "eps_4q_growth_year": -66.71,
            "roe": 1.75,
            "roe_4q": 1.4099999999999997,
            "gross_profit": 733944,
            "gross_margin": 11.91,
            "gross_margin_4q_avg": 9.34,
            "net_income": 312802,
            "net_income_4q": null,
            "revenue": 6163399,
            "revenue_4q": null,
            "common_shares": 11028353,
            "book_valuer_per_share": 14.54,
            "book_valuer_per_share_4q_avg": 14.25,
            "equity": 18103537,
            "current_ratio": 138.25,
            "debt_ratio": 48.45,
            "inventory_turnover_ratio": 1.33,
            "account_receivable_turnover_ratio": 1.49,
            "reinvestment_rate": 282.7,
            "research_to_sale_ratio": 0.67,
            "price_fair": 24.27,
            "eps_avg_yearly": 0.69,
            "eps_latest_yearly": 1.04,
            "eps_growth_yearly": 718.36
        },
        "20224": {
            "year_quarter": 20224,
            "year": 2022,
            "quarter": 4,
            "eps": 0.05,
            "eps_growth_year": null,
            "eps_4q": 0.41,
            "eps_4q_growth_year": -8.66,
            "roe": 0.52,
            "roe_4q": 3.0300000000000002,
            "gross_profit": 542007,
            "gross_margin": 9.44,
            "gross_margin_4q_avg": 10.7,
            "net_income": 93676,
            "net_income_4q": null,
            "revenue": 5739205,
            "revenue_4q": null,
            "common_shares": 11028353,
            "book_valuer_per_share": 14.52,
            "book_valuer_per_share_4q_avg": 14.33,
            "equity": 18094610,
            "current_ratio": 251.22,
            "debt_ratio": 48.94,
            "inventory_turnover_ratio": 1.12,
            "account_receivable_turnover_ratio": 1.44,
            "reinvestment_rate": 270.96,
            "research_to_sale_ratio": 0.62,
            "price_fair": 23.33,
            "eps_avg_yearly": 0.67,
            "eps_latest_yearly": 0.2,
            "eps_growth_yearly": 693.68
        },
        "20231": {
            "year_quarter": 20231,
            "year": 2023,
            "quarter": 1,
            "eps": -0.16,
            "eps_growth_year": null,
            "eps_4q": 0.31,
            "eps_4q_growth_year": -0.42,
            "roe": -0.76,
            "roe_4q": 2.56,
            "gross_profit": 326114,
            "gross_margin": 5.97,
            "gross_margin_4q_avg": 10.14,
            "net_income": -135625,
            "net_income_4q": null,
            "revenue": 5465091,
            "revenue_4q": null,
            "common_shares": 11028353,
            "book_valuer_per_share": 14.03,
            "book_valuer_per_share_4q_avg": 14.3,
            "equity": 17601284,
            "current_ratio": 107.56,
            "debt_ratio": 50.69,
            "inventory_turnover_ratio": 1,
            "account_receivable_turnover_ratio": 1.45,
            "reinvestment_rate": 411.61,
            "research_to_sale_ratio": 0.76,
            "price_fair": 25.76,
            "eps_avg_yearly": 0.74,
            "eps_latest_yearly": 0.2,
            "eps_growth_yearly": 841.3
        },
        "20232": {
            "year_quarter": 20232,
            "year": 2023,
            "quarter": 2,
            "eps": -0.35,
            "eps_growth_year": -333.33,
            "eps_4q": -0.19,
            "eps_4q_growth_year": -329.21,
            "roe": -2.24,
            "roe_4q": -0.73,
            "gross_profit": 82977,
            "gross_margin": 1.64,
            "gross_margin_4q_avg": 7.24,
            "net_income": -389371,
            "net_income_4q": null,
            "revenue": 5051855,
            "revenue_4q": null,
            "common_shares": 11028353,
            "book_valuer_per_share": 13.75,
            "book_valuer_per_share_4q_avg": 14.21,
            "equity": 17235231,
            "current_ratio": 112.98,
            "debt_ratio": 51.72,
            "inventory_turnover_ratio": 0.92,
            "account_receivable_turnover_ratio": 1.47,
            "reinvestment_rate": null,
            "research_to_sale_ratio": 0.9,
            "price_fair": 25.76,
            "eps_avg_yearly": 0.74,
            "eps_latest_yearly": 0.2,
            "eps_growth_yearly": 841.3
        },
        "20233": {
            "year_quarter": 20233,
            "year": 2023,
            "quarter": 3,
            "eps": -0.17,
            "eps_growth_year": -165.38,
            "eps_4q": -0.62,
            "eps_4q_growth_year": -401.93,
            "roe": -1.15,
            "roe_4q": -3.6300000000000003,
            "gross_profit": 132474,
            "gross_margin": 2.66,
            "gross_margin_4q_avg": 4.93,
            "net_income": -198115,
            "net_income_4q": null,
            "revenue": 4980365,
            "revenue_4q": null,
            "common_shares": 11028353,
            "book_valuer_per_share": 13.79,
            "book_valuer_per_share_4q_avg": 14.02,
            "equity": 17365292,
            "current_ratio": 106.67,
            "debt_ratio": 50.72,
            "inventory_turnover_ratio": 0.9,
            "account_receivable_turnover_ratio": 1.63,
            "reinvestment_rate": null,
            "research_to_sale_ratio": 1.06,
            "price_fair": 25.76,
            "eps_avg_yearly": 0.74,
            "eps_latest_yearly": 0.2,
            "eps_growth_yearly": 841.3
        },
        "20234": {
            "year_quarter": 20234,
            "year": 2023,
            "quarter": 4,
            "eps": 0.14,
            "eps_growth_year": 179.27,
            "eps_4q": -0.53,
            "eps_4q_growth_year": -228.58,
            "roe": 0.97,
            "roe_4q": -3.1799999999999997,
            "gross_profit": 548324,
            "gross_margin": 10.05,
            "gross_margin_4q_avg": 5.08,
            "net_income": 168614,
            "net_income_4q": null,
            "revenue": 5458140,
            "revenue_4q": null,
            "common_shares": 11028353,
            "book_valuer_per_share": 13.95,
            "book_valuer_per_share_4q_avg": 13.88,
            "equity": 17483894,
            "current_ratio": 113.16,
            "debt_ratio": 50.65,
            "inventory_turnover_ratio": 0.91,
            "account_receivable_turnover_ratio": 1.75,
            "reinvestment_rate": 588.26,
            "research_to_sale_ratio": 0.71,
            "price_fair": 25.76,
            "eps_avg_yearly": 0.74,
            "eps_latest_yearly": 0.2,
            "eps_growth_yearly": 841.3
        }
    },
    "months": {
        "2001-06": {
            "month": "2001-06",
            "price": "8.91",
            "revenue": 461449
        },
        "2001-07": {
            "month": "2001-07",
            "price": "8.01",
            "revenue": 449886
        },
        "2001-08": {
            "month": "2001-08",
            "price": "7.93",
            "revenue": 429379
        },
        "2001-09": {
            "month": "2001-09",
            "price": "7.18",
            "revenue": 364929
        },
        "2001-10": {
            "month": "2001-10",
            "price": "6.25",
            "revenue": 376170
        },
        "2001-11": {
            "month": "2001-11",
            "price": "6.21",
            "revenue": 443680
        },
        "2001-12": {
            "month": "2001-12",
            "price": "6.74",
            "revenue": 503454
        },
        "2002-01": {
            "month": "2002-01",
            "price": "7.20",
            "revenue": 502098
        },
        "2002-02": {
            "month": "2002-02",
            "price": "7.87",
            "revenue": 360826
        },
        "2002-03": {
            "month": "2002-03",
            "price": "11.00",
            "revenue": 456117
        },
        "2002-04": {
            "month": "2002-04",
            "price": "11.04",
            "revenue": 405717
        },
        "2002-05": {
            "month": "2002-05",
            "price": "10.01",
            "revenue": 421593
        },
        "2002-06": {
            "month": "2002-06",
            "price": "12.75",
            "revenue": 462407
        },
        "2002-07": {
            "month": "2002-07",
            "price": "13.54",
            "revenue": 440741
        },
        "2002-08": {
            "month": "2002-08",
            "price": "11.13",
            "revenue": 494860
        },
        "2002-09": {
            "month": "2002-09",
            "price": "8.24",
            "revenue": 453046
        },
        "2002-10": {
            "month": "2002-10",
            "price": "8.63",
            "revenue": 416972
        },
        "2002-11": {
            "month": "2002-11",
            "price": "9.38",
            "revenue": 409188
        },
        "2002-12": {
            "month": "2002-12",
            "price": "10.72",
            "revenue": 405745
        },
        "2003-01": {
            "month": "2003-01",
            "price": "17.08",
            "revenue": 496775
        },
        "2003-02": {
            "month": "2003-02",
            "price": "18.01",
            "revenue": 502638
        },
        "2003-03": {
            "month": "2003-03",
            "price": "15.70",
            "revenue": 498485
        },
        "2003-04": {
            "month": "2003-04",
            "price": "15.15",
            "revenue": 451929
        },
        "2003-05": {
            "month": "2003-05",
            "price": "13.04",
            "revenue": 460408
        },
        "2003-06": {
            "month": "2003-06",
            "price": "14.01",
            "revenue": 400147
        },
        "2003-07": {
            "month": "2003-07",
            "price": "13.90",
            "revenue": 463481
        },
        "2003-08": {
            "month": "2003-08",
            "price": "15.29",
            "revenue": 457924
        },
        "2003-09": {
            "month": "2003-09",
            "price": "16.32",
            "revenue": 493787
        },
        "2003-10": {
            "month": "2003-10",
            "price": "17.80",
            "revenue": 502235
        },
        "2003-11": {
            "month": "2003-11",
            "price": "17.65",
            "revenue": 451871
        },
        "2003-12": {
            "month": "2003-12",
            "price": "17.04",
            "revenue": 465457
        },
        "2004-01": {
            "month": "2004-01",
            "price": "17.88",
            "revenue": 476054
        },
        "2004-02": {
            "month": "2004-02",
            "price": "21.03",
            "revenue": 520863
        },
        "2004-03": {
            "month": "2004-03",
            "price": "23.12",
            "revenue": 506463
        },
        "2004-04": {
            "month": "2004-04",
            "price": "21.53",
            "revenue": 520507
        },
        "2004-05": {
            "month": "2004-05",
            "price": "17.33",
            "revenue": 472014
        },
        "2004-06": {
            "month": "2004-06",
            "price": "16.50",
            "revenue": 443337
        },
        "2004-07": {
            "month": "2004-07",
            "price": "15.04",
            "revenue": 499262
        },
        "2004-08": {
            "month": "2004-08",
            "price": "14.52",
            "revenue": 454598
        },
        "2004-09": {
            "month": "2004-09",
            "price": "15.74",
            "revenue": 424891
        },
        "2004-10": {
            "month": "2004-10",
            "price": "15.08",
            "revenue": 464967
        },
        "2004-11": {
            "month": "2004-11",
            "price": "14.97",
            "revenue": 492431
        },
        "2004-12": {
            "month": "2004-12",
            "price": "16.00",
            "revenue": 535815
        },
        "2005-01": {
            "month": "2005-01",
            "price": "16.05",
            "revenue": 464752
        },
        "2005-02": {
            "month": "2005-02",
            "price": "15.55",
            "revenue": 432049
        },
        "2005-03": {
            "month": "2005-03",
            "price": "14.70",
            "revenue": 512346
        },
        "2005-04": {
            "month": "2005-04",
            "price": "12.34",
            "revenue": 418262
        },
        "2005-05": {
            "month": "2005-05",
            "price": "10.88",
            "revenue": 455366
        },
        "2005-06": {
            "month": "2005-06",
            "price": "11.75",
            "revenue": 459033
        },
        "2005-07": {
            "month": "2005-07",
            "price": "10.98",
            "revenue": 422669
        },
        "2005-08": {
            "month": "2005-08",
            "price": "11.30",
            "revenue": 356132
        },
        "2005-09": {
            "month": "2005-09",
            "price": "12.21",
            "revenue": 385595
        },
        "2005-10": {
            "month": "2005-10",
            "price": "11.67",
            "revenue": 394943
        },
        "2005-11": {
            "month": "2005-11",
            "price": "11.49",
            "revenue": 462073
        },
        "2005-12": {
            "month": "2005-12",
            "price": "12.31",
            "revenue": 462263
        },
        "2006-01": {
            "month": "2006-01",
            "price": "12.34",
            "revenue": 395672
        },
        "2006-02": {
            "month": "2006-02",
            "price": "12.06",
            "revenue": 472067
        },
        "2006-03": {
            "month": "2006-03",
            "price": "11.57",
            "revenue": 497650
        },
        "2006-04": {
            "month": "2006-04",
            "price": "14.39",
            "revenue": 473697
        },
        "2006-05": {
            "month": "2006-05",
            "price": "15.42",
            "revenue": 538943
        },
        "2006-06": {
            "month": "2006-06",
            "price": "14.15",
            "revenue": 499126
        },
        "2006-07": {
            "month": "2006-07",
            "price": "15.19",
            "revenue": 548660
        },
        "2006-08": {
            "month": "2006-08",
            "price": "15.24",
            "revenue": 550474
        },
        "2006-09": {
            "month": "2006-09",
            "price": "13.86",
            "revenue": 491670
        },
        "2006-10": {
            "month": "2006-10",
            "price": "14.92",
            "revenue": 509427
        },
        "2006-11": {
            "month": "2006-11",
            "price": "16.37",
            "revenue": 482290
        },
        "2006-12": {
            "month": "2006-12",
            "price": "17.45",
            "revenue": 621463
        },
        "2007-01": {
            "month": "2007-01",
            "price": "16.95",
            "revenue": 503233
        },
        "2007-02": {
            "month": "2007-02",
            "price": "17.06",
            "revenue": 473452
        },
        "2007-03": {
            "month": "2007-03",
            "price": "15.29",
            "revenue": 626978
        },
        "2007-04": {
            "month": "2007-04",
            "price": "16.25",
            "revenue": 546281
        },
        "2007-05": {
            "month": "2007-05",
            "price": "15.71",
            "revenue": 518083
        },
        "2007-06": {
            "month": "2007-06",
            "price": "16.38",
            "revenue": 556236
        },
        "2007-07": {
            "month": "2007-07",
            "price": "17.92",
            "revenue": 653352
        },
        "2007-08": {
            "month": "2007-08",
            "price": "17.99",
            "revenue": 639134
        },
        "2007-09": {
            "month": "2007-09",
            "price": "19.51",
            "revenue": 435567
        },
        "2007-10": {
            "month": "2007-10",
            "price": "23.95",
            "revenue": 590888
        },
        "2007-11": {
            "month": "2007-11",
            "price": "21.41",
            "revenue": 582285
        },
        "2007-12": {
            "month": "2007-12",
            "price": "19.45",
            "revenue": 617784
        },
        "2008-01": {
            "month": "2008-01",
            "price": "17.38",
            "revenue": 612927
        },
        "2008-02": {
            "month": "2008-02",
            "price": "18.03",
            "revenue": 557024
        },
        "2008-03": {
            "month": "2008-03",
            "price": "21.39",
            "revenue": 640407
        },
        "2008-04": {
            "month": "2008-04",
            "price": "22.38",
            "revenue": 576088
        },
        "2008-05": {
            "month": "2008-05",
            "price": "24.61",
            "revenue": 684593
        },
        "2008-06": {
            "month": "2008-06",
            "price": "22.38",
            "revenue": 591918
        },
        "2008-07": {
            "month": "2008-07",
            "price": "21.32",
            "revenue": 512398
        },
        "2008-08": {
            "month": "2008-08",
            "price": "15.81",
            "revenue": 524288
        },
        "2008-09": {
            "month": "2008-09",
            "price": "13.81",
            "revenue": 471409
        },
        "2008-10": {
            "month": "2008-10",
            "price": "9.24",
            "revenue": 334751
        },
        "2008-11": {
            "month": "2008-11",
            "price": "9.19",
            "revenue": 268623
        },
        "2008-12": {
            "month": "2008-12",
            "price": "8.99",
            "revenue": 341426
        },
        "2009-01": {
            "month": "2009-01",
            "price": "8.89",
            "revenue": 285778
        },
        "2009-02": {
            "month": "2009-02",
            "price": "8.09",
            "revenue": 309671
        },
        "2009-03": {
            "month": "2009-03",
            "price": "8.94",
            "revenue": 405148
        },
        "2009-04": {
            "month": "2009-04",
            "price": "10.87",
            "revenue": 407287
        },
        "2009-05": {
            "month": "2009-05",
            "price": "11.75",
            "revenue": 396543
        },
        "2009-06": {
            "month": "2009-06",
            "price": "11.58",
            "revenue": 471042
        },
        "2009-07": {
            "month": "2009-07",
            "price": "11.43",
            "revenue": 338822
        },
        "2009-08": {
            "month": "2009-08",
            "price": "12.53",
            "revenue": 335074
        },
        "2009-09": {
            "month": "2009-09",
            "price": "12.76",
            "revenue": 443541
        },
        "2009-10": {
            "month": "2009-10",
            "price": "13.59",
            "revenue": 491988
        },
        "2009-11": {
            "month": "2009-11",
            "price": "13.88",
            "revenue": 600880
        },
        "2009-12": {
            "month": "2009-12",
            "price": "15.36",
            "revenue": 623049
        },
        "2010-01": {
            "month": "2010-01",
            "price": "15.33",
            "revenue": 597805
        },
        "2010-02": {
            "month": "2010-02",
            "price": "14.06",
            "revenue": 511209
        },
        "2010-03": {
            "month": "2010-03",
            "price": "16.24",
            "revenue": 693510
        },
        "2010-04": {
            "month": "2010-04",
            "price": "16.24",
            "revenue": 682206
        },
        "2010-05": {
            "month": "2010-05",
            "price": "14.57",
            "revenue": 594974
        },
        "2010-06": {
            "month": "2010-06",
            "price": "13.60",
            "revenue": 567187
        },
        "2010-07": {
            "month": "2010-07",
            "price": "13.93",
            "revenue": 479501
        },
        "2010-08": {
            "month": "2010-08",
            "price": "15.06",
            "revenue": 506479
        },
        "2010-09": {
            "month": "2010-09",
            "price": "15.18",
            "revenue": 566787
        },
        "2010-10": {
            "month": "2010-10",
            "price": "16.58",
            "revenue": 522269
        },
        "2010-11": {
            "month": "2010-11",
            "price": "15.80",
            "revenue": 562135
        },
        "2010-12": {
            "month": "2010-12",
            "price": "15.92",
            "revenue": 527959
        },
        "2011-01": {
            "month": "2011-01",
            "price": "15.77",
            "revenue": 571257
        },
        "2011-02": {
            "month": "2011-02",
            "price": "15.45",
            "revenue": 536801
        },
        "2011-03": {
            "month": "2011-03",
            "price": "15.90",
            "revenue": 629145
        },
        "2011-04": {
            "month": "2011-04",
            "price": "16.59",
            "revenue": 540254
        },
        "2011-05": {
            "month": "2011-05",
            "price": "15.88",
            "revenue": 528239
        },
        "2011-06": {
            "month": "2011-06",
            "price": "15.15",
            "revenue": 520177
        },
        "2011-07": {
            "month": "2011-07",
            "price": "15.03",
            "revenue": 432047
        },
        "2011-08": {
            "month": "2011-08",
            "price": "12.65",
            "revenue": 441182
        },
        "2011-09": {
            "month": "2011-09",
            "price": "10.62",
            "revenue": 529119
        },
        "2011-10": {
            "month": "2011-10",
            "price": "10.74",
            "revenue": 469704
        },
        "2011-11": {
            "month": "2011-11",
            "price": "10.06",
            "revenue": 486962
        },
        "2011-12": {
            "month": "2011-12",
            "price": "9.14",
            "revenue": 572858
        },
        "2012-01": {
            "month": "2012-01",
            "price": "9.26",
            "revenue": 494135
        },
        "2012-02": {
            "month": "2012-02",
            "price": "11.28",
            "revenue": 551007
        },
        "2012-03": {
            "month": "2012-03",
            "price": "11.71",
            "revenue": 565478
        },
        "2012-04": {
            "month": "2012-04",
            "price": "10.37",
            "revenue": 563768
        },
        "2012-05": {
            "month": "2012-05",
            "price": "9.61",
            "revenue": 559890
        },
        "2012-06": {
            "month": "2012-06",
            "price": "9.17",
            "revenue": 452068
        },
        "2012-07": {
            "month": "2012-07",
            "price": "9.15",
            "revenue": 464486
        },
        "2012-08": {
            "month": "2012-08",
            "price": "9.59",
            "revenue": 420684
        },
        "2012-09": {
            "month": "2012-09",
            "price": "10.01",
            "revenue": 471750
        },
        "2012-10": {
            "month": "2012-10",
            "price": "9.36",
            "revenue": 1474471
        },
        "2012-11": {
            "month": "2012-11",
            "price": "9.45",
            "revenue": 1488220
        },
        "2012-12": {
            "month": "2012-12",
            "price": "10.19",
            "revenue": 1453632
        },
        "2013-01": {
            "month": "2013-01",
            "price": "10.34",
            "revenue": 1659311
        },
        "2013-02": {
            "month": "2013-02",
            "price": "10.35",
            "revenue": 1410401
        },
        "2013-03": {
            "month": "2013-03",
            "price": "10.13",
            "revenue": 1777606
        },
        "2013-04": {
            "month": "2013-04",
            "price": "9.52",
            "revenue": 1713832
        },
        "2013-05": {
            "month": "2013-05",
            "price": "9.74",
            "revenue": 1635594
        },
        "2013-06": {
            "month": "2013-06",
            "price": "9.29",
            "revenue": 1593979
        },
        "2013-07": {
            "month": "2013-07",
            "price": "9.39",
            "revenue": 1651608
        },
        "2013-08": {
            "month": "2013-08",
            "price": "9.39",
            "revenue": 1692496
        },
        "2013-09": {
            "month": "2013-09",
            "price": "9.24",
            "revenue": 1666013
        },
        "2013-10": {
            "month": "2013-10",
            "price": "9.44",
            "revenue": 1752984
        },
        "2013-11": {
            "month": "2013-11",
            "price": "9.21",
            "revenue": 1817095
        },
        "2013-12": {
            "month": "2013-12",
            "price": "9.27",
            "revenue": 1820033
        },
        "2014-01": {
            "month": "2014-01",
            "price": "9.34",
            "revenue": 1791557
        },
        "2014-02": {
            "month": "2014-02",
            "price": "9.20",
            "revenue": 1586223
        },
        "2014-03": {
            "month": "2014-03",
            "price": "9.03",
            "revenue": 1783407
        },
        "2014-04": {
            "month": "2014-04",
            "price": "8.95",
            "revenue": 1760158
        },
        "2014-05": {
            "month": "2014-05",
            "price": "9.28",
            "revenue": 1773483
        },
        "2014-06": {
            "month": "2014-06",
            "price": "9.53",
            "revenue": 1730333
        },
        "2014-07": {
            "month": "2014-07",
            "price": "9.38",
            "revenue": 1660026
        },
        "2014-08": {
            "month": "2014-08",
            "price": "9.17",
            "revenue": 1704944
        },
        "2014-09": {
            "month": "2014-09",
            "price": "9.04",
            "revenue": 1718320
        },
        "2014-10": {
            "month": "2014-10",
            "price": "8.67",
            "revenue": 1849278
        },
        "2014-11": {
            "month": "2014-11",
            "price": "8.56",
            "revenue": 1799262
        },
        "2014-12": {
            "month": "2014-12",
            "price": "8.66",
            "revenue": 1987939
        },
        "2015-01": {
            "month": "2015-01",
            "price": "8.75",
            "revenue": 1767975
        },
        "2015-02": {
            "month": "2015-02",
            "price": "8.70",
            "revenue": 1341404
        },
        "2015-03": {
            "month": "2015-03",
            "price": "8.92",
            "revenue": 1859031
        },
        "2015-04": {
            "month": "2015-04",
            "price": "10.45",
            "revenue": 1705412
        },
        "2015-05": {
            "month": "2015-05",
            "price": "10.30",
            "revenue": 1694709
        },
        "2015-06": {
            "month": "2015-06",
            "price": "9.56",
            "revenue": 1739199
        },
        "2015-07": {
            "month": "2015-07",
            "price": "9.08",
            "revenue": 1819822
        },
        "2015-08": {
            "month": "2015-08",
            "price": "8.51",
            "revenue": 1773274
        },
        "2015-09": {
            "month": "2015-09",
            "price": "9.23",
            "revenue": 1842183
        },
        "2015-10": {
            "month": "2015-10",
            "price": "10.06",
            "revenue": 1841328
        },
        "2015-11": {
            "month": "2015-11",
            "price": "9.90",
            "revenue": 1787559
        },
        "2015-12": {
            "month": "2015-12",
            "price": "9.82",
            "revenue": 1818724
        },
        "2016-01": {
            "month": "2016-01",
            "price": "9.26",
            "revenue": 1810976
        },
        "2016-02": {
            "month": "2016-02",
            "price": "9.29",
            "revenue": 1429497
        },
        "2016-03": {
            "month": "2016-03",
            "price": "9.79",
            "revenue": 2025277
        },
        "2016-04": {
            "month": "2016-04",
            "price": "9.99",
            "revenue": 1823847
        },
        "2016-05": {
            "month": "2016-05",
            "price": "9.56",
            "revenue": 1890961
        },
        "2016-06": {
            "month": "2016-06",
            "price": "9.41",
            "revenue": 1867020
        },
        "2016-07": {
            "month": "2016-07",
            "price": "9.50",
            "revenue": 1796358
        },
        "2016-08": {
            "month": "2016-08",
            "price": "9.10",
            "revenue": 1834952
        },
        "2016-09": {
            "month": "2016-09",
            "price": "8.90",
            "revenue": 1720022
        },
        "2016-10": {
            "month": "2016-10",
            "price": "9.01",
            "revenue": 1842970
        },
        "2016-11": {
            "month": "2016-11",
            "price": "8.81",
            "revenue": 1993273
        },
        "2016-12": {
            "month": "2016-12",
            "price": "9.16",
            "revenue": 1958116
        },
        "2017-01": {
            "month": "2017-01",
            "price": "9.76",
            "revenue": 1732911
        },
        "2017-02": {
            "month": "2017-02",
            "price": "10.18",
            "revenue": 1760752
        },
        "2017-03": {
            "month": "2017-03",
            "price": "11.45",
            "revenue": 2055555
        },
        "2017-04": {
            "month": "2017-04",
            "price": "10.40",
            "revenue": 1530826
        },
        "2017-05": {
            "month": "2017-05",
            "price": "9.81",
            "revenue": 1864114
        },
        "2017-06": {
            "month": "2017-06",
            "price": "10.04",
            "revenue": 1928203
        },
        "2017-07": {
            "month": "2017-07",
            "price": "10.06",
            "revenue": 1631340
        },
        "2017-08": {
            "month": "2017-08",
            "price": "10.48",
            "revenue": 2028162
        },
        "2017-09": {
            "month": "2017-09",
            "price": "11.53",
            "revenue": 2019679
        },
        "2017-10": {
            "month": "2017-10",
            "price": "10.95",
            "revenue": 1981185
        },
        "2017-11": {
            "month": "2017-11",
            "price": "11.00",
            "revenue": 2099533
        },
        "2017-12": {
            "month": "2017-12",
            "price": "10.92",
            "revenue": 2075014
        },
        "2018-01": {
            "month": "2018-01",
            "price": "11.60",
            "revenue": 2082674
        },
        "2018-02": {
            "month": "2018-02",
            "price": "11.21",
            "revenue": 1504853
        },
        "2018-03": {
            "month": "2018-03",
            "price": "11.58",
            "revenue": 2164299
        },
        "2018-04": {
            "month": "2018-04",
            "price": "11.16",
            "revenue": 1931718
        },
        "2018-05": {
            "month": "2018-05",
            "price": "10.92",
            "revenue": 2175202
        },
        "2018-06": {
            "month": "2018-06",
            "price": "10.73",
            "revenue": 2094702
        },
        "2018-07": {
            "month": "2018-07",
            "price": "10.39",
            "revenue": 2174361
        },
        "2018-08": {
            "month": "2018-08",
            "price": "10.24",
            "revenue": 1979520
        },
        "2018-09": {
            "month": "2018-09",
            "price": "10.08",
            "revenue": 1926738
        },
        "2018-10": {
            "month": "2018-10",
            "price": "9.35",
            "revenue": 2146318
        },
        "2018-11": {
            "month": "2018-11",
            "price": "9.18",
            "revenue": 1943254
        },
        "2018-12": {
            "month": "2018-12",
            "price": "9.80",
            "revenue": 1853834
        },
        "2019-01": {
            "month": "2019-01",
            "price": "9.57",
            "revenue": 1930865
        },
        "2019-02": {
            "month": "2019-02",
            "price": "9.91",
            "revenue": 1448932
        },
        "2019-03": {
            "month": "2019-03",
            "price": "9.82",
            "revenue": 2002851
        },
        "2019-04": {
            "month": "2019-04",
            "price": "9.68",
            "revenue": 1839746
        },
        "2019-05": {
            "month": "2019-05",
            "price": "9.60",
            "revenue": 1816747
        },
        "2019-06": {
            "month": "2019-06",
            "price": "9.63",
            "revenue": 1703325
        },
        "2019-07": {
            "month": "2019-07",
            "price": "10.13",
            "revenue": 1738683
        },
        "2019-08": {
            "month": "2019-08",
            "price": "10.07",
            "revenue": 1628979
        },
        "2019-09": {
            "month": "2019-09",
            "price": "9.86",
            "revenue": 1554233
        },
        "2019-10": {
            "month": "2019-10",
            "price": "9.27",
            "revenue": 1655313
        },
        "2019-11": {
            "month": "2019-11",
            "price": "9.10",
            "revenue": 1598482
        },
        "2019-12": {
            "month": "2019-12",
            "price": "9.01",
            "revenue": 1771241
        },
        "2020-01": {
            "month": "2020-01",
            "price": "8.90",
            "revenue": 1359253
        },
        "2020-02": {
            "month": "2020-02",
            "price": "8.87",
            "revenue": 1427073
        },
        "2020-03": {
            "month": "2020-03",
            "price": "7.58",
            "revenue": 1775146
        },
        "2020-04": {
            "month": "2020-04",
            "price": "7.15",
            "revenue": 1640562
        },
        "2020-05": {
            "month": "2020-05",
            "price": "7.62",
            "revenue": 1420542
        },
        "2020-06": {
            "month": "2020-06",
            "price": "8.64",
            "revenue": 1439364
        },
        "2020-07": {
            "month": "2020-07",
            "price": "8.81",
            "revenue": 1496446
        },
        "2020-08": {
            "month": "2020-08",
            "price": "8.78",
            "revenue": 1457853
        },
        "2020-09": {
            "month": "2020-09",
            "price": "9.36",
            "revenue": 1539235
        },
        "2020-10": {
            "month": "2020-10",
            "price": "9.06",
            "revenue": 1600126
        },
        "2020-11": {
            "month": "2020-11",
            "price": "9.74",
            "revenue": 1645777
        },
        "2020-12": {
            "month": "2020-12",
            "price": "10.82",
            "revenue": 1815317
        },
        "2021-01": {
            "month": "2021-01",
            "price": "10.57",
            "revenue": 1775959
        },
        "2021-02": {
            "month": "2021-02",
            "price": "10.76",
            "revenue": 1629999
        },
        "2021-03": {
            "month": "2021-03",
            "price": "12.38",
            "revenue": 2071320
        },
        "2021-04": {
            "month": "2021-04",
            "price": "21.32",
            "revenue": 1937683
        },
        "2021-05": {
            "month": "2021-05",
            "price": "22.88",
            "revenue": 1920789
        },
        "2021-06": {
            "month": "2021-06",
            "price": "27.85",
            "revenue": 1882754
        },
        "2021-07": {
            "month": "2021-07",
            "price": "27.83",
            "revenue": 1778229
        },
        "2021-08": {
            "month": "2021-08",
            "price": "25.01",
            "revenue": 1697469
        },
        "2021-09": {
            "month": "2021-09",
            "price": "23.58",
            "revenue": 1700864
        },
        "2021-10": {
            "month": "2021-10",
            "price": "22.26",
            "revenue": 1802666
        },
        "2021-11": {
            "month": "2021-11",
            "price": "23.08",
            "revenue": 1832863
        },
        "2021-12": {
            "month": "2021-12",
            "price": "23.78",
            "revenue": 2001256
        },
        "2022-01": {
            "month": "2022-01",
            "price": "23.26",
            "revenue": 1756575
        },
        "2022-02": {
            "month": "2022-02",
            "price": "23.23",
            "revenue": 1554779
        },
        "2022-03": {
            "month": "2022-03",
            "price": "22.15",
            "revenue": 2215413
        },
        "2022-04": {
            "month": "2022-04",
            "price": "20.68",
            "revenue": 1907254
        },
        "2022-05": {
            "month": "2022-05",
            "price": "19.39",
            "revenue": 2135643
        },
        "2022-06": {
            "month": "2022-06",
            "price": "18.95",
            "revenue": 2178861
        },
        "2022-07": {
            "month": "2022-07",
            "price": "16.89",
            "revenue": 2079953
        },
        "2022-08": {
            "month": "2022-08",
            "price": "17.48",
            "revenue": 2046809
        },
        "2022-09": {
            "month": "2022-09",
            "price": "17.10",
            "revenue": 2036637
        },
        "2022-10": {
            "month": "2022-10",
            "price": "16.42",
            "revenue": 2052357
        },
        "2022-11": {
            "month": "2022-11",
            "price": "17.24",
            "revenue": 1897808
        },
        "2022-12": {
            "month": "2022-12",
            "price": "16.70",
            "revenue": 2031292
        },
        "2023-01": {
            "month": "2023-01",
            "price": "16.50",
            "revenue": 1430345
        },
        "2023-02": {
            "month": "2023-02",
            "price": "17.03",
            "revenue": 1904782
        },
        "2023-03": {
            "month": "2023-03",
            "price": "16.62",
            "revenue": 2129964
        },
        "2023-04": {
            "month": "2023-04",
            "price": "19.35",
            "revenue": 1745218
        },
        "2023-05": {
            "month": "2023-05",
            "price": "24.99",
            "revenue": 1698593
        },
        "2023-06": {
            "month": "2023-06",
            "price": "27.86",
            "revenue": 1608044
        },
        "2023-07": {
            "month": "2023-07",
            "price": "28.63",
            "revenue": 1603986
        },
        "2023-08": {
            "month": "2023-08",
            "price": "25.32",
            "revenue": 1613768
        },
        "2023-09": {
            "month": "2023-09",
            "price": "22.78",
            "revenue": 1734754
        },
        "2023-10": {
            "month": "2023-10",
            "price": "21.83",
            "revenue": 1885277
        },
        "2023-11": {
            "month": "2023-11",
            "price": "21.40",
            "revenue": 1771057
        },
        "2023-12": {
            "month": "2023-12",
            "price": "23.50",
            "revenue": 1829663
        }
    }
}
