{
    "summary": {
        "stock_name": "寶隆",
        "stock_id": "1906",
        "category": "造紙",
        "main_business": "紙類之批發零售及國內外採購運銷業務",
        "website_url": "http://www.baolongintl.com",
        "ceo": "田哲森",
        "pe_ratio": 7,
        "report_year_from": 2001,
        "report_year_to": 2023,
        "age": 22,
        "eps_negative_percentage": 30,
        "eps_growth_avg": {
            "last_all": 1.29,
            "last_2y": 58.09,
            "last_4y": 23.56,
            "last_8y": 13.24,
            "last_12y": 3.77,
            "last_16y": 1.29,
            "last_20y": 1.29,
            "at_2006_last_3y": null,
            "at_2007_last_3y": -4.88,
            "at_2008_last_3y": 1.41,
            "at_2009_last_3y": -7.79,
            "at_2010_last_3y": -21.97,
            "at_2011_last_3y": 4.25,
            "at_2012_last_3y": -22.68,
            "at_2013_last_3y": -21.51,
            "at_2014_last_3y": 0,
            "at_2015_last_3y": -77.12,
            "at_2016_last_3y": 22.88,
            "at_2017_last_3y": -3.95,
            "at_2018_last_3y": 1.89,
            "at_2019_last_3y": -3.53,
            "at_2020_last_3y": -34.15,
            "at_2021_last_3y": 4.45,
            "at_2022_last_3y": 24.59,
            "at_2023_last_3y": 24.59,
            "at_2006_last_all": null,
            "at_2007_last_all": -4.88,
            "at_2008_last_all": 1.41,
            "at_2009_last_all": -7.79,
            "at_2010_last_all": -21.97,
            "at_2011_last_all": 2.42,
            "at_2012_last_all": -14.65,
            "at_2013_last_all": -14.65,
            "at_2014_last_all": -14.65,
            "at_2015_last_all": -20.3,
            "at_2016_last_all": -5.27,
            "at_2017_last_all": -11.08,
            "at_2018_last_all": -8.03,
            "at_2019_last_all": -14.2,
            "at_2020_last_all": -14.89,
            "at_2021_last_all": -6.3,
            "at_2022_last_all": 1.29,
            "at_2023_last_all": 1.29
        },
        "latest_eps": 2.29,
        "latest_price": 16.4,
        "latest_roe": 6.25,
        "latest_gross_margin": 9.04,
        "latest_equity": 5023813,
        "latest_revenue": 806783,
        "latest_gross_profit": 72968,
        "latest_net_income": -42593,
        "latest_debt_ratio": 31.54,
        "latest_current_ratio": 15.77,
        "latest_account_receivable_turnover_ratio": 9.06,
        "latest_inventory_turnover_ratio": 19.01,
        "latest_reinvestment_rate": 79.53,
        "latest_research_to_sale_ratio": null
    },
    "eps_dividends": {
        "2001": {
            "cash": 0,
            "stock": 0,
            "eps": -0.06
        },
        "2002": {
            "cash": 0,
            "stock": 0,
            "eps": -0.46
        },
        "2003": {
            "cash": 0,
            "stock": 0,
            "eps": -0.18
        },
        "2004": {
            "cash": 0,
            "stock": 0,
            "eps": -0.07
        },
        "2005": {
            "cash": 0,
            "stock": 0,
            "eps": -0.06
        },
        "2006": {
            "cash": 0,
            "stock": 0,
            "eps": 0.41
        },
        "2007": {
            "cash": 0,
            "stock": 0,
            "eps": 0.39
        },
        "2008": {
            "cash": 0,
            "stock": 0,
            "eps": 0.42
        },
        "2009": {
            "cash": 0,
            "stock": 0,
            "eps": 0.31
        },
        "2010": {
            "cash": 0,
            "stock": 0,
            "eps": 0.11
        },
        "2011": {
            "cash": 0,
            "stock": 0,
            "eps": 0.36
        },
        "2012": {
            "cash": 0,
            "stock": 0,
            "eps": -0.4
        },
        "2013": {
            "cash": 0,
            "stock": 0,
            "eps": 0
        },
        "2014": {
            "cash": 0,
            "stock": 0,
            "eps": 1.18
        },
        "2015": {
            "cash": 0,
            "stock": 0,
            "eps": 0.54
        },
        "2016": {
            "cash": 0.15,
            "stock": 0,
            "eps": 6.56
        },
        "2017": {
            "cash": 1.5,
            "stock": 0,
            "eps": 2.78
        },
        "2018": {
            "cash": 1,
            "stock": 0,
            "eps": 3.32
        },
        "2019": {
            "cash": 0.5,
            "stock": 0,
            "eps": 0.8
        },
        "2020": {
            "cash": 0.5,
            "stock": 0,
            "eps": 0.62
        },
        "2021": {
            "cash": 0.4,
            "stock": 0,
            "eps": 1.22
        },
        "2022": {
            "cash": 0.6,
            "stock": 0,
            "eps": 2.82
        },
        "2023": {
            "cash": 0.5,
            "stock": 0,
            "eps": -0.28
        }
    },
    "dividends": {
        "2016-07-28": {
            "cash": 0.15,
            "stock": 0
        },
        "2017-07-20": {
            "cash": 1.5,
            "stock": 0
        },
        "2018-07-20": {
            "cash": 1,
            "stock": 0
        },
        "2019-07-12": {
            "cash": 0.5,
            "stock": 0
        },
        "2020-07-30": {
            "cash": 0.5,
            "stock": 0
        },
        "2021-07-30": {
            "cash": 0.4,
            "stock": 0
        },
        "2022-07-28": {
            "cash": 0.6,
            "stock": 0
        },
        "2023-07-27": {
            "cash": 0.5,
            "stock": 0
        }
    },
    "prices": {
        "200101": "3.08",
        "200102": "3.71",
        "200103": "3.39",
        "200104": "3.20",
        "200105": "2.70",
        "200106": "2.19",
        "200107": "1.77",
        "200108": "2.14",
        "200109": "1.93",
        "200110": "1.78",
        "200111": "1.71",
        "200112": "1.93",
        "200201": "2.02",
        "200202": "2.29",
        "200203": "3.67",
        "200204": "3.95",
        "200205": "3.48",
        "200206": "3.61",
        "200207": "3.13",
        "200208": "2.83",
        "200209": "2.02",
        "200210": "1.96",
        "200211": "2.05",
        "200212": "2.43",
        "200301": "5.27",
        "200302": "5.65",
        "200303": "4.70",
        "200304": "4.46",
        "200305": "3.23",
        "200306": "3.81",
        "200307": "3.92",
        "200308": "3.78",
        "200309": "3.50",
        "200310": "4.08",
        "200311": "5.01",
        "200312": "5.02",
        "200401": "6.04",
        "200402": "7.45",
        "200403": "7.92",
        "200404": "7.71",
        "200405": "7.14",
        "200406": "6.96",
        "200407": "6.39",
        "200408": "5.58",
        "200409": "5.82",
        "200410": "5.70",
        "200411": "5.32",
        "200412": "5.24",
        "200501": "5.46",
        "200502": "5.21",
        "200503": "4.87",
        "200504": "4.14",
        "200505": "4.01",
        "200506": "4.04",
        "200507": "3.94",
        "200508": "3.84",
        "200509": "3.72",
        "200510": "3.57",
        "200511": "3.18",
        "200512": "3.31",
        "200601": "3.40",
        "200602": "3.27",
        "200603": "3.16",
        "200604": "3.63",
        "200605": "4.20",
        "200606": "3.76",
        "200607": "3.73",
        "200608": "3.94",
        "200609": "4.69",
        "200610": "6.20",
        "200611": "6.61",
        "200612": "7.59",
        "200701": "7.34",
        "200702": "7.02",
        "200703": "6.75",
        "200704": "7.62",
        "200705": "7.17",
        "200706": "7.13",
        "200707": "9.04",
        "200708": "8.57",
        "200709": "8.07",
        "200710": "8.51",
        "200711": "7.12",
        "200712": "6.49",
        "200801": "6.70",
        "200802": "6.73",
        "200803": "7.75",
        "200804": "8.14",
        "200805": "8.14",
        "200806": "7.24",
        "200807": "6.02",
        "200808": "5.51",
        "200809": "4.58",
        "200810": "3.59",
        "200811": "3.84",
        "200812": "3.68",
        "200901": "3.57",
        "200902": "3.32",
        "200903": "3.68",
        "200904": "4.78",
        "200905": "4.82",
        "200906": "5.08",
        "200907": "5.14",
        "200908": "5.43",
        "200909": "5.40",
        "200910": "5.56",
        "200911": "5.60",
        "200912": "7.17",
        "201001": "7.76",
        "201002": "7.95",
        "201003": "9.13",
        "201004": "9.72",
        "201005": "7.82",
        "201006": "7.44",
        "201007": "7.40",
        "201008": "7.87",
        "201009": "7.47",
        "201010": "8.47",
        "201011": "8.26",
        "201012": "8.53",
        "201101": "8.84",
        "201102": "8.39",
        "201103": "7.99",
        "201104": "8.11",
        "201105": "8.25",
        "201106": "8.08",
        "201107": "8.07",
        "201108": "7.31",
        "201109": "6.77",
        "201110": "7.09",
        "201111": "7.23",
        "201112": "6.92",
        "201201": "6.80",
        "201202": "7.62",
        "201203": "7.95",
        "201204": "7.07",
        "201205": "6.75",
        "201206": "5.75",
        "201207": "5.45",
        "201208": "5.45",
        "201209": "6.49",
        "201210": "6.40",
        "201211": "5.53",
        "201212": "6.70",
        "201301": "6.74",
        "201302": "6.77",
        "201303": "6.66",
        "201304": "7.03",
        "201305": "7.11",
        "201306": "7.17",
        "201307": "7.25",
        "201308": "7.79",
        "201309": "7.82",
        "201310": "8.37",
        "201311": "8.45",
        "201312": "9.38",
        "201401": "9.58",
        "201402": "11.10",
        "201403": "10.48",
        "201404": "9.83",
        "201405": "9.97",
        "201406": "10.29",
        "201407": "11.15",
        "201408": "13.13",
        "201409": "13.43",
        "201410": "12.39",
        "201411": "11.68",
        "201412": "11.30",
        "201501": "11.38",
        "201502": "11.10",
        "201503": "10.56",
        "201504": "10.30",
        "201505": "9.39",
        "201506": "7.80",
        "201507": "8.01",
        "201508": "8.04",
        "201509": "8.28",
        "201510": "8.15",
        "201511": "7.74",
        "201512": "7.58",
        "201601": "7.02",
        "201602": "7.17",
        "201603": "8.45",
        "201604": "8.85",
        "201605": "8.14",
        "201606": "8.91",
        "201607": "9.86",
        "201608": "11.45",
        "201609": "11.72",
        "201610": "15.72",
        "201611": "15.90",
        "201612": "16.67",
        "201701": "21.67",
        "201702": "27.95",
        "201703": "27.13",
        "201704": "23.50",
        "201705": "23.36",
        "201706": "26.67",
        "201707": "27.85",
        "201708": "32.94",
        "201709": "35.26",
        "201710": "32.17",
        "201711": "30.60",
        "201712": "28.42",
        "201801": "28.74",
        "201802": "27.80",
        "201803": "28.07",
        "201804": "26.61",
        "201805": "24.13",
        "201806": "22.32",
        "201807": "20.02",
        "201808": "20.84",
        "201809": "19.94",
        "201810": "16.37",
        "201811": "14.98",
        "201812": "14.85",
        "201901": "14.70",
        "201902": "15.56",
        "201903": "16.67",
        "201904": "15.50",
        "201905": "14.08",
        "201906": "13.36",
        "201907": "13.08",
        "201908": "12.34",
        "201909": "12.62",
        "201910": "12.87",
        "201911": "13.26",
        "201912": "13.55",
        "202001": "13.82",
        "202002": "13.26",
        "202003": "12.52",
        "202004": "11.76",
        "202005": "12.06",
        "202006": "12.60",
        "202007": "12.79",
        "202008": "13.30",
        "202009": "14.58",
        "202010": "14.56",
        "202011": "14.81",
        "202012": "16.40",
        "202101": "16.32",
        "202102": "16.21",
        "202103": "17.54",
        "202104": "20.69",
        "202105": "19.70",
        "202106": "20.87",
        "202107": "20.80",
        "202108": "20.70",
        "202109": "21.24",
        "202110": "19.90",
        "202111": "20.40",
        "202112": "20.36",
        "202201": "19.85",
        "202202": "19.90",
        "202203": "19.58",
        "202204": "20.09",
        "202205": "18.86",
        "202206": "19.98",
        "202207": "18.41",
        "202208": "18.96",
        "202209": "18.82",
        "202210": "16.01",
        "202211": "16.27",
        "202212": "16.80",
        "202301": "17.15",
        "202302": "17.74",
        "202303": "17.05",
        "202304": "16.17",
        "202305": "16.02",
        "202306": "16.30"
    },
    "quarters": {
        "20011": {
            "year_quarter": 20011,
            "year": 2001,
            "quarter": 1,
            "eps": -0.04,
            "eps_growth_year": null,
            "eps_4q": -0.5,
            "eps_4q_growth_year": -259.51,
            "roe": -0.7,
            "roe_4q": -0.7,
            "gross_profit": 18594,
            "gross_margin": 4.51,
            "gross_margin_4q_avg": 4.51,
            "net_income": -8071,
            "revenue": 412557,
            "common_shares": 1918000,
            "book_valuer_per_share": 5.67,
            "book_valuer_per_share_4q_avg": 5.67,
            "equity": 1086833,
            "current_ratio": 106.34,
            "debt_ratio": 44.34,
            "inventory_turnover_ratio": 4.48,
            "account_receivable_turnover_ratio": null,
            "reinvestment_rate": null,
            "research_to_sale_ratio": null,
            "price_fair": 0,
            "eps_avg_yearly": 0,
            "eps_latest_yearly": 0,
            "eps_growth_yearly": 0
        },
        "20012": {
            "year_quarter": 20012,
            "year": 2001,
            "quarter": 2,
            "eps": -0.09,
            "eps_growth_year": null,
            "eps_4q": -0.33,
            "eps_4q_growth_year": -222.37,
            "roe": -1.59,
            "roe_4q": -2.29,
            "gross_profit": 26292,
            "gross_margin": 5.63,
            "gross_margin_4q_avg": 5.07,
            "net_income": -17412,
            "revenue": 467129,
            "common_shares": 1918000,
            "book_valuer_per_share": 5.72,
            "book_valuer_per_share_4q_avg": 5.7,
            "equity": 1098042,
            "current_ratio": 103.92,
            "debt_ratio": 45.38,
            "inventory_turnover_ratio": 5.6,
            "account_receivable_turnover_ratio": null,
            "reinvestment_rate": null,
            "research_to_sale_ratio": null,
            "price_fair": 0,
            "eps_avg_yearly": 0,
            "eps_latest_yearly": 0,
            "eps_growth_yearly": 0
        },
        "20013": {
            "year_quarter": 20013,
            "year": 2001,
            "quarter": 3,
            "eps": 0.01,
            "eps_growth_year": -80,
            "eps_4q": -0.37,
            "eps_4q_growth_year": -180.26,
            "roe": 0.17,
            "roe_4q": -2.12,
            "gross_profit": 35596,
            "gross_margin": 7.84,
            "gross_margin_4q_avg": 5.99,
            "net_income": 1778,
            "revenue": 454321,
            "common_shares": 1918000,
            "book_valuer_per_share": 5.45,
            "book_valuer_per_share_4q_avg": 5.61,
            "equity": 1044934,
            "current_ratio": 102.02,
            "debt_ratio": 45.95,
            "inventory_turnover_ratio": 5.83,
            "account_receivable_turnover_ratio": null,
            "reinvestment_rate": null,
            "research_to_sale_ratio": null,
            "price_fair": 0,
            "eps_avg_yearly": 0,
            "eps_latest_yearly": 0,
            "eps_growth_yearly": 0
        },
        "20014": {
            "year_quarter": 20014,
            "year": 2001,
            "quarter": 4,
            "eps": 0.06,
            "eps_growth_year": null,
            "eps_4q": -0.07,
            "eps_4q_growth_year": null,
            "roe": 0.95,
            "roe_4q": -1.1700000000000002,
            "gross_profit": 41040,
            "gross_margin": 8.71,
            "gross_margin_4q_avg": 6.67,
            "net_income": 10844,
            "revenue": 470995,
            "common_shares": 1918000,
            "book_valuer_per_share": 5.34,
            "book_valuer_per_share_4q_avg": 5.55,
            "equity": 1247834,
            "current_ratio": 135.89,
            "debt_ratio": 43.24,
            "inventory_turnover_ratio": 6.45,
            "account_receivable_turnover_ratio": null,
            "reinvestment_rate": null,
            "research_to_sale_ratio": null,
            "price_fair": 0,
            "eps_avg_yearly": 0,
            "eps_latest_yearly": 0,
            "eps_growth_yearly": 0
        },
        "20021": {
            "year_quarter": 20021,
            "year": 2002,
            "quarter": 1,
            "eps": -0.06,
            "eps_growth_year": null,
            "eps_4q": -0.09,
            "eps_4q_growth_year": null,
            "roe": -0.91,
            "roe_4q": -1.3800000000000001,
            "gross_profit": 22642,
            "gross_margin": 5.8,
            "gross_margin_4q_avg": 7,
            "net_income": -10580,
            "revenue": 390509,
            "common_shares": 1918000,
            "book_valuer_per_share": 5.59,
            "book_valuer_per_share_4q_avg": 5.53,
            "equity": 1071359,
            "current_ratio": 104.89,
            "debt_ratio": 42.43,
            "inventory_turnover_ratio": 5.78,
            "account_receivable_turnover_ratio": null,
            "reinvestment_rate": null,
            "research_to_sale_ratio": null,
            "price_fair": 0,
            "eps_avg_yearly": 0,
            "eps_latest_yearly": 0,
            "eps_growth_yearly": 0
        },
        "20022": {
            "year_quarter": 20022,
            "year": 2002,
            "quarter": 2,
            "eps": -0.19,
            "eps_growth_year": null,
            "eps_4q": -0.17,
            "eps_4q_growth_year": null,
            "roe": -3.36,
            "roe_4q": -3.1499999999999995,
            "gross_profit": 22667,
            "gross_margin": 5.28,
            "gross_margin_4q_avg": 6.91,
            "net_income": -35550,
            "revenue": 429553,
            "common_shares": 1918000,
            "book_valuer_per_share": 5.44,
            "book_valuer_per_share_4q_avg": 5.46,
            "equity": 1043385,
            "current_ratio": 114.85,
            "debt_ratio": 42.8,
            "inventory_turnover_ratio": 6.42,
            "account_receivable_turnover_ratio": null,
            "reinvestment_rate": null,
            "research_to_sale_ratio": null,
            "price_fair": 0,
            "eps_avg_yearly": 0,
            "eps_latest_yearly": 0,
            "eps_growth_yearly": 0
        },
        "20023": {
            "year_quarter": 20023,
            "year": 2002,
            "quarter": 3,
            "eps": -0.12,
            "eps_growth_year": -1300,
            "eps_4q": -0.31,
            "eps_4q_growth_year": null,
            "roe": -2.32,
            "roe_4q": -5.64,
            "gross_profit": 12599,
            "gross_margin": 4.27,
            "gross_margin_4q_avg": 6.02,
            "net_income": -23309,
            "revenue": 295382,
            "common_shares": 1918000,
            "book_valuer_per_share": 5.02,
            "book_valuer_per_share_4q_avg": 5.35,
            "equity": 962161,
            "current_ratio": 114.99,
            "debt_ratio": 39.31,
            "inventory_turnover_ratio": 4.37,
            "account_receivable_turnover_ratio": null,
            "reinvestment_rate": null,
            "research_to_sale_ratio": null,
            "price_fair": 0,
            "eps_avg_yearly": 0,
            "eps_latest_yearly": 0,
            "eps_growth_yearly": 0
        },
        "20024": {
            "year_quarter": 20024,
            "year": 2002,
            "quarter": 4,
            "eps": -0.09,
            "eps_growth_year": -250,
            "eps_4q": -0.56,
            "eps_4q_growth_year": null,
            "roe": -1.34,
            "roe_4q": -7.93,
            "gross_profit": 4548,
            "gross_margin": 7.25,
            "gross_margin_4q_avg": 5.65,
            "net_income": -13388,
            "revenue": 62768,
            "common_shares": 1510000,
            "book_valuer_per_share": 6.85,
            "book_valuer_per_share_4q_avg": 5.73,
            "equity": 1034282,
            "current_ratio": 120.23,
            "debt_ratio": 30.76,
            "inventory_turnover_ratio": 0.83,
            "account_receivable_turnover_ratio": null,
            "reinvestment_rate": null,
            "research_to_sale_ratio": null,
            "price_fair": 0,
            "eps_avg_yearly": 0,
            "eps_latest_yearly": 0,
            "eps_growth_yearly": 0
        },
        "20031": {
            "year_quarter": 20031,
            "year": 2003,
            "quarter": 1,
            "eps": -0.26,
            "eps_growth_year": null,
            "eps_4q": -0.75,
            "eps_4q_growth_year": null,
            "roe": -3.75,
            "roe_4q": -10.77,
            "gross_profit": 11830,
            "gross_margin": 4.27,
            "gross_margin_4q_avg": 5.27,
            "net_income": -38669,
            "revenue": 277197,
            "common_shares": 1510000,
            "book_valuer_per_share": 6.82,
            "book_valuer_per_share_4q_avg": 6.03,
            "equity": 1029400,
            "current_ratio": 102.41,
            "debt_ratio": 37.52,
            "inventory_turnover_ratio": 4.06,
            "account_receivable_turnover_ratio": null,
            "reinvestment_rate": null,
            "research_to_sale_ratio": null,
            "price_fair": 0,
            "eps_avg_yearly": 0,
            "eps_latest_yearly": 0,
            "eps_growth_yearly": 0
        },
        "20032": {
            "year_quarter": 20032,
            "year": 2003,
            "quarter": 2,
            "eps": 0.01,
            "eps_growth_year": null,
            "eps_4q": -0.49,
            "eps_4q_growth_year": null,
            "roe": 0.19,
            "roe_4q": -7.220000000000001,
            "gross_profit": 33421,
            "gross_margin": 16.73,
            "gross_margin_4q_avg": 8.13,
            "net_income": 1959,
            "revenue": 199816,
            "common_shares": 1510000,
            "book_valuer_per_share": 6.59,
            "book_valuer_per_share_4q_avg": 6.32,
            "equity": 995105,
            "current_ratio": 108.81,
            "debt_ratio": 34.37,
            "inventory_turnover_ratio": 2.92,
            "account_receivable_turnover_ratio": null,
            "reinvestment_rate": null,
            "research_to_sale_ratio": null,
            "price_fair": 0,
            "eps_avg_yearly": 0,
            "eps_latest_yearly": 0,
            "eps_growth_yearly": 0
        },
        "20033": {
            "year_quarter": 20033,
            "year": 2003,
            "quarter": 3,
            "eps": 0.06,
            "eps_growth_year": null,
            "eps_4q": -0.31,
            "eps_4q_growth_year": null,
            "roe": 0.81,
            "roe_4q": -4.09,
            "gross_profit": 44135,
            "gross_margin": 13.67,
            "gross_margin_4q_avg": 10.48,
            "net_income": 8088,
            "revenue": 322936,
            "common_shares": 1510000,
            "book_valuer_per_share": 6.65,
            "book_valuer_per_share_4q_avg": 6.73,
            "equity": 1004803,
            "current_ratio": 119.19,
            "debt_ratio": 38.28,
            "inventory_turnover_ratio": 4.58,
            "account_receivable_turnover_ratio": null,
            "reinvestment_rate": null,
            "research_to_sale_ratio": null,
            "price_fair": 8.4,
            "eps_avg_yearly": 0.24,
            "eps_latest_yearly": 0.24,
            "eps_growth_yearly": 2000
        },
        "20034": {
            "year_quarter": 20034,
            "year": 2003,
            "quarter": 4,
            "eps": 0.01,
            "eps_growth_year": null,
            "eps_4q": -0.18,
            "eps_4q_growth_year": null,
            "roe": 0.15,
            "roe_4q": -2.5999999999999996,
            "gross_profit": 58518,
            "gross_margin": 12.47,
            "gross_margin_4q_avg": 11.79,
            "net_income": 1580,
            "revenue": 469195,
            "common_shares": 1510000,
            "book_valuer_per_share": 7.45,
            "book_valuer_per_share_4q_avg": 6.88,
            "equity": 1125075,
            "current_ratio": 120.49,
            "debt_ratio": 37.19,
            "inventory_turnover_ratio": 7.91,
            "account_receivable_turnover_ratio": null,
            "reinvestment_rate": null,
            "research_to_sale_ratio": null,
            "price_fair": 4.9,
            "eps_avg_yearly": 0.14,
            "eps_latest_yearly": 0.04,
            "eps_growth_yearly": 833.33
        },
        "20041": {
            "year_quarter": 20041,
            "year": 2004,
            "quarter": 1,
            "eps": 0.01,
            "eps_growth_year": null,
            "eps_4q": 0.12,
            "eps_4q_growth_year": null,
            "roe": 0.09,
            "roe_4q": 1.24,
            "gross_profit": 69078,
            "gross_margin": 14.54,
            "gross_margin_4q_avg": 14.35,
            "net_income": 1053,
            "revenue": 475187,
            "common_shares": 1510000,
            "book_valuer_per_share": 8.67,
            "book_valuer_per_share_4q_avg": 7.34,
            "equity": 1309432,
            "current_ratio": 122.2,
            "debt_ratio": 33.69,
            "inventory_turnover_ratio": 9.67,
            "account_receivable_turnover_ratio": null,
            "reinvestment_rate": null,
            "research_to_sale_ratio": null,
            "price_fair": 3.73,
            "eps_avg_yearly": 0.11,
            "eps_latest_yearly": 0.04,
            "eps_growth_yearly": 555.56
        },
        "20042": {
            "year_quarter": 20042,
            "year": 2004,
            "quarter": 2,
            "eps": 0.03,
            "eps_growth_year": 200,
            "eps_4q": 0.1,
            "eps_4q_growth_year": null,
            "roe": 0.36,
            "roe_4q": 1.4100000000000001,
            "gross_profit": 57902,
            "gross_margin": 12.34,
            "gross_margin_4q_avg": 13.26,
            "net_income": 4570,
            "revenue": 469109,
            "common_shares": 1510000,
            "book_valuer_per_share": 8.25,
            "book_valuer_per_share_4q_avg": 7.76,
            "equity": 1245608,
            "current_ratio": 96.36,
            "debt_ratio": 38.08,
            "inventory_turnover_ratio": 8.84,
            "account_receivable_turnover_ratio": null,
            "reinvestment_rate": null,
            "research_to_sale_ratio": null,
            "price_fair": 3.85,
            "eps_avg_yearly": 0.11,
            "eps_latest_yearly": 0.12,
            "eps_growth_yearly": 616.67
        },
        "20043": {
            "year_quarter": 20043,
            "year": 2004,
            "quarter": 3,
            "eps": -0.06,
            "eps_growth_year": -200,
            "eps_4q": -0.01,
            "eps_4q_growth_year": null,
            "roe": -0.69,
            "roe_4q": -0.08999999999999997,
            "gross_profit": 56314,
            "gross_margin": 12.66,
            "gross_margin_4q_avg": 13,
            "net_income": -8523,
            "revenue": 444759,
            "common_shares": 1510000,
            "book_valuer_per_share": 8.21,
            "book_valuer_per_share_4q_avg": 8.15,
            "equity": 1240318,
            "current_ratio": 96.31,
            "debt_ratio": 36.5,
            "inventory_turnover_ratio": 8.47,
            "account_receivable_turnover_ratio": null,
            "reinvestment_rate": null,
            "research_to_sale_ratio": null,
            "price_fair": 3.85,
            "eps_avg_yearly": 0.11,
            "eps_latest_yearly": 0.12,
            "eps_growth_yearly": 616.67
        },
        "20044": {
            "year_quarter": 20044,
            "year": 2004,
            "quarter": 4,
            "eps": -0.05,
            "eps_growth_year": -600,
            "eps_4q": -0.07,
            "eps_4q_growth_year": null,
            "roe": -0.64,
            "roe_4q": -0.8800000000000001,
            "gross_profit": 44101,
            "gross_margin": 11.17,
            "gross_margin_4q_avg": 12.68,
            "net_income": -8011,
            "revenue": 394809,
            "common_shares": 1510000,
            "book_valuer_per_share": 8.28,
            "book_valuer_per_share_4q_avg": 8.35,
            "equity": 1250190,
            "current_ratio": 99.16,
            "debt_ratio": 34.89,
            "inventory_turnover_ratio": 9.12,
            "account_receivable_turnover_ratio": null,
            "reinvestment_rate": null,
            "research_to_sale_ratio": null,
            "price_fair": 3.85,
            "eps_avg_yearly": 0.11,
            "eps_latest_yearly": 0.12,
            "eps_growth_yearly": 616.67
        },
        "20051": {
            "year_quarter": 20051,
            "year": 2005,
            "quarter": 1,
            "eps": -0.19,
            "eps_growth_year": -2000,
            "eps_4q": -0.27,
            "eps_4q_growth_year": -325.21,
            "roe": -2.18,
            "roe_4q": -3.1500000000000004,
            "gross_profit": 40765,
            "gross_margin": 11.68,
            "gross_margin_4q_avg": 11.96,
            "net_income": -27995,
            "revenue": 348956,
            "common_shares": 1510000,
            "book_valuer_per_share": 8.72,
            "book_valuer_per_share_4q_avg": 8.37,
            "equity": 1317328,
            "current_ratio": 97.16,
            "debt_ratio": 26.9,
            "inventory_turnover_ratio": 8.31,
            "account_receivable_turnover_ratio": null,
            "reinvestment_rate": null,
            "research_to_sale_ratio": null,
            "price_fair": 3.85,
            "eps_avg_yearly": 0.11,
            "eps_latest_yearly": 0.12,
            "eps_growth_yearly": 616.67
        },
        "20052": {
            "year_quarter": 20052,
            "year": 2005,
            "quarter": 2,
            "eps": 0.16,
            "eps_growth_year": 433.33,
            "eps_4q": -0.14,
            "eps_4q_growth_year": -241.08,
            "roe": 1.83,
            "roe_4q": -1.6800000000000002,
            "gross_profit": 37950,
            "gross_margin": 11.91,
            "gross_margin_4q_avg": 11.86,
            "net_income": 23622,
            "revenue": 318534,
            "common_shares": 1510000,
            "book_valuer_per_share": 8.33,
            "book_valuer_per_share_4q_avg": 8.39,
            "equity": 1258055,
            "current_ratio": 102.62,
            "debt_ratio": 29.16,
            "inventory_turnover_ratio": 5.55,
            "account_receivable_turnover_ratio": null,
            "reinvestment_rate": null,
            "research_to_sale_ratio": null,
            "price_fair": 3.85,
            "eps_avg_yearly": 0.11,
            "eps_latest_yearly": 0.12,
            "eps_growth_yearly": 616.67
        },
        "20053": {
            "year_quarter": 20053,
            "year": 2005,
            "quarter": 3,
            "eps": 0.06,
            "eps_growth_year": null,
            "eps_4q": -0.03,
            "eps_4q_growth_year": null,
            "roe": 0.7,
            "roe_4q": -0.2899999999999999,
            "gross_profit": 44084,
            "gross_margin": 11.54,
            "gross_margin_4q_avg": 11.58,
            "net_income": 8629,
            "revenue": 381950,
            "common_shares": 1510000,
            "book_valuer_per_share": 8.07,
            "book_valuer_per_share_4q_avg": 8.35,
            "equity": 1218740,
            "current_ratio": 87.39,
            "debt_ratio": 29.82,
            "inventory_turnover_ratio": 7.69,
            "account_receivable_turnover_ratio": null,
            "reinvestment_rate": null,
            "research_to_sale_ratio": null,
            "price_fair": 4.76,
            "eps_avg_yearly": 0.14,
            "eps_latest_yearly": 0.24,
            "eps_growth_yearly": 443.33
        },
        "20054": {
            "year_quarter": 20054,
            "year": 2005,
            "quarter": 4,
            "eps": -0.09,
            "eps_growth_year": null,
            "eps_4q": -0.1,
            "eps_4q_growth_year": null,
            "roe": -1.1,
            "roe_4q": -0.7500000000000002,
            "gross_profit": 52244,
            "gross_margin": 17.97,
            "gross_margin_4q_avg": 13.28,
            "net_income": -13653,
            "revenue": 290790,
            "common_shares": 1510000,
            "book_valuer_per_share": 8.01,
            "book_valuer_per_share_4q_avg": 8.28,
            "equity": 1264657,
            "current_ratio": 78.2,
            "debt_ratio": 26.33,
            "inventory_turnover_ratio": 9.96,
            "account_receivable_turnover_ratio": null,
            "reinvestment_rate": null,
            "research_to_sale_ratio": null,
            "price_fair": 4.76,
            "eps_avg_yearly": 0.14,
            "eps_latest_yearly": 0.24,
            "eps_growth_yearly": 443.33
        },
        "20061": {
            "year_quarter": 20061,
            "year": 2006,
            "quarter": 1,
            "eps": 0.04,
            "eps_growth_year": null,
            "eps_4q": 0.16,
            "eps_4q_growth_year": null,
            "roe": 0.52,
            "roe_4q": 1.95,
            "gross_profit": 27197,
            "gross_margin": 10.95,
            "gross_margin_4q_avg": 13.09,
            "net_income": 6369,
            "revenue": 248347,
            "common_shares": 1510000,
            "book_valuer_per_share": 7.95,
            "book_valuer_per_share_4q_avg": 8.09,
            "equity": 1200168,
            "current_ratio": 66.03,
            "debt_ratio": 25.16,
            "inventory_turnover_ratio": 16.32,
            "account_receivable_turnover_ratio": null,
            "reinvestment_rate": null,
            "research_to_sale_ratio": null,
            "price_fair": 4.76,
            "eps_avg_yearly": 0.14,
            "eps_latest_yearly": 0.24,
            "eps_growth_yearly": 443.33
        },
        "20062": {
            "year_quarter": 20062,
            "year": 2006,
            "quarter": 2,
            "eps": 0.31,
            "eps_growth_year": 93.75,
            "eps_4q": 0.32,
            "eps_4q_growth_year": null,
            "roe": 3.53,
            "roe_4q": 3.6499999999999995,
            "gross_profit": 46566,
            "gross_margin": 12.47,
            "gross_margin_4q_avg": 13.23,
            "net_income": 45619,
            "revenue": 373312,
            "common_shares": 1510000,
            "book_valuer_per_share": 9.16,
            "book_valuer_per_share_4q_avg": 8.3,
            "equity": 1382452,
            "current_ratio": 87.61,
            "debt_ratio": 26.92,
            "inventory_turnover_ratio": 43.4,
            "account_receivable_turnover_ratio": null,
            "reinvestment_rate": null,
            "research_to_sale_ratio": null,
            "price_fair": 11.2,
            "eps_avg_yearly": 0.32,
            "eps_latest_yearly": 1.24,
            "eps_growth_yearly": 819.44
        },
        "20063": {
            "year_quarter": 20063,
            "year": 2006,
            "quarter": 3,
            "eps": 0.06,
            "eps_growth_year": 0,
            "eps_4q": 0.32,
            "eps_4q_growth_year": null,
            "roe": 0.61,
            "roe_4q": 3.56,
            "gross_profit": 39285,
            "gross_margin": 10.66,
            "gross_margin_4q_avg": 13.01,
            "net_income": 8779,
            "revenue": 368355,
            "common_shares": 1510000,
            "book_valuer_per_share": 10,
            "book_valuer_per_share_4q_avg": 8.78,
            "equity": 1510637,
            "current_ratio": 87.81,
            "debt_ratio": 25.43,
            "inventory_turnover_ratio": 38.68,
            "account_receivable_turnover_ratio": null,
            "reinvestment_rate": -354762.07,
            "research_to_sale_ratio": null,
            "price_fair": 10.8,
            "eps_avg_yearly": 0.31,
            "eps_latest_yearly": 0.24,
            "eps_growth_yearly": 656.3
        },
        "20064": {
            "year_quarter": 20064,
            "year": 2006,
            "quarter": 4,
            "eps": 0,
            "eps_growth_year": null,
            "eps_4q": 0.39,
            "eps_4q_growth_year": null,
            "roe": 0.01,
            "roe_4q": 4.67,
            "gross_profit": 38442,
            "gross_margin": 11.01,
            "gross_margin_4q_avg": 11.27,
            "net_income": 238,
            "revenue": 349205,
            "common_shares": 1510000,
            "book_valuer_per_share": 12.55,
            "book_valuer_per_share_4q_avg": 9.92,
            "equity": 2034636,
            "current_ratio": 82.85,
            "debt_ratio": 19.28,
            "inventory_turnover_ratio": 38.99,
            "account_receivable_turnover_ratio": null,
            "reinvestment_rate": -750.93,
            "research_to_sale_ratio": null,
            "price_fair": 10.8,
            "eps_avg_yearly": 0.31,
            "eps_latest_yearly": 0.24,
            "eps_growth_yearly": 656.3
        },
        "20071": {
            "year_quarter": 20071,
            "year": 2007,
            "quarter": 1,
            "eps": -0.03,
            "eps_growth_year": -175,
            "eps_4q": 0.37,
            "eps_4q_growth_year": 133.66,
            "roe": -0.21,
            "roe_4q": 3.94,
            "gross_profit": 39978,
            "gross_margin": 12.03,
            "gross_margin_4q_avg": 11.54,
            "net_income": -4135,
            "revenue": 332274,
            "common_shares": 1510000,
            "book_valuer_per_share": 12.27,
            "book_valuer_per_share_4q_avg": 11,
            "equity": 1852157,
            "current_ratio": 80.17,
            "debt_ratio": 20.88,
            "inventory_turnover_ratio": 72.27,
            "account_receivable_turnover_ratio": null,
            "reinvestment_rate": -211.84,
            "research_to_sale_ratio": null,
            "price_fair": 10.8,
            "eps_avg_yearly": 0.31,
            "eps_latest_yearly": 0.24,
            "eps_growth_yearly": 656.3
        },
        "20072": {
            "year_quarter": 20072,
            "year": 2007,
            "quarter": 2,
            "eps": 0.13,
            "eps_growth_year": -58.06,
            "eps_4q": 0.16,
            "eps_4q_growth_year": -48.54,
            "roe": 1,
            "roe_4q": 1.4100000000000001,
            "gross_profit": 30088,
            "gross_margin": 9.78,
            "gross_margin_4q_avg": 10.87,
            "net_income": 18541,
            "revenue": 307694,
            "common_shares": 1510000,
            "book_valuer_per_share": 12.2,
            "book_valuer_per_share_4q_avg": 11.76,
            "equity": 1842651,
            "current_ratio": 43.85,
            "debt_ratio": 24.48,
            "inventory_turnover_ratio": 237.57,
            "account_receivable_turnover_ratio": null,
            "reinvestment_rate": -157.16,
            "research_to_sale_ratio": null,
            "price_fair": 10.8,
            "eps_avg_yearly": 0.31,
            "eps_latest_yearly": 0.24,
            "eps_growth_yearly": 656.3
        },
        "20073": {
            "year_quarter": 20073,
            "year": 2007,
            "quarter": 3,
            "eps": 0.25,
            "eps_growth_year": 316.67,
            "eps_4q": 0.35,
            "eps_4q_growth_year": 8.47,
            "roe": 1.98,
            "roe_4q": 2.78,
            "gross_profit": 32339,
            "gross_margin": 8.61,
            "gross_margin_4q_avg": 10.36,
            "net_income": 36881,
            "revenue": 375484,
            "common_shares": 1510000,
            "book_valuer_per_share": 12.49,
            "book_valuer_per_share_4q_avg": 12.38,
            "equity": 1885269,
            "current_ratio": 54.88,
            "debt_ratio": 28.51,
            "inventory_turnover_ratio": 37.74,
            "account_receivable_turnover_ratio": null,
            "reinvestment_rate": -108.45,
            "research_to_sale_ratio": null,
            "price_fair": 14.6,
            "eps_avg_yearly": 0.42,
            "eps_latest_yearly": 1,
            "eps_growth_yearly": 423.33
        },
        "20074": {
            "year_quarter": 20074,
            "year": 2007,
            "quarter": 4,
            "eps": 0.04,
            "eps_growth_year": null,
            "eps_4q": 0.38,
            "eps_4q_growth_year": -3.19,
            "roe": 0.31,
            "roe_4q": 3.08,
            "gross_profit": 41042,
            "gross_margin": 8.89,
            "gross_margin_4q_avg": 9.83,
            "net_income": 6024,
            "revenue": 461743,
            "common_shares": 1510000,
            "book_valuer_per_share": 10.87,
            "book_valuer_per_share_4q_avg": 11.96,
            "equity": 1981427,
            "current_ratio": 52.72,
            "debt_ratio": 26.72,
            "inventory_turnover_ratio": 42.52,
            "account_receivable_turnover_ratio": null,
            "reinvestment_rate": -102.93,
            "research_to_sale_ratio": null,
            "price_fair": 15.2,
            "eps_avg_yearly": 0.43,
            "eps_latest_yearly": 0.16,
            "eps_growth_yearly": 422.95
        },
        "20081": {
            "year_quarter": 20081,
            "year": 2008,
            "quarter": 1,
            "eps": -0.06,
            "eps_growth_year": null,
            "eps_4q": 0.35,
            "eps_4q_growth_year": -5.49,
            "roe": -0.44,
            "roe_4q": 2.85,
            "gross_profit": 30695,
            "gross_margin": 8.39,
            "gross_margin_4q_avg": 8.92,
            "net_income": -9012,
            "revenue": 365915,
            "common_shares": 1510000,
            "book_valuer_per_share": 11.49,
            "book_valuer_per_share_4q_avg": 11.76,
            "equity": 2076277,
            "current_ratio": 42.61,
            "debt_ratio": 24.04,
            "inventory_turnover_ratio": 40.71,
            "account_receivable_turnover_ratio": null,
            "reinvestment_rate": -114.35,
            "research_to_sale_ratio": null,
            "price_fair": 17.5,
            "eps_avg_yearly": 0.5,
            "eps_latest_yearly": 0.16,
            "eps_growth_yearly": 493.44
        },
        "20082": {
            "year_quarter": 20082,
            "year": 2008,
            "quarter": 2,
            "eps": 0.22,
            "eps_growth_year": 69.23,
            "eps_4q": 0.32,
            "eps_4q_growth_year": 93.81,
            "roe": 2.24,
            "roe_4q": 4.09,
            "gross_profit": 25981,
            "gross_margin": 7.46,
            "gross_margin_4q_avg": 8.34,
            "net_income": 45738,
            "revenue": 348458,
            "common_shares": 1510000,
            "book_valuer_per_share": 10.94,
            "book_valuer_per_share_4q_avg": 11.45,
            "equity": 2002386,
            "current_ratio": 42.99,
            "debt_ratio": 25.09,
            "inventory_turnover_ratio": 13.17,
            "account_receivable_turnover_ratio": null,
            "reinvestment_rate": -79.1,
            "research_to_sale_ratio": null,
            "price_fair": 20.16,
            "eps_avg_yearly": 0.58,
            "eps_latest_yearly": 0.16,
            "eps_growth_yearly": 432.13
        },
        "20083": {
            "year_quarter": 20083,
            "year": 2008,
            "quarter": 3,
            "eps": 0.27,
            "eps_growth_year": 8,
            "eps_4q": 0.66,
            "eps_4q_growth_year": 88.73,
            "roe": 1.51,
            "roe_4q": 3.62,
            "gross_profit": 34910,
            "gross_margin": 8.03,
            "gross_margin_4q_avg": 8.19,
            "net_income": 28377,
            "revenue": 434743,
            "common_shares": 1510000,
            "book_valuer_per_share": 9.65,
            "book_valuer_per_share_4q_avg": 10.74,
            "equity": 1767513,
            "current_ratio": 50.78,
            "debt_ratio": 25.92,
            "inventory_turnover_ratio": 13.09,
            "account_receivable_turnover_ratio": null,
            "reinvestment_rate": -61.33,
            "research_to_sale_ratio": null,
            "price_fair": 23.1,
            "eps_avg_yearly": 0.66,
            "eps_latest_yearly": 1.08,
            "eps_growth_yearly": 375.26
        },
        "20084": {
            "year_quarter": 20084,
            "year": 2008,
            "quarter": 4,
            "eps": -0.01,
            "eps_growth_year": -125,
            "eps_4q": 0.48,
            "eps_4q_growth_year": 26.98,
            "roe": -0.62,
            "roe_4q": 2.6900000000000004,
            "gross_profit": 34905,
            "gross_margin": 7.99,
            "gross_margin_4q_avg": 7.97,
            "net_income": -10959,
            "revenue": 437091,
            "common_shares": 1510000,
            "book_valuer_per_share": 9.5,
            "book_valuer_per_share_4q_avg": 10.4,
            "equity": 1750492,
            "current_ratio": 67.39,
            "debt_ratio": 31.83,
            "inventory_turnover_ratio": 29.33,
            "account_receivable_turnover_ratio": 11.86,
            "reinvestment_rate": -62.26,
            "research_to_sale_ratio": null,
            "price_fair": 23.1,
            "eps_avg_yearly": 0.66,
            "eps_latest_yearly": 1.08,
            "eps_growth_yearly": 375.26
        },
        "20091": {
            "year_quarter": 20091,
            "year": 2009,
            "quarter": 1,
            "eps": -0.1,
            "eps_growth_year": null,
            "eps_4q": 0.37,
            "eps_4q_growth_year": 8.15,
            "roe": -0.88,
            "roe_4q": 2.25,
            "gross_profit": 25481,
            "gross_margin": 10.93,
            "gross_margin_4q_avg": 8.6,
            "net_income": -15671,
            "revenue": 233210,
            "common_shares": 1510000,
            "book_valuer_per_share": 9.84,
            "book_valuer_per_share_4q_avg": 9.98,
            "equity": 1815200,
            "current_ratio": 55.54,
            "debt_ratio": 27.71,
            "inventory_turnover_ratio": 61.56,
            "account_receivable_turnover_ratio": 4.54,
            "reinvestment_rate": -57.73,
            "research_to_sale_ratio": null,
            "price_fair": 23.1,
            "eps_avg_yearly": 0.66,
            "eps_latest_yearly": 1.08,
            "eps_growth_yearly": 375.26
        },
        "20092": {
            "year_quarter": 20092,
            "year": 2009,
            "quarter": 2,
            "eps": 0.03,
            "eps_growth_year": -86.36,
            "eps_4q": 0.15,
            "eps_4q_growth_year": -52.53,
            "roe": 0.3,
            "roe_4q": 0.30999999999999983,
            "gross_profit": 17047,
            "gross_margin": 8.42,
            "gross_margin_4q_avg": 8.84,
            "net_income": 5523,
            "revenue": 202392,
            "common_shares": 1510000,
            "book_valuer_per_share": 10.21,
            "book_valuer_per_share_4q_avg": 9.8,
            "equity": 1875338,
            "current_ratio": 30.27,
            "debt_ratio": 22.48,
            "inventory_turnover_ratio": 61.35,
            "account_receivable_turnover_ratio": 5.86,
            "reinvestment_rate": -225.35,
            "research_to_sale_ratio": null,
            "price_fair": 23.1,
            "eps_avg_yearly": 0.66,
            "eps_latest_yearly": 1.08,
            "eps_growth_yearly": 375.26
        },
        "20093": {
            "year_quarter": 20093,
            "year": 2009,
            "quarter": 3,
            "eps": -0.01,
            "eps_growth_year": -103.7,
            "eps_4q": -0.09,
            "eps_4q_growth_year": -114.4,
            "roe": -0.07,
            "roe_4q": -1.27,
            "gross_profit": 15511,
            "gross_margin": 9.32,
            "gross_margin_4q_avg": 9.17,
            "net_income": -1348,
            "revenue": 166419,
            "common_shares": 1510000,
            "book_valuer_per_share": 12.09,
            "book_valuer_per_share_4q_avg": 10.41,
            "equity": 2190498,
            "current_ratio": 15.7,
            "debt_ratio": 19.02,
            "inventory_turnover_ratio": 26.73,
            "account_receivable_turnover_ratio": 5.9,
            "reinvestment_rate": -248.64,
            "research_to_sale_ratio": null,
            "price_fair": 26.04,
            "eps_avg_yearly": 0.74,
            "eps_latest_yearly": 1.08,
            "eps_growth_yearly": 500.31
        },
        "20094": {
            "year_quarter": 20094,
            "year": 2009,
            "quarter": 4,
            "eps": 0.39,
            "eps_growth_year": null,
            "eps_4q": 0.3,
            "eps_4q_growth_year": -38.24,
            "roe": 7.02,
            "roe_4q": 6.369999999999999,
            "gross_profit": 12153,
            "gross_margin": 10.7,
            "gross_margin_4q_avg": 9.84,
            "net_income": 147551,
            "revenue": 113603,
            "common_shares": 1510000,
            "book_valuer_per_share": 12.42,
            "book_valuer_per_share_4q_avg": 11.14,
            "equity": 2011051,
            "current_ratio": 44.6,
            "debt_ratio": 22.61,
            "inventory_turnover_ratio": 19.23,
            "account_receivable_turnover_ratio": 14.32,
            "reinvestment_rate": 439.87,
            "research_to_sale_ratio": null,
            "price_fair": 26.04,
            "eps_avg_yearly": 0.74,
            "eps_latest_yearly": 1.08,
            "eps_growth_yearly": 500.31
        },
        "20101": {
            "year_quarter": 20101,
            "year": 2010,
            "quarter": 1,
            "eps": -0.14,
            "eps_growth_year": null,
            "eps_4q": 0.27,
            "eps_4q_growth_year": -28.99,
            "roe": -1.03,
            "roe_4q": 6.219999999999999,
            "gross_profit": 9484,
            "gross_margin": 13.72,
            "gross_margin_4q_avg": 10.54,
            "net_income": -20004,
            "revenue": 69113,
            "common_shares": 1510000,
            "book_valuer_per_share": 12.12,
            "book_valuer_per_share_4q_avg": 11.71,
            "equity": 1879612,
            "current_ratio": 24.16,
            "debt_ratio": 22.62,
            "inventory_turnover_ratio": 14.66,
            "account_receivable_turnover_ratio": 3.8,
            "reinvestment_rate": 684.74,
            "research_to_sale_ratio": null,
            "price_fair": 26.04,
            "eps_avg_yearly": 0.74,
            "eps_latest_yearly": 1.08,
            "eps_growth_yearly": 500.31
        },
        "20102": {
            "year_quarter": 20102,
            "year": 2010,
            "quarter": 2,
            "eps": 0.05,
            "eps_growth_year": 78.38,
            "eps_4q": 0.29,
            "eps_4q_growth_year": 93.52,
            "roe": 0.43,
            "roe_4q": 6.35,
            "gross_profit": 12574,
            "gross_margin": 10.37,
            "gross_margin_4q_avg": 11.03,
            "net_income": 7838,
            "revenue": 121266,
            "common_shares": 1510000,
            "book_valuer_per_share": 11.62,
            "book_valuer_per_share_4q_avg": 12.06,
            "equity": 1798528,
            "current_ratio": 68.76,
            "debt_ratio": 24.4,
            "inventory_turnover_ratio": 22.51,
            "account_receivable_turnover_ratio": 5.17,
            "reinvestment_rate": 792.69,
            "research_to_sale_ratio": null,
            "price_fair": 1.86,
            "eps_avg_yearly": 0.62,
            "eps_latest_yearly": 1.08,
            "eps_growth_yearly": -49.61
        },
        "20103": {
            "year_quarter": 20103,
            "year": 2010,
            "quarter": 3,
            "eps": 0.2,
            "eps_growth_year": null,
            "eps_4q": 0.51,
            "eps_4q_growth_year": null,
            "roe": 1.85,
            "roe_4q": 8.27,
            "gross_profit": 17223,
            "gross_margin": 30.44,
            "gross_margin_4q_avg": 16.31,
            "net_income": 34430,
            "revenue": 56576,
            "common_shares": 1510000,
            "book_valuer_per_share": 12.33,
            "book_valuer_per_share_4q_avg": 12.12,
            "equity": 1915596,
            "current_ratio": 127.02,
            "debt_ratio": 17.3,
            "inventory_turnover_ratio": 51.81,
            "account_receivable_turnover_ratio": 3.41,
            "reinvestment_rate": 737.76,
            "research_to_sale_ratio": null,
            "price_fair": 26.6,
            "eps_avg_yearly": 0.76,
            "eps_latest_yearly": 0.8,
            "eps_growth_yearly": 331.03
        },
        "20104": {
            "year_quarter": 20104,
            "year": 2010,
            "quarter": 4,
            "eps": -0,
            "eps_growth_year": -100.98,
            "eps_4q": 0.12,
            "eps_4q_growth_year": -60.45,
            "roe": -0.03,
            "roe_4q": 1.22,
            "gross_profit": -2913,
            "gross_margin": -16.19,
            "gross_margin_4q_avg": 9.59,
            "net_income": -510,
            "revenue": 17994,
            "common_shares": 1510000,
            "book_valuer_per_share": 13.8,
            "book_valuer_per_share_4q_avg": 12.47,
            "equity": 2149664,
            "current_ratio": 110.14,
            "debt_ratio": 16.96,
            "inventory_turnover_ratio": null,
            "account_receivable_turnover_ratio": 2.88,
            "reinvestment_rate": 870.11,
            "research_to_sale_ratio": null,
            "price_fair": 26.6,
            "eps_avg_yearly": 0.76,
            "eps_latest_yearly": 0.8,
            "eps_growth_yearly": 331.03
        },
        "20111": {
            "year_quarter": 20111,
            "year": 2011,
            "quarter": 1,
            "eps": -0.12,
            "eps_growth_year": null,
            "eps_4q": 0.13,
            "eps_4q_growth_year": -50.35,
            "roe": -0.85,
            "roe_4q": 1.4000000000000001,
            "gross_profit": 10577,
            "gross_margin": 22.22,
            "gross_margin_4q_avg": 11.71,
            "net_income": -17912,
            "revenue": 47609,
            "common_shares": 1510000,
            "book_valuer_per_share": 13.13,
            "book_valuer_per_share_4q_avg": 12.72,
            "equity": 2041454,
            "current_ratio": 101.63,
            "debt_ratio": 18.6,
            "inventory_turnover_ratio": 10.67,
            "account_receivable_turnover_ratio": 5.89,
            "reinvestment_rate": 877.91,
            "research_to_sale_ratio": null,
            "price_fair": 26.6,
            "eps_avg_yearly": 0.76,
            "eps_latest_yearly": 0.8,
            "eps_growth_yearly": 331.03
        },
        "20112": {
            "year_quarter": 20112,
            "year": 2011,
            "quarter": 2,
            "eps": 0.02,
            "eps_growth_year": -64.6,
            "eps_4q": 0.1,
            "eps_4q_growth_year": -66.67,
            "roe": 0.14,
            "roe_4q": 1.11,
            "gross_profit": 15388,
            "gross_margin": 12.5,
            "gross_margin_4q_avg": 12.24,
            "net_income": 2772,
            "revenue": 123106,
            "common_shares": 1510000,
            "book_valuer_per_share": 12.7,
            "book_valuer_per_share_4q_avg": 12.99,
            "equity": 1972885,
            "current_ratio": 79.74,
            "debt_ratio": 21.19,
            "inventory_turnover_ratio": 14.52,
            "account_receivable_turnover_ratio": 6.55,
            "reinvestment_rate": 926.73,
            "research_to_sale_ratio": null,
            "price_fair": 26.6,
            "eps_avg_yearly": 0.76,
            "eps_latest_yearly": 0.8,
            "eps_growth_yearly": 331.03
        },
        "20113": {
            "year_quarter": 20113,
            "year": 2011,
            "quarter": 3,
            "eps": 0.5,
            "eps_growth_year": 146.02,
            "eps_4q": 0.4,
            "eps_4q_growth_year": -22.63,
            "roe": 4.11,
            "roe_4q": 3.37,
            "gross_profit": 12649,
            "gross_margin": 9.36,
            "gross_margin_4q_avg": 6.97,
            "net_income": 79591,
            "revenue": 135146,
            "common_shares": 1510000,
            "book_valuer_per_share": 12.28,
            "book_valuer_per_share_4q_avg": 12.98,
            "equity": 1902657,
            "current_ratio": 64.49,
            "debt_ratio": 23.75,
            "inventory_turnover_ratio": 16.83,
            "account_receivable_turnover_ratio": 4.39,
            "reinvestment_rate": 697.23,
            "research_to_sale_ratio": null,
            "price_fair": 35.35,
            "eps_avg_yearly": 1.01,
            "eps_latest_yearly": 2,
            "eps_growth_yearly": 2638.73
        },
        "20114": {
            "year_quarter": 20114,
            "year": 2011,
            "quarter": 4,
            "eps": -0.04,
            "eps_growth_year": null,
            "eps_4q": 0.36,
            "eps_4q_growth_year": 204.86,
            "roe": -0.32,
            "roe_4q": 3.0800000000000005,
            "gross_profit": 14588,
            "gross_margin": 12.59,
            "gross_margin_4q_avg": 14.17,
            "net_income": -5817,
            "revenue": 115875,
            "common_shares": 1510000,
            "book_valuer_per_share": 11.33,
            "book_valuer_per_share_4q_avg": 12.36,
            "equity": 1753600,
            "current_ratio": 60.53,
            "debt_ratio": 28.1,
            "inventory_turnover_ratio": 16.8,
            "account_receivable_turnover_ratio": 4.26,
            "reinvestment_rate": 675.19,
            "research_to_sale_ratio": null,
            "price_fair": 45.27,
            "eps_avg_yearly": 1.29,
            "eps_latest_yearly": 2,
            "eps_growth_yearly": 3630.3
        },
        "20121": {
            "year_quarter": 20121,
            "year": 2012,
            "quarter": 1,
            "eps": -0.19,
            "eps_growth_year": null,
            "eps_4q": 0.29,
            "eps_4q_growth_year": 117.56,
            "roe": -1.62,
            "roe_4q": 2.31,
            "gross_profit": 13532,
            "gross_margin": 12.55,
            "gross_margin_4q_avg": 11.75,
            "net_income": -28580,
            "revenue": 107793,
            "common_shares": 1510000,
            "book_valuer_per_share": 11.48,
            "book_valuer_per_share_4q_avg": 11.95,
            "equity": 1780714,
            "current_ratio": 54.74,
            "debt_ratio": 28.76,
            "inventory_turnover_ratio": 28.95,
            "account_receivable_turnover_ratio": 5.74,
            "reinvestment_rate": 794.54,
            "research_to_sale_ratio": null,
            "price_fair": 45.27,
            "eps_avg_yearly": 1.29,
            "eps_latest_yearly": 2,
            "eps_growth_yearly": 3630.3
        },
        "20122": {
            "year_quarter": 20122,
            "year": 2012,
            "quarter": 2,
            "eps": -0.01,
            "eps_growth_year": -164.96,
            "eps_4q": 0.26,
            "eps_4q_growth_year": 162.67,
            "roe": -0.11,
            "roe_4q": 2.06,
            "gross_profit": 12060,
            "gross_margin": 14.69,
            "gross_margin_4q_avg": 12.3,
            "net_income": -1825,
            "revenue": 82099,
            "common_shares": 1510000,
            "book_valuer_per_share": 10.46,
            "book_valuer_per_share_4q_avg": 11.39,
            "equity": 1619793,
            "current_ratio": 48.95,
            "debt_ratio": 31.23,
            "inventory_turnover_ratio": 31.12,
            "account_receivable_turnover_ratio": 4.26,
            "reinvestment_rate": 1028.21,
            "research_to_sale_ratio": null,
            "price_fair": 45.27,
            "eps_avg_yearly": 1.29,
            "eps_latest_yearly": 2,
            "eps_growth_yearly": 3630.3
        },
        "20123": {
            "year_quarter": 20123,
            "year": 2012,
            "quarter": 3,
            "eps": -0.17,
            "eps_growth_year": -134.44,
            "eps_4q": -0.42,
            "eps_4q_growth_year": -206,
            "roe": -1.57,
            "roe_4q": -3.62,
            "gross_profit": 19032,
            "gross_margin": 12.7,
            "gross_margin_4q_avg": 13.13,
            "net_income": -25456,
            "revenue": 149884,
            "common_shares": 1510000,
            "book_valuer_per_share": 10.49,
            "book_valuer_per_share_4q_avg": 10.94,
            "equity": 1627134,
            "current_ratio": 46.64,
            "debt_ratio": 32.54,
            "inventory_turnover_ratio": 29.2,
            "account_receivable_turnover_ratio": 4.67,
            "reinvestment_rate": 2236.25,
            "research_to_sale_ratio": null,
            "price_fair": 49,
            "eps_avg_yearly": 1.4,
            "eps_latest_yearly": 2,
            "eps_growth_yearly": 5400
        },
        "20124": {
            "year_quarter": 20124,
            "year": 2012,
            "quarter": 4,
            "eps": -0.03,
            "eps_growth_year": null,
            "eps_4q": -0.41,
            "eps_4q_growth_year": -214.13,
            "roe": -0.28,
            "roe_4q": -3.58,
            "gross_profit": 18562,
            "gross_margin": 14.43,
            "gross_margin_4q_avg": 13.59,
            "net_income": -4572,
            "revenue": 128603,
            "common_shares": 1510000,
            "book_valuer_per_share": 10.5,
            "book_valuer_per_share_4q_avg": 10.73,
            "equity": 1628146,
            "current_ratio": 151.58,
            "debt_ratio": 39.94,
            "inventory_turnover_ratio": 15.21,
            "account_receivable_turnover_ratio": 3.98,
            "reinvestment_rate": 1546.17,
            "research_to_sale_ratio": null,
            "price_fair": 49,
            "eps_avg_yearly": 1.4,
            "eps_latest_yearly": 2,
            "eps_growth_yearly": 5400
        },
        "20131": {
            "year_quarter": 20131,
            "year": 2013,
            "quarter": 1,
            "eps": -0.07,
            "eps_growth_year": null,
            "eps_4q": -0.29,
            "eps_4q_growth_year": -201.18,
            "roe": -0.65,
            "roe_4q": -2.61,
            "gross_profit": 20271,
            "gross_margin": 14.65,
            "gross_margin_4q_avg": 14.12,
            "net_income": -10953,
            "revenue": 138366,
            "common_shares": 1510000,
            "book_valuer_per_share": 11.3,
            "book_valuer_per_share_4q_avg": 10.69,
            "equity": 1754979,
            "current_ratio": 159.99,
            "debt_ratio": 35.81,
            "inventory_turnover_ratio": 10.47,
            "account_receivable_turnover_ratio": 6.36,
            "reinvestment_rate": 1577.43,
            "research_to_sale_ratio": null,
            "price_fair": 49,
            "eps_avg_yearly": 1.4,
            "eps_latest_yearly": 2,
            "eps_growth_yearly": 5400
        },
        "20132": {
            "year_quarter": 20132,
            "year": 2013,
            "quarter": 2,
            "eps": 0.23,
            "eps_growth_year": null,
            "eps_4q": -0.05,
            "eps_4q_growth_year": -118.68,
            "roe": 2.05,
            "roe_4q": -0.4500000000000002,
            "gross_profit": 22865,
            "gross_margin": 13.71,
            "gross_margin_4q_avg": 13.87,
            "net_income": 38091,
            "revenue": 166836,
            "common_shares": 1510000,
            "book_valuer_per_share": 12.59,
            "book_valuer_per_share_4q_avg": 11.22,
            "equity": 1963622,
            "current_ratio": 217.06,
            "debt_ratio": 30.5,
            "inventory_turnover_ratio": 15.88,
            "account_receivable_turnover_ratio": 4.56,
            "reinvestment_rate": 1584.01,
            "research_to_sale_ratio": null,
            "price_fair": 49,
            "eps_avg_yearly": 1.4,
            "eps_latest_yearly": 2,
            "eps_growth_yearly": 5400
        },
        "20133": {
            "year_quarter": 20133,
            "year": 2013,
            "quarter": 3,
            "eps": -0.11,
            "eps_growth_year": null,
            "eps_4q": 0.02,
            "eps_4q_growth_year": null,
            "roe": -0.8,
            "roe_4q": 0.31999999999999973,
            "gross_profit": 19458,
            "gross_margin": 17.08,
            "gross_margin_4q_avg": 14.97,
            "net_income": -15910,
            "revenue": 113923,
            "common_shares": 1510000,
            "book_valuer_per_share": 12.98,
            "book_valuer_per_share_4q_avg": 11.84,
            "equity": 2026913,
            "current_ratio": 78.52,
            "debt_ratio": 28.13,
            "inventory_turnover_ratio": 16.82,
            "account_receivable_turnover_ratio": 2.94,
            "reinvestment_rate": 1943.27,
            "research_to_sale_ratio": null,
            "price_fair": 49,
            "eps_avg_yearly": 1.4,
            "eps_latest_yearly": 2,
            "eps_growth_yearly": 5400
        },
        "20134": {
            "year_quarter": 20134,
            "year": 2013,
            "quarter": 4,
            "eps": -0.05,
            "eps_growth_year": null,
            "eps_4q": 0,
            "eps_4q_growth_year": null,
            "roe": -0.29,
            "roe_4q": 0.3099999999999997,
            "gross_profit": 17241,
            "gross_margin": 20.34,
            "gross_margin_4q_avg": 16.45,
            "net_income": -6909,
            "revenue": 84754,
            "common_shares": 1510000,
            "book_valuer_per_share": 17.23,
            "book_valuer_per_share_4q_avg": 13.53,
            "equity": 2694000,
            "current_ratio": 81.88,
            "debt_ratio": 33.09,
            "inventory_turnover_ratio": 9.21,
            "account_receivable_turnover_ratio": 3.92,
            "reinvestment_rate": 8396,
            "research_to_sale_ratio": null,
            "price_fair": 49,
            "eps_avg_yearly": 1.4,
            "eps_latest_yearly": 2,
            "eps_growth_yearly": 5400
        },
        "20141": {
            "year_quarter": 20141,
            "year": 2014,
            "quarter": 1,
            "eps": 0.82,
            "eps_growth_year": null,
            "eps_4q": 0.89,
            "eps_4q_growth_year": null,
            "roe": 4.82,
            "roe_4q": 5.78,
            "gross_profit": 17709,
            "gross_margin": 18.21,
            "gross_margin_4q_avg": 17.34,
            "net_income": 131316,
            "revenue": 97274,
            "common_shares": 1510000,
            "book_valuer_per_share": 17.26,
            "book_valuer_per_share_4q_avg": 15.02,
            "equity": 2757769,
            "current_ratio": 88.33,
            "debt_ratio": 34.81,
            "inventory_turnover_ratio": 7.48,
            "account_receivable_turnover_ratio": 4.62,
            "reinvestment_rate": 614.27,
            "research_to_sale_ratio": null,
            "price_fair": 49,
            "eps_avg_yearly": 1.4,
            "eps_latest_yearly": 2,
            "eps_growth_yearly": 5400
        },
        "20142": {
            "year_quarter": 20142,
            "year": 2014,
            "quarter": 2,
            "eps": 0.61,
            "eps_growth_year": 165.22,
            "eps_4q": 1.27,
            "eps_4q_growth_year": null,
            "roe": 3.38,
            "roe_4q": 7.109999999999999,
            "gross_profit": 20659,
            "gross_margin": 17,
            "gross_margin_4q_avg": 18.16,
            "net_income": 97924,
            "revenue": 121555,
            "common_shares": 1510000,
            "book_valuer_per_share": 19.02,
            "book_valuer_per_share_4q_avg": 16.62,
            "equity": 3039512,
            "current_ratio": 82.82,
            "debt_ratio": 32.77,
            "inventory_turnover_ratio": 9.65,
            "account_receivable_turnover_ratio": 5,
            "reinvestment_rate": 565.67,
            "research_to_sale_ratio": null,
            "price_fair": 61.13,
            "eps_avg_yearly": 1.75,
            "eps_latest_yearly": 2.44,
            "eps_growth_yearly": 3565.85
        },
        "20143": {
            "year_quarter": 20143,
            "year": 2014,
            "quarter": 3,
            "eps": -0.12,
            "eps_growth_year": null,
            "eps_4q": 1.26,
            "eps_4q_growth_year": 7273.52,
            "roe": -0.56,
            "roe_4q": 7.3500000000000005,
            "gross_profit": 20501,
            "gross_margin": 18.8,
            "gross_margin_4q_avg": 18.59,
            "net_income": -17256,
            "revenue": 109047,
            "common_shares": 1510000,
            "book_valuer_per_share": 19.38,
            "book_valuer_per_share_4q_avg": 18.22,
            "equity": 3095812,
            "current_ratio": 32.32,
            "debt_ratio": 33.47,
            "inventory_turnover_ratio": 10.52,
            "account_receivable_turnover_ratio": 4.74,
            "reinvestment_rate": 971,
            "research_to_sale_ratio": null,
            "price_fair": 77.7,
            "eps_avg_yearly": 2.22,
            "eps_latest_yearly": 2.44,
            "eps_growth_yearly": 4748.78
        },
        "20144": {
            "year_quarter": 20144,
            "year": 2014,
            "quarter": 4,
            "eps": -0.13,
            "eps_growth_year": null,
            "eps_4q": 1.17,
            "eps_4q_growth_year": 109647.24,
            "roe": -0.66,
            "roe_4q": 6.98,
            "gross_profit": 19228,
            "gross_margin": 18.11,
            "gross_margin_4q_avg": 18.03,
            "net_income": -19665,
            "revenue": 106171,
            "common_shares": 1510000,
            "book_valuer_per_share": 17.86,
            "book_valuer_per_share_4q_avg": 18.38,
            "equity": 2854821,
            "current_ratio": 37.95,
            "debt_ratio": 36.54,
            "inventory_turnover_ratio": 15.91,
            "account_receivable_turnover_ratio": 4.95,
            "reinvestment_rate": 805.68,
            "research_to_sale_ratio": null,
            "price_fair": 77.7,
            "eps_avg_yearly": 2.22,
            "eps_latest_yearly": 2.44,
            "eps_growth_yearly": 4748.78
        },
        "20151": {
            "year_quarter": 20151,
            "year": 2015,
            "quarter": 1,
            "eps": -0.14,
            "eps_growth_year": -117.07,
            "eps_4q": 0.22,
            "eps_4q_growth_year": -75.65,
            "roe": -0.79,
            "roe_4q": 1.3699999999999997,
            "gross_profit": 16875,
            "gross_margin": 19.34,
            "gross_margin_4q_avg": 18.31,
            "net_income": -21554,
            "revenue": 87271,
            "common_shares": 1510000,
            "book_valuer_per_share": 16.35,
            "book_valuer_per_share_4q_avg": 18.15,
            "equity": 2616289,
            "current_ratio": 20.1,
            "debt_ratio": 35.69,
            "inventory_turnover_ratio": 55.34,
            "account_receivable_turnover_ratio": 4.1,
            "reinvestment_rate": 746.71,
            "research_to_sale_ratio": null,
            "price_fair": 77.7,
            "eps_avg_yearly": 2.22,
            "eps_latest_yearly": 2.44,
            "eps_growth_yearly": 4748.78
        },
        "20152": {
            "year_quarter": 20152,
            "year": 2015,
            "quarter": 2,
            "eps": 0.72,
            "eps_growth_year": 18.03,
            "eps_4q": 0.32,
            "eps_4q_growth_year": -74.69,
            "roe": 4.39,
            "roe_4q": 2.3799999999999994,
            "gross_profit": 14548,
            "gross_margin": 21.95,
            "gross_margin_4q_avg": 19.55,
            "net_income": 115555,
            "revenue": 66274,
            "common_shares": 1510000,
            "book_valuer_per_share": 16.56,
            "book_valuer_per_share_4q_avg": 17.54,
            "equity": 2652245,
            "current_ratio": 29.16,
            "debt_ratio": 35.46,
            "inventory_turnover_ratio": 22.09,
            "account_receivable_turnover_ratio": 3.25,
            "reinvestment_rate": 452.67,
            "research_to_sale_ratio": null,
            "price_fair": 77.7,
            "eps_avg_yearly": 2.22,
            "eps_latest_yearly": 2.44,
            "eps_growth_yearly": 4748.78
        },
        "20153": {
            "year_quarter": 20153,
            "year": 2015,
            "quarter": 3,
            "eps": -0.04,
            "eps_growth_year": null,
            "eps_4q": 0.4,
            "eps_4q_growth_year": -68.34,
            "roe": -0.26,
            "roe_4q": 2.6799999999999997,
            "gross_profit": 18878,
            "gross_margin": 20.73,
            "gross_margin_4q_avg": 20.03,
            "net_income": -6489,
            "revenue": 91061,
            "common_shares": 1510000,
            "book_valuer_per_share": 14.27,
            "book_valuer_per_share_4q_avg": 16.26,
            "equity": 2287647,
            "current_ratio": 21.14,
            "debt_ratio": 37.64,
            "inventory_turnover_ratio": 9.97,
            "account_receivable_turnover_ratio": 5.28,
            "reinvestment_rate": 489.59,
            "research_to_sale_ratio": null,
            "price_fair": 7.32,
            "eps_avg_yearly": 2.44,
            "eps_latest_yearly": 2.44,
            "eps_growth_yearly": -102.44
        },
        "20154": {
            "year_quarter": 20154,
            "year": 2015,
            "quarter": 4,
            "eps": -0,
            "eps_growth_year": null,
            "eps_4q": 0.53,
            "eps_4q_growth_year": -54.89,
            "roe": -0,
            "roe_4q": 3.34,
            "gross_profit": 15237,
            "gross_margin": 19.91,
            "gross_margin_4q_avg": 20.48,
            "net_income": -73,
            "revenue": 76514,
            "common_shares": 1510000,
            "book_valuer_per_share": 15.73,
            "book_valuer_per_share_4q_avg": 15.73,
            "equity": 2508661,
            "current_ratio": 15.36,
            "debt_ratio": 38.15,
            "inventory_turnover_ratio": 9.73,
            "account_receivable_turnover_ratio": 4.94,
            "reinvestment_rate": 767.83,
            "research_to_sale_ratio": null,
            "price_fair": 7.32,
            "eps_avg_yearly": 2.44,
            "eps_latest_yearly": 2.44,
            "eps_growth_yearly": -102.44
        },
        "20161": {
            "year_quarter": 20161,
            "year": 2016,
            "quarter": 1,
            "eps": -0.18,
            "eps_growth_year": null,
            "eps_4q": 0.49,
            "eps_4q_growth_year": 126.39,
            "roe": -1.03,
            "roe_4q": 3.0999999999999996,
            "gross_profit": 24977,
            "gross_margin": 12.15,
            "gross_margin_4q_avg": 18.69,
            "net_income": -27537,
            "revenue": 205577,
            "common_shares": 1510000,
            "book_valuer_per_share": 17.95,
            "book_valuer_per_share_4q_avg": 16.13,
            "equity": 2862856,
            "current_ratio": 28.6,
            "debt_ratio": 38.34,
            "inventory_turnover_ratio": 16.78,
            "account_receivable_turnover_ratio": 8.99,
            "reinvestment_rate": 927.28,
            "research_to_sale_ratio": null,
            "price_fair": 7.32,
            "eps_avg_yearly": 2.44,
            "eps_latest_yearly": 2.44,
            "eps_growth_yearly": -102.44
        },
        "20162": {
            "year_quarter": 20162,
            "year": 2016,
            "quarter": 2,
            "eps": 1.01,
            "eps_growth_year": 40.28,
            "eps_4q": 0.79,
            "eps_4q_growth_year": 144.95,
            "roe": 5.03,
            "roe_4q": 3.74,
            "gross_profit": 33645,
            "gross_margin": 13.17,
            "gross_margin_4q_avg": 16.49,
            "net_income": 161087,
            "revenue": 255481,
            "common_shares": 1510000,
            "book_valuer_per_share": 22.22,
            "book_valuer_per_share_4q_avg": 17.54,
            "equity": 3540425,
            "current_ratio": 37.23,
            "debt_ratio": 34.67,
            "inventory_turnover_ratio": 7.2,
            "account_receivable_turnover_ratio": 7.91,
            "reinvestment_rate": 717.66,
            "research_to_sale_ratio": null,
            "price_fair": 7.32,
            "eps_avg_yearly": 2.44,
            "eps_latest_yearly": 2.44,
            "eps_growth_yearly": -102.44
        },
        "20163": {
            "year_quarter": 20163,
            "year": 2016,
            "quarter": 3,
            "eps": -0.13,
            "eps_growth_year": null,
            "eps_4q": 0.7,
            "eps_4q_growth_year": 76.69,
            "roe": -0.55,
            "roe_4q": 3.45,
            "gross_profit": 48812,
            "gross_margin": 10.64,
            "gross_margin_4q_avg": 13.97,
            "net_income": -19164,
            "revenue": 458680,
            "common_shares": 1510000,
            "book_valuer_per_share": 21.14,
            "book_valuer_per_share_4q_avg": 19.26,
            "equity": 3371561,
            "current_ratio": 33.12,
            "debt_ratio": 34.83,
            "inventory_turnover_ratio": 15.61,
            "account_receivable_turnover_ratio": 7.35,
            "reinvestment_rate": 657.07,
            "research_to_sale_ratio": null,
            "price_fair": 7.32,
            "eps_avg_yearly": 2.44,
            "eps_latest_yearly": 2.44,
            "eps_growth_yearly": -102.44
        },
        "20164": {
            "year_quarter": 20164,
            "year": 2016,
            "quarter": 4,
            "eps": 5.86,
            "eps_growth_year": null,
            "eps_4q": 6.56,
            "eps_4q_growth_year": 1139.72,
            "roe": 22.65,
            "roe_4q": 26.099999999999998,
            "gross_profit": 45393,
            "gross_margin": 10.5,
            "gross_margin_4q_avg": 11.62,
            "net_income": 877386,
            "revenue": 432270,
            "common_shares": 1510000,
            "book_valuer_per_share": 27.78,
            "book_valuer_per_share_4q_avg": 22.27,
            "equity": 4377111,
            "current_ratio": 114.64,
            "debt_ratio": 24.64,
            "inventory_turnover_ratio": 24.53,
            "account_receivable_turnover_ratio": 5,
            "reinvestment_rate": 232.92,
            "research_to_sale_ratio": null,
            "price_fair": 7.32,
            "eps_avg_yearly": 2.44,
            "eps_latest_yearly": 2.44,
            "eps_growth_yearly": -102.44
        },
        "20171": {
            "year_quarter": 20171,
            "year": 2017,
            "quarter": 1,
            "eps": 0.17,
            "eps_growth_year": null,
            "eps_4q": 6.86,
            "eps_4q_growth_year": 1302.75,
            "roe": 0.28,
            "roe_4q": 27.41,
            "gross_profit": 26620,
            "gross_margin": 10.99,
            "gross_margin_4q_avg": 11.33,
            "net_income": 15440,
            "revenue": 242295,
            "common_shares": 1510000,
            "book_valuer_per_share": 40.96,
            "book_valuer_per_share_4q_avg": 28.03,
            "equity": 6571555,
            "current_ratio": 68.39,
            "debt_ratio": 16.69,
            "inventory_turnover_ratio": 19.15,
            "account_receivable_turnover_ratio": 2.93,
            "reinvestment_rate": 392.17,
            "research_to_sale_ratio": null,
            "price_fair": 4.68,
            "eps_avg_yearly": 1.56,
            "eps_latest_yearly": 0.68,
            "eps_growth_yearly": -245.42
        },
        "20172": {
            "year_quarter": 20172,
            "year": 2017,
            "quarter": 2,
            "eps": 1.75,
            "eps_growth_year": 73.27,
            "eps_4q": 7.6,
            "eps_4q_growth_year": 863.76,
            "roe": 3.63,
            "roe_4q": 26.009999999999998,
            "gross_profit": 33314,
            "gross_margin": 7.43,
            "gross_margin_4q_avg": 9.89,
            "net_income": 263480,
            "revenue": 448461,
            "common_shares": 1510000,
            "book_valuer_per_share": 52.66,
            "book_valuer_per_share_4q_avg": 35.64,
            "equity": 7952387,
            "current_ratio": 42.54,
            "debt_ratio": 15.39,
            "inventory_turnover_ratio": 281.65,
            "account_receivable_turnover_ratio": 5.61,
            "reinvestment_rate": 445.22,
            "research_to_sale_ratio": null,
            "price_fair": 118.07,
            "eps_avg_yearly": 3.37,
            "eps_latest_yearly": 7,
            "eps_growth_yearly": 1075.6
        },
        "20173": {
            "year_quarter": 20173,
            "year": 2017,
            "quarter": 3,
            "eps": 0.56,
            "eps_growth_year": null,
            "eps_4q": 8.28,
            "eps_4q_growth_year": 1076.83,
            "roe": 0.91,
            "roe_4q": 27.47,
            "gross_profit": 9556,
            "gross_margin": 1.86,
            "gross_margin_4q_avg": 7.7,
            "net_income": 84073,
            "revenue": 512450,
            "common_shares": 1510000,
            "book_valuer_per_share": 69.92,
            "book_valuer_per_share_4q_avg": 47.83,
            "equity": 10558025,
            "current_ratio": 21.22,
            "debt_ratio": 11.9,
            "inventory_turnover_ratio": 27.71,
            "account_receivable_turnover_ratio": 5.28,
            "reinvestment_rate": 590.87,
            "research_to_sale_ratio": null,
            "price_fair": 108.15,
            "eps_avg_yearly": 3.09,
            "eps_latest_yearly": 2.24,
            "eps_growth_yearly": 738.7
        },
        "20174": {
            "year_quarter": 20174,
            "year": 2017,
            "quarter": 4,
            "eps": 0.3,
            "eps_growth_year": -94.88,
            "eps_4q": 2.77,
            "eps_4q_growth_year": -57.75,
            "roe": 0.44,
            "roe_4q": 5.260000000000001,
            "gross_profit": 19505,
            "gross_margin": 3.18,
            "gross_margin_4q_avg": 5.87,
            "net_income": 45243,
            "revenue": 612747,
            "common_shares": 1510000,
            "book_valuer_per_share": 64.81,
            "book_valuer_per_share_4q_avg": 57.09,
            "equity": 9785736,
            "current_ratio": 24.26,
            "debt_ratio": 12.71,
            "inventory_turnover_ratio": 13.6,
            "account_receivable_turnover_ratio": 5.02,
            "reinvestment_rate": 456.25,
            "research_to_sale_ratio": null,
            "price_fair": 94.92,
            "eps_avg_yearly": 2.71,
            "eps_latest_yearly": 1.2,
            "eps_growth_yearly": 553.82
        },
        "20181": {
            "year_quarter": 20181,
            "year": 2018,
            "quarter": 1,
            "eps": -0.11,
            "eps_growth_year": -164.71,
            "eps_4q": 2.49,
            "eps_4q_growth_year": -63.68,
            "roe": -0.18,
            "roe_4q": 4.8,
            "gross_profit": 10367,
            "gross_margin": 1.66,
            "gross_margin_4q_avg": 3.53,
            "net_income": -16461,
            "revenue": 623384,
            "common_shares": 1510000,
            "book_valuer_per_share": 54.94,
            "book_valuer_per_share_4q_avg": 60.58,
            "equity": 8296407,
            "current_ratio": 74.3,
            "debt_ratio": 20.45,
            "inventory_turnover_ratio": 15.99,
            "account_receivable_turnover_ratio": 5.71,
            "reinvestment_rate": -85.09,
            "research_to_sale_ratio": null,
            "price_fair": 94.92,
            "eps_avg_yearly": 2.71,
            "eps_latest_yearly": 1.2,
            "eps_growth_yearly": 553.82
        },
        "20182": {
            "year_quarter": 20182,
            "year": 2018,
            "quarter": 2,
            "eps": 2.96,
            "eps_growth_year": 69.14,
            "eps_4q": 3.71,
            "eps_4q_growth_year": -51.12,
            "roe": 5.92,
            "roe_4q": 7.090000000000001,
            "gross_profit": 12681,
            "gross_margin": 2.53,
            "gross_margin_4q_avg": 2.31,
            "net_income": 448051,
            "revenue": 500355,
            "common_shares": 1510000,
            "book_valuer_per_share": 45.28,
            "book_valuer_per_share_4q_avg": 58.74,
            "equity": 6836984,
            "current_ratio": 67.32,
            "debt_ratio": 24.87,
            "inventory_turnover_ratio": 17.2,
            "account_receivable_turnover_ratio": 5.86,
            "reinvestment_rate": -93.33,
            "research_to_sale_ratio": null,
            "price_fair": 97.3,
            "eps_avg_yearly": 2.78,
            "eps_latest_yearly": 1.2,
            "eps_growth_yearly": 717.88
        },
        "20183": {
            "year_quarter": 20183,
            "year": 2018,
            "quarter": 3,
            "eps": 0.02,
            "eps_growth_year": -96.43,
            "eps_4q": 3.17,
            "eps_4q_growth_year": -61.67,
            "roe": 0.04,
            "roe_4q": 6.220000000000001,
            "gross_profit": 13169,
            "gross_margin": 3.13,
            "gross_margin_4q_avg": 2.63,
            "net_income": 2524,
            "revenue": 421059,
            "common_shares": 1510000,
            "book_valuer_per_share": 36.6,
            "book_valuer_per_share_4q_avg": 50.41,
            "equity": 5526495,
            "current_ratio": 20.51,
            "debt_ratio": 22.72,
            "inventory_turnover_ratio": 9.43,
            "account_receivable_turnover_ratio": 5.33,
            "reinvestment_rate": -129.29,
            "research_to_sale_ratio": null,
            "price_fair": 78.4,
            "eps_avg_yearly": 2.24,
            "eps_latest_yearly": 0.08,
            "eps_growth_yearly": 494.85
        },
        "20184": {
            "year_quarter": 20184,
            "year": 2018,
            "quarter": 4,
            "eps": 0.45,
            "eps_growth_year": 50.27,
            "eps_4q": 3.33,
            "eps_4q_growth_year": 19.97,
            "roe": 1.48,
            "roe_4q": 7.26,
            "gross_profit": 9977,
            "gross_margin": 2.29,
            "gross_margin_4q_avg": 2.4,
            "net_income": 67985,
            "revenue": 436049,
            "common_shares": 1510000,
            "book_valuer_per_share": 24.24,
            "book_valuer_per_share_4q_avg": 40.27,
            "equity": 3659573,
            "current_ratio": 47.7,
            "debt_ratio": 36.08,
            "inventory_turnover_ratio": 10.73,
            "account_receivable_turnover_ratio": 5.76,
            "reinvestment_rate": -122.72,
            "research_to_sale_ratio": null,
            "price_fair": 75.83,
            "eps_avg_yearly": 2.17,
            "eps_latest_yearly": 1.8,
            "eps_growth_yearly": 1845.71
        },
        "20191": {
            "year_quarter": 20191,
            "year": 2019,
            "quarter": 1,
            "eps": 0.04,
            "eps_growth_year": null,
            "eps_4q": 3.47,
            "eps_4q_growth_year": 39.38,
            "roe": 0.15,
            "roe_4q": 7.59,
            "gross_profit": 8108,
            "gross_margin": 2.18,
            "gross_margin_4q_avg": 2.53,
            "net_income": 5968,
            "revenue": 372675,
            "common_shares": 1510000,
            "book_valuer_per_share": 29.32,
            "book_valuer_per_share_4q_avg": 33.86,
            "equity": 4427290,
            "current_ratio": 16.17,
            "debt_ratio": 28.42,
            "inventory_turnover_ratio": 20.84,
            "account_receivable_turnover_ratio": 6.61,
            "reinvestment_rate": -105.17,
            "research_to_sale_ratio": null,
            "price_fair": 65.8,
            "eps_avg_yearly": 1.88,
            "eps_latest_yearly": 0.16,
            "eps_growth_yearly": 1529.97
        },
        "20192": {
            "year_quarter": 20192,
            "year": 2019,
            "quarter": 2,
            "eps": 0.77,
            "eps_growth_year": -73.99,
            "eps_4q": 1.28,
            "eps_4q_growth_year": -65.58,
            "roe": 2.84,
            "roe_4q": 4.51,
            "gross_profit": 9477,
            "gross_margin": 3.31,
            "gross_margin_4q_avg": 2.73,
            "net_income": 116559,
            "revenue": 286281,
            "common_shares": 1510000,
            "book_valuer_per_share": 25.04,
            "book_valuer_per_share_4q_avg": 28.8,
            "equity": 3781137,
            "current_ratio": 24.06,
            "debt_ratio": 33.25,
            "inventory_turnover_ratio": 21.46,
            "account_receivable_turnover_ratio": 5.48,
            "reinvestment_rate": -103.34,
            "research_to_sale_ratio": null,
            "price_fair": 71.05,
            "eps_avg_yearly": 2.03,
            "eps_latest_yearly": 3.08,
            "eps_growth_yearly": 2251.22
        },
        "20193": {
            "year_quarter": 20193,
            "year": 2019,
            "quarter": 3,
            "eps": 0.1,
            "eps_growth_year": 400,
            "eps_4q": 1.37,
            "eps_4q_growth_year": -57,
            "roe": 0.43,
            "roe_4q": 4.9,
            "gross_profit": 27955,
            "gross_margin": 10.5,
            "gross_margin_4q_avg": 4.57,
            "net_income": 15609,
            "revenue": 266138,
            "common_shares": 1510000,
            "book_valuer_per_share": 23.4,
            "book_valuer_per_share_4q_avg": 25.5,
            "equity": 3534075,
            "current_ratio": 25.4,
            "debt_ratio": 35.43,
            "inventory_turnover_ratio": 9.77,
            "account_receivable_turnover_ratio": 4.79,
            "reinvestment_rate": -84.49,
            "research_to_sale_ratio": null,
            "price_fair": 64.71,
            "eps_avg_yearly": 1.85,
            "eps_latest_yearly": 0.4,
            "eps_growth_yearly": 1962.42
        },
        "20194": {
            "year_quarter": 20194,
            "year": 2019,
            "quarter": 4,
            "eps": -0.11,
            "eps_growth_year": -124.73,
            "eps_4q": 0.8,
            "eps_4q_growth_year": -75.84,
            "roe": -0.45,
            "roe_4q": 2.9699999999999998,
            "gross_profit": 33725,
            "gross_margin": 9.68,
            "gross_margin_4q_avg": 6.42,
            "net_income": -16812,
            "revenue": 348247,
            "common_shares": 1510000,
            "book_valuer_per_share": 25.97,
            "book_valuer_per_share_4q_avg": 25.93,
            "equity": 3921805,
            "current_ratio": 12.84,
            "debt_ratio": 32.17,
            "inventory_turnover_ratio": 13.32,
            "account_receivable_turnover_ratio": 5.94,
            "reinvestment_rate": -104.39,
            "research_to_sale_ratio": null,
            "price_fair": 64.71,
            "eps_avg_yearly": 1.85,
            "eps_latest_yearly": 0.4,
            "eps_growth_yearly": 1962.42
        },
        "20201": {
            "year_quarter": 20201,
            "year": 2020,
            "quarter": 1,
            "eps": -0.04,
            "eps_growth_year": -200,
            "eps_4q": 0.72,
            "eps_4q_growth_year": -79.24,
            "roe": -0.19,
            "roe_4q": 2.63,
            "gross_profit": 38973,
            "gross_margin": 10.27,
            "gross_margin_4q_avg": 8.44,
            "net_income": -6480,
            "revenue": 379383,
            "common_shares": 1510000,
            "book_valuer_per_share": 19.31,
            "book_valuer_per_share_4q_avg": 23.43,
            "equity": 2915353,
            "current_ratio": 15,
            "debt_ratio": 39.67,
            "inventory_turnover_ratio": 21.44,
            "account_receivable_turnover_ratio": 7.11,
            "reinvestment_rate": -126.18,
            "research_to_sale_ratio": null,
            "price_fair": 64.71,
            "eps_avg_yearly": 1.85,
            "eps_latest_yearly": 0.4,
            "eps_growth_yearly": 1962.42
        },
        "20202": {
            "year_quarter": 20202,
            "year": 2020,
            "quarter": 2,
            "eps": 0.59,
            "eps_growth_year": -23.38,
            "eps_4q": 0.54,
            "eps_4q_growth_year": -57.82,
            "roe": 2.69,
            "roe_4q": 2.48,
            "gross_profit": 31501,
            "gross_margin": 10.21,
            "gross_margin_4q_avg": 10.17,
            "net_income": 89099,
            "revenue": 308487,
            "common_shares": 1510000,
            "book_valuer_per_share": 24.49,
            "book_valuer_per_share_4q_avg": 23.29,
            "equity": 3698035,
            "current_ratio": 15.6,
            "debt_ratio": 34.44,
            "inventory_turnover_ratio": 12.44,
            "account_receivable_turnover_ratio": 8.95,
            "reinvestment_rate": -152.64,
            "research_to_sale_ratio": null,
            "price_fair": 64.71,
            "eps_avg_yearly": 1.85,
            "eps_latest_yearly": 0.4,
            "eps_growth_yearly": 1962.42
        },
        "20203": {
            "year_quarter": 20203,
            "year": 2020,
            "quarter": 3,
            "eps": 0.07,
            "eps_growth_year": -30,
            "eps_4q": 0.5,
            "eps_4q_growth_year": -63.01,
            "roe": 0.26,
            "roe_4q": 2.31,
            "gross_profit": 36646,
            "gross_margin": 11.18,
            "gross_margin_4q_avg": 10.34,
            "net_income": 10435,
            "revenue": 327893,
            "common_shares": 1510000,
            "book_valuer_per_share": 29.33,
            "book_valuer_per_share_4q_avg": 24.78,
            "equity": 4428676,
            "current_ratio": 10.82,
            "debt_ratio": 29.66,
            "inventory_turnover_ratio": 11.21,
            "account_receivable_turnover_ratio": 10.13,
            "reinvestment_rate": -137.61,
            "research_to_sale_ratio": null,
            "price_fair": 59.22,
            "eps_avg_yearly": 1.69,
            "eps_latest_yearly": 0.28,
            "eps_growth_yearly": 1730.92
        },
        "20204": {
            "year_quarter": 20204,
            "year": 2020,
            "quarter": 4,
            "eps": 0,
            "eps_growth_year": null,
            "eps_4q": 0.62,
            "eps_4q_growth_year": -23.13,
            "roe": 0,
            "roe_4q": 2.7600000000000002,
            "gross_profit": 27425,
            "gross_margin": 11.94,
            "gross_margin_4q_avg": 10.9,
            "net_income": 205,
            "revenue": 229698,
            "common_shares": 1510000,
            "book_valuer_per_share": 42.2,
            "book_valuer_per_share_4q_avg": 28.83,
            "equity": 6372862,
            "current_ratio": 7.69,
            "debt_ratio": 23.73,
            "inventory_turnover_ratio": 16.42,
            "account_receivable_turnover_ratio": 8.87,
            "reinvestment_rate": -251.94,
            "research_to_sale_ratio": null,
            "price_fair": 59.22,
            "eps_avg_yearly": 1.69,
            "eps_latest_yearly": 0.28,
            "eps_growth_yearly": 1730.92
        },
        "20211": {
            "year_quarter": 20211,
            "year": 2021,
            "quarter": 1,
            "eps": 0,
            "eps_growth_year": null,
            "eps_4q": 0.66,
            "eps_4q_growth_year": -7.97,
            "roe": 0.01,
            "roe_4q": 2.96,
            "gross_profit": 23163,
            "gross_margin": 28.61,
            "gross_margin_4q_avg": 15.49,
            "net_income": 455,
            "revenue": 80955,
            "common_shares": 1510000,
            "book_valuer_per_share": 45.71,
            "book_valuer_per_share_4q_avg": 35.43,
            "equity": 6902121,
            "current_ratio": 6.7,
            "debt_ratio": 22.22,
            "inventory_turnover_ratio": null,
            "account_receivable_turnover_ratio": 5.03,
            "reinvestment_rate": -449.37,
            "research_to_sale_ratio": null,
            "price_fair": 63.16,
            "eps_avg_yearly": 1.8,
            "eps_latest_yearly": 0.28,
            "eps_growth_yearly": 1966.4
        },
        "20212": {
            "year_quarter": 20212,
            "year": 2021,
            "quarter": 2,
            "eps": 1.16,
            "eps_growth_year": 96.61,
            "eps_4q": 1.24,
            "eps_4q_growth_year": 129.62,
            "roe": 2.32,
            "roe_4q": 2.59,
            "gross_profit": 16920,
            "gross_margin": 21.21,
            "gross_margin_4q_avg": 18.24,
            "net_income": 175856,
            "revenue": 79781,
            "common_shares": 1510000,
            "book_valuer_per_share": 54.53,
            "book_valuer_per_share_4q_avg": 42.94,
            "equity": 8234540,
            "current_ratio": 15.69,
            "debt_ratio": 20.22,
            "inventory_turnover_ratio": null,
            "account_receivable_turnover_ratio": 3.96,
            "reinvestment_rate": -648.56,
            "research_to_sale_ratio": null,
            "price_fair": 40.43,
            "eps_avg_yearly": 1.16,
            "eps_latest_yearly": 0.28,
            "eps_growth_yearly": 1747.49
        },
        "20213": {
            "year_quarter": 20213,
            "year": 2021,
            "quarter": 3,
            "eps": -0.13,
            "eps_growth_year": -285.71,
            "eps_4q": 1.04,
            "eps_4q_growth_year": 105.26,
            "roe": -0.25,
            "roe_4q": 2.0799999999999996,
            "gross_profit": 77588,
            "gross_margin": 12.23,
            "gross_margin_4q_avg": 18.5,
            "net_income": -20023,
            "revenue": 634377,
            "common_shares": 1510000,
            "book_valuer_per_share": 52.52,
            "book_valuer_per_share_4q_avg": 48.74,
            "equity": 7930512,
            "current_ratio": 21.9,
            "debt_ratio": 21.96,
            "inventory_turnover_ratio": 25.06,
            "account_receivable_turnover_ratio": 6.75,
            "reinvestment_rate": -1035.22,
            "research_to_sale_ratio": null,
            "price_fair": 35,
            "eps_avg_yearly": 1,
            "eps_latest_yearly": 0.28,
            "eps_growth_yearly": 2035.99
        },
        "20214": {
            "year_quarter": 20214,
            "year": 2021,
            "quarter": 4,
            "eps": 0.19,
            "eps_growth_year": 13695.14,
            "eps_4q": 1.22,
            "eps_4q_growth_year": 97.92,
            "roe": 0.38,
            "roe_4q": 2.4599999999999995,
            "gross_profit": 105511,
            "gross_margin": 10.07,
            "gross_margin_4q_avg": 18.03,
            "net_income": 28288,
            "revenue": 1048148,
            "common_shares": 1510000,
            "book_valuer_per_share": 45.47,
            "book_valuer_per_share_4q_avg": 49.56,
            "equity": 6865375,
            "current_ratio": 17.56,
            "debt_ratio": 23.75,
            "inventory_turnover_ratio": 23.13,
            "account_receivable_turnover_ratio": 6.71,
            "reinvestment_rate": -971.81,
            "research_to_sale_ratio": null,
            "price_fair": 33.83,
            "eps_avg_yearly": 0.97,
            "eps_latest_yearly": 0.28,
            "eps_growth_yearly": 2406.28
        },
        "20221": {
            "year_quarter": 20221,
            "year": 2022,
            "quarter": 1,
            "eps": 0.26,
            "eps_growth_year": null,
            "eps_4q": 1.48,
            "eps_4q_growth_year": 122.32,
            "roe": 0.6,
            "roe_4q": 3.05,
            "gross_profit": 105822,
            "gross_margin": 9.59,
            "gross_margin_4q_avg": 13.28,
            "net_income": 38632,
            "revenue": 1103992,
            "common_shares": 1510000,
            "book_valuer_per_share": 39.93,
            "book_valuer_per_share_4q_avg": 48.11,
            "equity": 6029880,
            "current_ratio": 24.86,
            "debt_ratio": 27.69,
            "inventory_turnover_ratio": 34.88,
            "account_receivable_turnover_ratio": 4.89,
            "reinvestment_rate": 0.08,
            "research_to_sale_ratio": null,
            "price_fair": 34.2,
            "eps_avg_yearly": 0.98,
            "eps_latest_yearly": 1.04,
            "eps_growth_yearly": 2083.58
        },
        "20222": {
            "year_quarter": 20222,
            "year": 2022,
            "quarter": 2,
            "eps": 2.39,
            "eps_growth_year": 106.03,
            "eps_4q": 2.7,
            "eps_4q_growth_year": 118.46,
            "roe": 6.57,
            "roe_4q": 7.3,
            "gross_profit": 167483,
            "gross_margin": 11.09,
            "gross_margin_4q_avg": 10.75,
            "net_income": 361522,
            "revenue": 1509958,
            "common_shares": 1510000,
            "book_valuer_per_share": 32.91,
            "book_valuer_per_share_4q_avg": 42.71,
            "equity": 4969450,
            "current_ratio": 40.4,
            "debt_ratio": 33.1,
            "inventory_turnover_ratio": 42.76,
            "account_receivable_turnover_ratio": 4.97,
            "reinvestment_rate": 8.13,
            "research_to_sale_ratio": null,
            "price_fair": 71.75,
            "eps_avg_yearly": 2.05,
            "eps_latest_yearly": 9.56,
            "eps_growth_yearly": 2232.74
        },
        "20223": {
            "year_quarter": 20223,
            "year": 2022,
            "quarter": 3,
            "eps": 0.38,
            "eps_growth_year": null,
            "eps_4q": 3.22,
            "eps_4q_growth_year": 210.66,
            "roe": 1.23,
            "roe_4q": 8.780000000000001,
            "gross_profit": 88390,
            "gross_margin": 8.97,
            "gross_margin_4q_avg": 9.93,
            "net_income": 57713,
            "revenue": 985654,
            "common_shares": 1510000,
            "book_valuer_per_share": 29,
            "book_valuer_per_share_4q_avg": 36.83,
            "equity": 4379083,
            "current_ratio": 18.77,
            "debt_ratio": 33.5,
            "inventory_turnover_ratio": 16.84,
            "account_receivable_turnover_ratio": 4.85,
            "reinvestment_rate": 47.65,
            "research_to_sale_ratio": null,
            "price_fair": 78.05,
            "eps_avg_yearly": 2.23,
            "eps_latest_yearly": 1.52,
            "eps_growth_yearly": 2240.36
        },
        "20224": {
            "year_quarter": 20224,
            "year": 2022,
            "quarter": 4,
            "eps": -0.21,
            "eps_growth_year": -209.53,
            "eps_4q": 2.83,
            "eps_4q_growth_year": 131.28,
            "roe": -0.67,
            "roe_4q": 7.7299999999999995,
            "gross_profit": 85954,
            "gross_margin": 8.6,
            "gross_margin_4q_avg": 9.56,
            "net_income": -30983,
            "revenue": 999437,
            "common_shares": 1510000,
            "book_valuer_per_share": 32.3,
            "book_valuer_per_share_4q_avg": 33.54,
            "equity": 4877778,
            "current_ratio": 19.94,
            "debt_ratio": 33.05,
            "inventory_turnover_ratio": 14.15,
            "account_receivable_turnover_ratio": 10.96,
            "reinvestment_rate": 86.72,
            "research_to_sale_ratio": null,
            "price_fair": 80.2,
            "eps_avg_yearly": 2.29,
            "eps_latest_yearly": 1.52,
            "eps_growth_yearly": 1331.84
        },
        "20231": {
            "year_quarter": 20231,
            "year": 2023,
            "quarter": 1,
            "eps": -0.28,
            "eps_growth_year": -207.69,
            "eps_4q": 2.29,
            "eps_4q_growth_year": 55.18,
            "roe": -0.86,
            "roe_4q": 6.2700000000000005,
            "gross_profit": 72968,
            "gross_margin": 9.04,
            "gross_margin_4q_avg": 9.43,
            "net_income": -42593,
            "revenue": 806783,
            "common_shares": 1510000,
            "book_valuer_per_share": 33.27,
            "book_valuer_per_share_4q_avg": 31.87,
            "equity": 5023813,
            "current_ratio": 15.77,
            "debt_ratio": 31.54,
            "inventory_turnover_ratio": 19.01,
            "account_receivable_turnover_ratio": 9.06,
            "reinvestment_rate": 79.53,
            "research_to_sale_ratio": null,
            "price_fair": 92.63,
            "eps_avg_yearly": 2.65,
            "eps_latest_yearly": 1.52,
            "eps_growth_yearly": 1614.55
        }
    },
    "months": {
        "2001-06": {
            "month": "2001-06",
            "price": "2.19",
            "revenue": 184361
        },
        "2001-07": {
            "month": "2001-07",
            "price": "1.77",
            "revenue": 172643
        },
        "2001-08": {
            "month": "2001-08",
            "price": "2.14",
            "revenue": 185486
        },
        "2001-09": {
            "month": "2001-09",
            "price": "1.93",
            "revenue": 131877
        },
        "2001-10": {
            "month": "2001-10",
            "price": "1.78",
            "revenue": 141558
        },
        "2001-11": {
            "month": "2001-11",
            "price": "1.71",
            "revenue": 154783
        },
        "2001-12": {
            "month": "2001-12",
            "price": "1.93",
            "revenue": 197324
        },
        "2002-01": {
            "month": "2002-01",
            "price": "2.02",
            "revenue": 147198
        },
        "2002-02": {
            "month": "2002-02",
            "price": "2.29",
            "revenue": 114590
        },
        "2002-03": {
            "month": "2002-03",
            "price": "3.67",
            "revenue": 134883
        },
        "2002-04": {
            "month": "2002-04",
            "price": "3.95",
            "revenue": 134021
        },
        "2002-05": {
            "month": "2002-05",
            "price": "3.48",
            "revenue": 128890
        },
        "2002-06": {
            "month": "2002-06",
            "price": "3.61",
            "revenue": 166618
        },
        "2002-07": {
            "month": "2002-07",
            "price": "3.13",
            "revenue": 120078
        },
        "2002-08": {
            "month": "2002-08",
            "price": "2.83",
            "revenue": 121175
        },
        "2002-09": {
            "month": "2002-09",
            "price": "2.02",
            "revenue": 56725
        },
        "2002-10": {
            "month": "2002-10",
            "price": "1.96",
            "revenue": 31607
        },
        "2002-11": {
            "month": "2002-11",
            "price": "2.05",
            "revenue": 24512
        },
        "2002-12": {
            "month": "2002-12",
            "price": "2.43",
            "revenue": 5749
        },
        "2003-01": {
            "month": "2003-01",
            "price": "5.27",
            "revenue": 78240
        },
        "2003-02": {
            "month": "2003-02",
            "price": "5.65",
            "revenue": 96807
        },
        "2003-03": {
            "month": "2003-03",
            "price": "4.70",
            "revenue": 102150
        },
        "2003-04": {
            "month": "2003-04",
            "price": "4.46",
            "revenue": 62132
        },
        "2003-05": {
            "month": "2003-05",
            "price": "3.23",
            "revenue": 62768
        },
        "2003-06": {
            "month": "2003-06",
            "price": "3.81",
            "revenue": 77784
        },
        "2003-07": {
            "month": "2003-07",
            "price": "3.92",
            "revenue": 88326
        },
        "2003-08": {
            "month": "2003-08",
            "price": "3.78",
            "revenue": 116027
        },
        "2003-09": {
            "month": "2003-09",
            "price": "3.50",
            "revenue": 121005
        },
        "2003-10": {
            "month": "2003-10",
            "price": "4.08",
            "revenue": 151403
        },
        "2003-11": {
            "month": "2003-11",
            "price": "5.01",
            "revenue": 137441
        },
        "2003-12": {
            "month": "2003-12",
            "price": "5.02",
            "revenue": 180350
        },
        "2004-01": {
            "month": "2004-01",
            "price": "6.04",
            "revenue": 141832
        },
        "2004-02": {
            "month": "2004-02",
            "price": "7.45",
            "revenue": 177256
        },
        "2004-03": {
            "month": "2004-03",
            "price": "7.92",
            "revenue": 156099
        },
        "2004-04": {
            "month": "2004-04",
            "price": "7.71",
            "revenue": 158159
        },
        "2004-05": {
            "month": "2004-05",
            "price": "7.14",
            "revenue": 156687
        },
        "2004-06": {
            "month": "2004-06",
            "price": "6.96",
            "revenue": 154262
        },
        "2004-07": {
            "month": "2004-07",
            "price": "6.39",
            "revenue": 152003
        },
        "2004-08": {
            "month": "2004-08",
            "price": "5.58",
            "revenue": 151007
        },
        "2004-09": {
            "month": "2004-09",
            "price": "5.82",
            "revenue": 137033
        },
        "2004-10": {
            "month": "2004-10",
            "price": "5.70",
            "revenue": 141350
        },
        "2004-11": {
            "month": "2004-11",
            "price": "5.32",
            "revenue": 119833
        },
        "2004-12": {
            "month": "2004-12",
            "price": "5.24",
            "revenue": 133627
        },
        "2005-01": {
            "month": "2005-01",
            "price": "5.46",
            "revenue": 110477
        },
        "2005-02": {
            "month": "2005-02",
            "price": "5.21",
            "revenue": 103542
        },
        "2005-03": {
            "month": "2005-03",
            "price": "4.87",
            "revenue": 134937
        },
        "2005-04": {
            "month": "2005-04",
            "price": "4.14",
            "revenue": 105328
        },
        "2005-05": {
            "month": "2005-05",
            "price": "4.01",
            "revenue": 102497
        },
        "2005-06": {
            "month": "2005-06",
            "price": "4.04",
            "revenue": 110708
        },
        "2005-07": {
            "month": "2005-07",
            "price": "3.94",
            "revenue": 143965
        },
        "2005-08": {
            "month": "2005-08",
            "price": "3.84",
            "revenue": 119596
        },
        "2005-09": {
            "month": "2005-09",
            "price": "3.72",
            "revenue": 118389
        },
        "2005-10": {
            "month": "2005-10",
            "price": "3.57",
            "revenue": 112742
        },
        "2005-11": {
            "month": "2005-11",
            "price": "3.18",
            "revenue": 98057
        },
        "2005-12": {
            "month": "2005-12",
            "price": "3.31",
            "revenue": 79990
        },
        "2006-01": {
            "month": "2006-01",
            "price": "3.40",
            "revenue": 77260
        },
        "2006-02": {
            "month": "2006-02",
            "price": "3.27",
            "revenue": 75349
        },
        "2006-03": {
            "month": "2006-03",
            "price": "3.16",
            "revenue": 95738
        },
        "2006-04": {
            "month": "2006-04",
            "price": "3.63",
            "revenue": 106290
        },
        "2006-05": {
            "month": "2006-05",
            "price": "4.20",
            "revenue": 121844
        },
        "2006-06": {
            "month": "2006-06",
            "price": "3.76",
            "revenue": 145179
        },
        "2006-07": {
            "month": "2006-07",
            "price": "3.73",
            "revenue": 108862
        },
        "2006-08": {
            "month": "2006-08",
            "price": "3.94",
            "revenue": 140970
        },
        "2006-09": {
            "month": "2006-09",
            "price": "4.69",
            "revenue": 118523
        },
        "2006-10": {
            "month": "2006-10",
            "price": "6.20",
            "revenue": 132815
        },
        "2006-11": {
            "month": "2006-11",
            "price": "6.61",
            "revenue": 107714
        },
        "2006-12": {
            "month": "2006-12",
            "price": "7.59",
            "revenue": 108676
        },
        "2007-01": {
            "month": "2007-01",
            "price": "7.34",
            "revenue": 126633
        },
        "2007-02": {
            "month": "2007-02",
            "price": "7.02",
            "revenue": 55111
        },
        "2007-03": {
            "month": "2007-03",
            "price": "6.75",
            "revenue": 150530
        },
        "2007-04": {
            "month": "2007-04",
            "price": "7.62",
            "revenue": 77463
        },
        "2007-05": {
            "month": "2007-05",
            "price": "7.17",
            "revenue": 138887
        },
        "2007-06": {
            "month": "2007-06",
            "price": "7.13",
            "revenue": 91344
        },
        "2007-07": {
            "month": "2007-07",
            "price": "9.04",
            "revenue": 104904
        },
        "2007-08": {
            "month": "2007-08",
            "price": "8.57",
            "revenue": 139846
        },
        "2007-09": {
            "month": "2007-09",
            "price": "8.07",
            "revenue": 130734
        },
        "2007-10": {
            "month": "2007-10",
            "price": "8.51",
            "revenue": 161894
        },
        "2007-11": {
            "month": "2007-11",
            "price": "7.12",
            "revenue": 170184
        },
        "2007-12": {
            "month": "2007-12",
            "price": "6.49",
            "revenue": 129666
        },
        "2008-01": {
            "month": "2008-01",
            "price": "6.70",
            "revenue": 86388
        },
        "2008-02": {
            "month": "2008-02",
            "price": "6.73",
            "revenue": 151370
        },
        "2008-03": {
            "month": "2008-03",
            "price": "7.75",
            "revenue": 128158
        },
        "2008-04": {
            "month": "2008-04",
            "price": "8.14",
            "revenue": 146811
        },
        "2008-05": {
            "month": "2008-05",
            "price": "8.14",
            "revenue": 86780
        },
        "2008-06": {
            "month": "2008-06",
            "price": "7.24",
            "revenue": 114866
        },
        "2008-07": {
            "month": "2008-07",
            "price": "6.02",
            "revenue": 149057
        },
        "2008-08": {
            "month": "2008-08",
            "price": "5.51",
            "revenue": 163029
        },
        "2008-09": {
            "month": "2008-09",
            "price": "4.58",
            "revenue": 122657
        },
        "2008-10": {
            "month": "2008-10",
            "price": "3.59",
            "revenue": 222014
        },
        "2008-11": {
            "month": "2008-11",
            "price": "3.84",
            "revenue": 84811
        },
        "2008-12": {
            "month": "2008-12",
            "price": "3.68",
            "revenue": 130266
        },
        "2009-01": {
            "month": "2009-01",
            "price": "3.57",
            "revenue": 61451
        },
        "2009-02": {
            "month": "2009-02",
            "price": "3.32",
            "revenue": 89907
        },
        "2009-03": {
            "month": "2009-03",
            "price": "3.68",
            "revenue": 81852
        },
        "2009-04": {
            "month": "2009-04",
            "price": "4.78",
            "revenue": 53315
        },
        "2009-05": {
            "month": "2009-05",
            "price": "4.82",
            "revenue": 70027
        },
        "2009-06": {
            "month": "2009-06",
            "price": "5.08",
            "revenue": 79050
        },
        "2009-07": {
            "month": "2009-07",
            "price": "5.14",
            "revenue": 62286
        },
        "2009-08": {
            "month": "2009-08",
            "price": "5.43",
            "revenue": 54967
        },
        "2009-09": {
            "month": "2009-09",
            "price": "5.40",
            "revenue": 49166
        },
        "2009-10": {
            "month": "2009-10",
            "price": "5.56",
            "revenue": 58418
        },
        "2009-11": {
            "month": "2009-11",
            "price": "5.60",
            "revenue": 34977
        },
        "2009-12": {
            "month": "2009-12",
            "price": "7.17",
            "revenue": 20208
        },
        "2010-01": {
            "month": "2010-01",
            "price": "7.76",
            "revenue": 25906
        },
        "2010-02": {
            "month": "2010-02",
            "price": "7.95",
            "revenue": 18987
        },
        "2010-03": {
            "month": "2010-03",
            "price": "9.13",
            "revenue": 24220
        },
        "2010-04": {
            "month": "2010-04",
            "price": "9.72",
            "revenue": 33142
        },
        "2010-05": {
            "month": "2010-05",
            "price": "7.82",
            "revenue": 53934
        },
        "2010-06": {
            "month": "2010-06",
            "price": "7.44",
            "revenue": 34190
        },
        "2010-07": {
            "month": "2010-07",
            "price": "7.40",
            "revenue": 21343
        },
        "2010-08": {
            "month": "2010-08",
            "price": "7.87",
            "revenue": 13324
        },
        "2010-09": {
            "month": "2010-09",
            "price": "7.47",
            "revenue": 12525
        },
        "2010-10": {
            "month": "2010-10",
            "price": "8.47",
            "revenue": 10054
        },
        "2010-11": {
            "month": "2010-11",
            "price": "8.26",
            "revenue": 3500
        },
        "2010-12": {
            "month": "2010-12",
            "price": "8.53",
            "revenue": 13824
        },
        "2011-01": {
            "month": "2011-01",
            "price": "8.84",
            "revenue": 6078
        },
        "2011-02": {
            "month": "2011-02",
            "price": "8.39",
            "revenue": 27269
        },
        "2011-03": {
            "month": "2011-03",
            "price": "7.99",
            "revenue": 14263
        },
        "2011-04": {
            "month": "2011-04",
            "price": "8.11",
            "revenue": 26446
        },
        "2011-05": {
            "month": "2011-05",
            "price": "8.25",
            "revenue": 55395
        },
        "2011-06": {
            "month": "2011-06",
            "price": "8.08",
            "revenue": 41264
        },
        "2011-07": {
            "month": "2011-07",
            "price": "8.07",
            "revenue": 43406
        },
        "2011-08": {
            "month": "2011-08",
            "price": "7.31",
            "revenue": 31020
        },
        "2011-09": {
            "month": "2011-09",
            "price": "6.77",
            "revenue": 60720
        },
        "2011-10": {
            "month": "2011-10",
            "price": "7.09",
            "revenue": 45023
        },
        "2011-11": {
            "month": "2011-11",
            "price": "7.23",
            "revenue": 29141
        },
        "2011-12": {
            "month": "2011-12",
            "price": "6.92",
            "revenue": 41712
        },
        "2012-01": {
            "month": "2012-01",
            "price": "6.80",
            "revenue": 28517
        },
        "2012-02": {
            "month": "2012-02",
            "price": "7.62",
            "revenue": 42264
        },
        "2012-03": {
            "month": "2012-03",
            "price": "7.95",
            "revenue": 37013
        },
        "2012-04": {
            "month": "2012-04",
            "price": "7.07",
            "revenue": 14069
        },
        "2012-05": {
            "month": "2012-05",
            "price": "6.75",
            "revenue": 28276
        },
        "2012-06": {
            "month": "2012-06",
            "price": "5.75",
            "revenue": 39754
        },
        "2012-07": {
            "month": "2012-07",
            "price": "5.45",
            "revenue": 38560
        },
        "2012-08": {
            "month": "2012-08",
            "price": "5.45",
            "revenue": 56480
        },
        "2012-09": {
            "month": "2012-09",
            "price": "6.49",
            "revenue": 54844
        },
        "2012-10": {
            "month": "2012-10",
            "price": "6.40",
            "revenue": 35295
        },
        "2012-11": {
            "month": "2012-11",
            "price": "5.53",
            "revenue": 49744
        },
        "2012-12": {
            "month": "2012-12",
            "price": "6.70",
            "revenue": 43564
        },
        "2013-01": {
            "month": "2013-01",
            "price": "6.74",
            "revenue": 49114
        },
        "2013-02": {
            "month": "2013-02",
            "price": "6.77",
            "revenue": 35217
        },
        "2013-03": {
            "month": "2013-03",
            "price": "6.66",
            "revenue": 54034
        },
        "2013-04": {
            "month": "2013-04",
            "price": "7.03",
            "revenue": 55739
        },
        "2013-05": {
            "month": "2013-05",
            "price": "7.11",
            "revenue": 59064
        },
        "2013-06": {
            "month": "2013-06",
            "price": "7.17",
            "revenue": 52033
        },
        "2013-07": {
            "month": "2013-07",
            "price": "7.25",
            "revenue": 42980
        },
        "2013-08": {
            "month": "2013-08",
            "price": "7.79",
            "revenue": 37815
        },
        "2013-09": {
            "month": "2013-09",
            "price": "7.82",
            "revenue": 33127
        },
        "2013-10": {
            "month": "2013-10",
            "price": "8.37",
            "revenue": 29779
        },
        "2013-11": {
            "month": "2013-11",
            "price": "8.45",
            "revenue": 24158
        },
        "2013-12": {
            "month": "2013-12",
            "price": "9.38",
            "revenue": 30817
        },
        "2014-01": {
            "month": "2014-01",
            "price": "9.58",
            "revenue": 33770
        },
        "2014-02": {
            "month": "2014-02",
            "price": "11.10",
            "revenue": 32655
        },
        "2014-03": {
            "month": "2014-03",
            "price": "10.48",
            "revenue": 30849
        },
        "2014-04": {
            "month": "2014-04",
            "price": "9.83",
            "revenue": 45544
        },
        "2014-05": {
            "month": "2014-05",
            "price": "9.97",
            "revenue": 39909
        },
        "2014-06": {
            "month": "2014-06",
            "price": "10.29",
            "revenue": 36102
        },
        "2014-07": {
            "month": "2014-07",
            "price": "11.15",
            "revenue": 32545
        },
        "2014-08": {
            "month": "2014-08",
            "price": "13.13",
            "revenue": 41675
        },
        "2014-09": {
            "month": "2014-09",
            "price": "13.43",
            "revenue": 34826
        },
        "2014-10": {
            "month": "2014-10",
            "price": "12.39",
            "revenue": 44430
        },
        "2014-11": {
            "month": "2014-11",
            "price": "11.68",
            "revenue": 34549
        },
        "2014-12": {
            "month": "2014-12",
            "price": "11.30",
            "revenue": 27193
        },
        "2015-01": {
            "month": "2015-01",
            "price": "11.38",
            "revenue": 25742
        },
        "2015-02": {
            "month": "2015-02",
            "price": "11.10",
            "revenue": 17309
        },
        "2015-03": {
            "month": "2015-03",
            "price": "10.56",
            "revenue": 44220
        },
        "2015-04": {
            "month": "2015-04",
            "price": "10.30",
            "revenue": 21179
        },
        "2015-05": {
            "month": "2015-05",
            "price": "9.39",
            "revenue": 19568
        },
        "2015-06": {
            "month": "2015-06",
            "price": "7.80",
            "revenue": 25528
        },
        "2015-07": {
            "month": "2015-07",
            "price": "8.01",
            "revenue": 29366
        },
        "2015-08": {
            "month": "2015-08",
            "price": "8.04",
            "revenue": 29693
        },
        "2015-09": {
            "month": "2015-09",
            "price": "8.28",
            "revenue": 32001
        },
        "2015-10": {
            "month": "2015-10",
            "price": "8.15",
            "revenue": 31041
        },
        "2015-11": {
            "month": "2015-11",
            "price": "7.74",
            "revenue": 27090
        },
        "2015-12": {
            "month": "2015-12",
            "price": "7.58",
            "revenue": 18383
        },
        "2016-01": {
            "month": "2016-01",
            "price": "7.02",
            "revenue": 54706
        },
        "2016-02": {
            "month": "2016-02",
            "price": "7.17",
            "revenue": 69797
        },
        "2016-03": {
            "month": "2016-03",
            "price": "8.45",
            "revenue": 81074
        },
        "2016-04": {
            "month": "2016-04",
            "price": "8.85",
            "revenue": 100937
        },
        "2016-05": {
            "month": "2016-05",
            "price": "8.14",
            "revenue": 110193
        },
        "2016-06": {
            "month": "2016-06",
            "price": "8.91",
            "revenue": 44351
        },
        "2016-07": {
            "month": "2016-07",
            "price": "9.86",
            "revenue": 188229
        },
        "2016-08": {
            "month": "2016-08",
            "price": "11.45",
            "revenue": 139681
        },
        "2016-09": {
            "month": "2016-09",
            "price": "11.72",
            "revenue": 130769
        },
        "2016-10": {
            "month": "2016-10",
            "price": "15.72",
            "revenue": 164828
        },
        "2016-11": {
            "month": "2016-11",
            "price": "15.90",
            "revenue": 162878
        },
        "2016-12": {
            "month": "2016-12",
            "price": "16.67",
            "revenue": 104566
        },
        "2017-01": {
            "month": "2017-01",
            "price": "21.67",
            "revenue": 61863
        },
        "2017-02": {
            "month": "2017-02",
            "price": "27.95",
            "revenue": 51839
        },
        "2017-03": {
            "month": "2017-03",
            "price": "27.13",
            "revenue": 128593
        },
        "2017-04": {
            "month": "2017-04",
            "price": "23.50",
            "revenue": 106229
        },
        "2017-05": {
            "month": "2017-05",
            "price": "23.36",
            "revenue": 152079
        },
        "2017-06": {
            "month": "2017-06",
            "price": "26.67",
            "revenue": 190152
        },
        "2017-07": {
            "month": "2017-07",
            "price": "27.85",
            "revenue": 168699
        },
        "2017-08": {
            "month": "2017-08",
            "price": "32.94",
            "revenue": 150198
        },
        "2017-09": {
            "month": "2017-09",
            "price": "35.26",
            "revenue": 193554
        },
        "2017-10": {
            "month": "2017-10",
            "price": "32.17",
            "revenue": 216414
        },
        "2017-11": {
            "month": "2017-11",
            "price": "30.60",
            "revenue": 201562
        },
        "2017-12": {
            "month": "2017-12",
            "price": "28.42",
            "revenue": 194771
        },
        "2018-01": {
            "month": "2018-01",
            "price": "28.74",
            "revenue": 202730
        },
        "2018-02": {
            "month": "2018-02",
            "price": "27.80",
            "revenue": 182430
        },
        "2018-03": {
            "month": "2018-03",
            "price": "28.07",
            "revenue": 238224
        },
        "2018-04": {
            "month": "2018-04",
            "price": "26.61",
            "revenue": 170969
        },
        "2018-05": {
            "month": "2018-05",
            "price": "24.13",
            "revenue": 184862
        },
        "2018-06": {
            "month": "2018-06",
            "price": "22.32",
            "revenue": 144523
        },
        "2018-07": {
            "month": "2018-07",
            "price": "20.02",
            "revenue": 167326
        },
        "2018-08": {
            "month": "2018-08",
            "price": "20.84",
            "revenue": 162070
        },
        "2018-09": {
            "month": "2018-09",
            "price": "19.94",
            "revenue": 91663
        },
        "2018-10": {
            "month": "2018-10",
            "price": "16.37",
            "revenue": 156757
        },
        "2018-11": {
            "month": "2018-11",
            "price": "14.98",
            "revenue": 140175
        },
        "2018-12": {
            "month": "2018-12",
            "price": "14.85",
            "revenue": 139117
        },
        "2019-01": {
            "month": "2019-01",
            "price": "14.70",
            "revenue": 131929
        },
        "2019-02": {
            "month": "2019-02",
            "price": "15.56",
            "revenue": 149464
        },
        "2019-03": {
            "month": "2019-03",
            "price": "16.67",
            "revenue": 91282
        },
        "2019-04": {
            "month": "2019-04",
            "price": "15.50",
            "revenue": 78966
        },
        "2019-05": {
            "month": "2019-05",
            "price": "14.08",
            "revenue": 115901
        },
        "2019-06": {
            "month": "2019-06",
            "price": "13.36",
            "revenue": 91414
        },
        "2019-07": {
            "month": "2019-07",
            "price": "13.08",
            "revenue": 79015
        },
        "2019-08": {
            "month": "2019-08",
            "price": "12.34",
            "revenue": 100952
        },
        "2019-09": {
            "month": "2019-09",
            "price": "12.62",
            "revenue": 86170
        },
        "2019-10": {
            "month": "2019-10",
            "price": "12.87",
            "revenue": 117312
        },
        "2019-11": {
            "month": "2019-11",
            "price": "13.26",
            "revenue": 120887
        },
        "2019-12": {
            "month": "2019-12",
            "price": "13.55",
            "revenue": 110049
        },
        "2020-01": {
            "month": "2020-01",
            "price": "13.82",
            "revenue": 89196
        },
        "2020-02": {
            "month": "2020-02",
            "price": "13.26",
            "revenue": 179541
        },
        "2020-03": {
            "month": "2020-03",
            "price": "12.52",
            "revenue": 110646
        },
        "2020-04": {
            "month": "2020-04",
            "price": "11.76",
            "revenue": 106563
        },
        "2020-05": {
            "month": "2020-05",
            "price": "12.06",
            "revenue": 86731
        },
        "2020-06": {
            "month": "2020-06",
            "price": "12.60",
            "revenue": 115193
        },
        "2020-07": {
            "month": "2020-07",
            "price": "12.79",
            "revenue": 148465
        },
        "2020-08": {
            "month": "2020-08",
            "price": "13.30",
            "revenue": 93623
        },
        "2020-09": {
            "month": "2020-09",
            "price": "14.58",
            "revenue": 85805
        },
        "2020-10": {
            "month": "2020-10",
            "price": "14.56",
            "revenue": 101929
        },
        "2020-11": {
            "month": "2020-11",
            "price": "14.81",
            "revenue": 56654
        },
        "2020-12": {
            "month": "2020-12",
            "price": "16.40",
            "revenue": 71116
        },
        "2021-01": {
            "month": "2021-01",
            "price": "16.32",
            "revenue": 26234
        },
        "2021-02": {
            "month": "2021-02",
            "price": "16.21",
            "revenue": 40941
        },
        "2021-03": {
            "month": "2021-03",
            "price": "17.54",
            "revenue": 13780
        },
        "2021-04": {
            "month": "2021-04",
            "price": "20.69",
            "revenue": 13997
        },
        "2021-05": {
            "month": "2021-05",
            "price": "19.70",
            "revenue": 33531
        },
        "2021-06": {
            "month": "2021-06",
            "price": "20.87",
            "revenue": 32253
        },
        "2021-07": {
            "month": "2021-07",
            "price": "20.80",
            "revenue": 44075
        },
        "2021-08": {
            "month": "2021-08",
            "price": "20.70",
            "revenue": 238127
        },
        "2021-09": {
            "month": "2021-09",
            "price": "21.24",
            "revenue": 352175
        },
        "2021-10": {
            "month": "2021-10",
            "price": "19.90",
            "revenue": 412471
        },
        "2021-11": {
            "month": "2021-11",
            "price": "20.40",
            "revenue": 385518
        },
        "2021-12": {
            "month": "2021-12",
            "price": "20.36",
            "revenue": 250159
        },
        "2022-01": {
            "month": "2022-01",
            "price": "19.85",
            "revenue": 277745
        },
        "2022-02": {
            "month": "2022-02",
            "price": "19.90",
            "revenue": 306084
        },
        "2022-03": {
            "month": "2022-03",
            "price": "19.58",
            "revenue": 520163
        },
        "2022-04": {
            "month": "2022-04",
            "price": "20.09",
            "revenue": 536695
        },
        "2022-05": {
            "month": "2022-05",
            "price": "18.86",
            "revenue": 497272
        },
        "2022-06": {
            "month": "2022-06",
            "price": "19.98",
            "revenue": 475991
        },
        "2022-07": {
            "month": "2022-07",
            "price": "18.41",
            "revenue": 401520
        },
        "2022-08": {
            "month": "2022-08",
            "price": "18.96",
            "revenue": 345171
        },
        "2022-09": {
            "month": "2022-09",
            "price": "18.82",
            "revenue": 238963
        },
        "2022-10": {
            "month": "2022-10",
            "price": "16.01",
            "revenue": 355007
        },
        "2022-11": {
            "month": "2022-11",
            "price": "16.27",
            "revenue": 391013
        },
        "2022-12": {
            "month": "2022-12",
            "price": "16.80",
            "revenue": 253416
        },
        "2023-01": {
            "month": "2023-01",
            "price": "17.15",
            "revenue": 168788
        },
        "2023-02": {
            "month": "2023-02",
            "price": "17.74",
            "revenue": 312567
        },
        "2023-03": {
            "month": "2023-03",
            "price": "17.05",
            "revenue": 325428
        },
        "2023-04": {
            "month": "2023-04",
            "price": "16.17",
            "revenue": 198456
        },
        "2023-05": {
            "month": "2023-05",
            "price": "16.02",
            "revenue": 368689
        }
    }
}
