{
    "summary": {
        "stock_name": "永豐餘",
        "stock_id": "1907",
        "category": "造紙",
        "main_business": "一般投資業",
        "website_url": "http://www.yfy.com",
        "ceo": "駱秉正",
        "pe_ratio": 28,
        "report_year_from": 2001,
        "report_year_to": 2023,
        "age": 22,
        "eps_negative_percentage": 4,
        "eps_growth_avg": {
            "last_all": 0.62,
            "last_2y": 13.84,
            "last_4y": 18.16,
            "last_8y": 10.9,
            "last_12y": 1.7,
            "last_16y": -6.62,
            "last_20y": 0.62,
            "at_2006_last_3y": 7.18,
            "at_2007_last_3y": -18.84,
            "at_2008_last_3y": -42.11,
            "at_2009_last_3y": -42.69,
            "at_2010_last_3y": -42.01,
            "at_2011_last_3y": -29.03,
            "at_2012_last_3y": -10.98,
            "at_2013_last_3y": -19,
            "at_2014_last_3y": -14.2,
            "at_2015_last_3y": -27.07,
            "at_2016_last_3y": -33.94,
            "at_2017_last_3y": 1.82,
            "at_2018_last_3y": 0.16,
            "at_2019_last_3y": 18.98,
            "at_2020_last_3y": 62.31,
            "at_2021_last_3y": 37.23,
            "at_2022_last_3y": 25.04,
            "at_2023_last_3y": 25.04,
            "at_2006_last_all": 18.87,
            "at_2007_last_all": 15.04,
            "at_2008_last_all": -1.39,
            "at_2009_last_all": -1.39,
            "at_2010_last_all": -3.96,
            "at_2011_last_all": 0.35,
            "at_2012_last_all": -4.27,
            "at_2013_last_all": -7.8,
            "at_2014_last_all": -7.37,
            "at_2015_last_all": -8.09,
            "at_2016_last_all": -12.75,
            "at_2017_last_all": -5.23,
            "at_2018_last_all": -5.49,
            "at_2019_last_all": -1.72,
            "at_2020_last_all": 3.93,
            "at_2021_last_all": 3.71,
            "at_2022_last_all": 0.62,
            "at_2023_last_all": 0.62
        },
        "latest_eps": 1.16,
        "latest_price": 32.1,
        "latest_roe": 3.58,
        "latest_gross_margin": 12.24,
        "latest_equity": 68450333,
        "latest_revenue": 17531400,
        "latest_gross_profit": 2145775,
        "latest_net_income": -7899,
        "latest_debt_ratio": 51.05,
        "latest_current_ratio": 108.53,
        "latest_account_receivable_turnover_ratio": 1.2,
        "latest_inventory_turnover_ratio": 1.28,
        "latest_reinvestment_rate": -0.74,
        "latest_research_to_sale_ratio": 0.73
    },
    "eps_dividends": {
        "1990": {
            "cash": 0,
            "stock": 1.8,
            "eps": 0
        },
        "1991": {
            "cash": 0,
            "stock": 0.5,
            "eps": 0
        },
        "1992": {
            "cash": 0,
            "stock": 1,
            "eps": 0
        },
        "1993": {
            "cash": 0,
            "stock": 1.2,
            "eps": 0
        },
        "1994": {
            "cash": 1,
            "stock": 0,
            "eps": 0
        },
        "1995": {
            "cash": 0.5,
            "stock": 1.5,
            "eps": 0
        },
        "1996": {
            "cash": 0,
            "stock": 1,
            "eps": 0
        },
        "1997": {
            "cash": 0,
            "stock": 0.5,
            "eps": 0
        },
        "1998": {
            "cash": 0,
            "stock": 0.4,
            "eps": 0
        },
        "2000": {
            "cash": 0.2,
            "stock": 0,
            "eps": 0
        },
        "2001": {
            "cash": 0,
            "stock": 0.35,
            "eps": 0.32
        },
        "2002": {
            "cash": 0,
            "stock": 0.15,
            "eps": 0.53
        },
        "2003": {
            "cash": 0.2,
            "stock": 0.3,
            "eps": 1.73
        },
        "2004": {
            "cash": 0.8,
            "stock": 0.8,
            "eps": 1.61
        },
        "2005": {
            "cash": 0.55,
            "stock": 0.55,
            "eps": 0.96
        },
        "2006": {
            "cash": 0.5,
            "stock": 0.38,
            "eps": 0.73
        },
        "2007": {
            "cash": 0.6,
            "stock": 0.1,
            "eps": 0.7
        },
        "2008": {
            "cash": 0.4,
            "stock": 0.2,
            "eps": -0.22
        },
        "2009": {
            "cash": 0,
            "stock": 0,
            "eps": 1.14
        },
        "2010": {
            "cash": 0.6,
            "stock": 0.2,
            "eps": 0.89
        },
        "2011": {
            "cash": 1.35,
            "stock": 0.15,
            "eps": 1.2
        },
        "2012": {
            "cash": 0,
            "stock": 0,
            "eps": 0.65
        },
        "2013": {
            "cash": 0.4,
            "stock": 0,
            "eps": 0.37
        },
        "2014": {
            "cash": 0.4,
            "stock": 0,
            "eps": 0.36
        },
        "2015": {
            "cash": 0.4,
            "stock": 0,
            "eps": 0.3
        },
        "2016": {
            "cash": 0.3,
            "stock": 0,
            "eps": 0.08
        },
        "2017": {
            "cash": 0,
            "stock": 0,
            "eps": 0.96
        },
        "2018": {
            "cash": 0.6,
            "stock": 0,
            "eps": 0.87
        },
        "2019": {
            "cash": 0.6,
            "stock": 0,
            "eps": 1.38
        },
        "2020": {
            "cash": 0.7,
            "stock": 0,
            "eps": 3.14
        },
        "2021": {
            "cash": 1.5,
            "stock": 0,
            "eps": 3.13
        },
        "2022": {
            "cash": 1.5,
            "stock": 0,
            "eps": 1.31
        },
        "2023": {
            "cash": 0.9,
            "stock": 0,
            "eps": 0
        }
    },
    "dividends": {
        "1990-03-10": {
            "cash": 0,
            "stock": 1.8
        },
        "1991-03-22": {
            "cash": 0,
            "stock": 0.5
        },
        "1992-03-20": {
            "cash": 0,
            "stock": 1
        },
        "1993-03-25": {
            "cash": 0,
            "stock": 1.2
        },
        "1994-03-23": {
            "cash": 1,
            "stock": 0
        },
        "1995-03-21": {
            "cash": 0.5,
            "stock": 1.5
        },
        "1996-03-21": {
            "cash": 0,
            "stock": 1
        },
        "1997-05-28": {
            "cash": 0,
            "stock": 0.5
        },
        "1998-04-28": {
            "cash": 0,
            "stock": 0.4
        },
        "2000-04-27": {
            "cash": 0.2,
            "stock": 0
        },
        "2001-04-27": {
            "cash": 0,
            "stock": 0.35
        },
        "2002-05-22": {
            "cash": 0,
            "stock": 0.15
        },
        "2003-03-05": {
            "cash": 0.2,
            "stock": 0.3
        },
        "2004-03-16": {
            "cash": 0.8,
            "stock": 0.8
        },
        "2005-03-25": {
            "cash": 0.55,
            "stock": 0.55
        },
        "2006-03-31": {
            "cash": 0.5,
            "stock": 0.38
        },
        "2007-03-30": {
            "cash": 0.6,
            "stock": 0.1
        },
        "2008-03-25": {
            "cash": 0.4,
            "stock": 0.2
        },
        "2010-03-22": {
            "cash": 0.6,
            "stock": 0.2
        },
        "2011-01-01": {
            "cash": 0.8,
            "stock": 0
        },
        "2011-03-30": {
            "cash": 0.55,
            "stock": 0.15
        },
        "2013-03-25": {
            "cash": 0.4,
            "stock": 0
        },
        "2014-06-17": {
            "cash": 0.4,
            "stock": 0
        },
        "2015-08-21": {
            "cash": 0.4,
            "stock": 0
        },
        "2016-08-02": {
            "cash": 0.3,
            "stock": 0
        },
        "2018-08-16": {
            "cash": 0.6,
            "stock": 0
        },
        "2019-08-16": {
            "cash": 0.6,
            "stock": 0
        },
        "2020-08-14": {
            "cash": 0.7,
            "stock": 0
        },
        "2021-07-09": {
            "cash": 1.5,
            "stock": 0
        },
        "2022-08-18": {
            "cash": 1.5,
            "stock": 0
        },
        "2023-03-15": {
            "cash": 0.9,
            "stock": 0
        }
    },
    "prices": {
        "200101": "9.67",
        "200102": "10.01",
        "200103": "9.93",
        "200104": "10.01",
        "200105": "8.98",
        "200106": "8.78",
        "200107": "8.45",
        "200108": "9.16",
        "200109": "7.70",
        "200110": "7.04",
        "200111": "7.37",
        "200112": "7.58",
        "200201": "7.96",
        "200202": "8.04",
        "200203": "8.83",
        "200204": "9.09",
        "200205": "9.20",
        "200206": "10.40",
        "200207": "10.29",
        "200208": "9.90",
        "200209": "8.29",
        "200210": "8.23",
        "200211": "8.60",
        "200212": "9.18",
        "200301": "12.91",
        "200302": "13.90",
        "200303": "12.06",
        "200304": "11.78",
        "200305": "11.04",
        "200306": "11.52",
        "200307": "11.77",
        "200308": "13.02",
        "200309": "13.26",
        "200310": "14.13",
        "200311": "14.61",
        "200312": "14.22",
        "200401": "15.34",
        "200402": "17.56",
        "200403": "18.83",
        "200404": "19.93",
        "200405": "17.75",
        "200406": "17.74",
        "200407": "16.59",
        "200408": "14.98",
        "200409": "16.83",
        "200410": "16.70",
        "200411": "15.74",
        "200412": "16.63",
        "200501": "16.47",
        "200502": "16.43",
        "200503": "15.83",
        "200504": "13.90",
        "200505": "13.00",
        "200506": "12.69",
        "200507": "12.21",
        "200508": "11.71",
        "200509": "11.70",
        "200510": "10.98",
        "200511": "10.42",
        "200512": "11.60",
        "200601": "11.51",
        "200602": "11.32",
        "200603": "11.63",
        "200604": "13.55",
        "200605": "14.08",
        "200606": "12.39",
        "200607": "12.31",
        "200608": "12.02",
        "200609": "11.54",
        "200610": "12.92",
        "200611": "13.04",
        "200612": "13.89",
        "200701": "13.42",
        "200702": "13.20",
        "200703": "12.58",
        "200704": "13.76",
        "200705": "13.50",
        "200706": "13.77",
        "200707": "15.93",
        "200708": "14.01",
        "200709": "14.28",
        "200710": "15.52",
        "200711": "13.17",
        "200712": "12.06",
        "200801": "12.15",
        "200802": "12.39",
        "200803": "13.32",
        "200804": "14.60",
        "200805": "15.29",
        "200806": "13.08",
        "200807": "12.11",
        "200808": "10.99",
        "200809": "9.36",
        "200810": "7.66",
        "200811": "7.00",
        "200812": "6.95",
        "200901": "6.83",
        "200902": "6.65",
        "200903": "7.42",
        "200904": "10.57",
        "200905": "11.38",
        "200906": "10.37",
        "200907": "10.43",
        "200908": "10.44",
        "200909": "10.89",
        "200910": "11.72",
        "200911": "13.00",
        "200912": "13.73",
        "201001": "13.44",
        "201002": "11.78",
        "201003": "12.71",
        "201004": "13.12",
        "201005": "11.87",
        "201006": "11.79",
        "201007": "12.38",
        "201008": "13.04",
        "201009": "13.80",
        "201010": "15.30",
        "201011": "14.42",
        "201012": "14.44",
        "201101": "14.24",
        "201102": "13.16",
        "201103": "12.54",
        "201104": "13.11",
        "201105": "13.63",
        "201106": "13.27",
        "201107": "13.68",
        "201108": "12.33",
        "201109": "12.07",
        "201110": "11.85",
        "201111": "12.53",
        "201112": "12.06",
        "201201": "12.15",
        "201202": "13.36",
        "201203": "13.88",
        "201204": "13.16",
        "201205": "12.69",
        "201206": "12.12",
        "201207": "12.19",
        "201208": "11.99",
        "201209": "12.12",
        "201210": "12.22",
        "201211": "12.21",
        "201212": "13.23",
        "201301": "14.08",
        "201302": "14.61",
        "201303": "15.05",
        "201304": "14.42",
        "201305": "14.36",
        "201306": "13.93",
        "201307": "14.19",
        "201308": "14.41",
        "201309": "14.72",
        "201310": "15.54",
        "201311": "14.86",
        "201312": "14.89",
        "201401": "14.83",
        "201402": "14.65",
        "201403": "14.10",
        "201404": "13.77",
        "201405": "13.95",
        "201406": "14.32",
        "201407": "14.15",
        "201408": "13.75",
        "201409": "13.50",
        "201410": "12.62",
        "201411": "12.70",
        "201412": "13.18",
        "201501": "13.23",
        "201502": "12.88",
        "201503": "12.66",
        "201504": "12.68",
        "201505": "12.52",
        "201506": "11.59",
        "201507": "10.76",
        "201508": "9.79",
        "201509": "10.28",
        "201510": "10.91",
        "201511": "10.82",
        "201512": "10.68",
        "201601": "10.04",
        "201602": "10.14",
        "201603": "10.60",
        "201604": "10.25",
        "201605": "9.80",
        "201606": "9.76",
        "201607": "9.62",
        "201608": "9.33",
        "201609": "9.09",
        "201610": "9.37",
        "201611": "9.23",
        "201612": "9.56",
        "201701": "10.71",
        "201702": "11.07",
        "201703": "11.62",
        "201704": "11.32",
        "201705": "10.22",
        "201706": "9.97",
        "201707": "10.01",
        "201708": "10.97",
        "201709": "12.44",
        "201710": "12.12",
        "201711": "12.35",
        "201712": "12.71",
        "201801": "13.59",
        "201802": "13.15",
        "201803": "13.44",
        "201804": "12.96",
        "201805": "12.84",
        "201806": "12.60",
        "201807": "11.74",
        "201808": "12.12",
        "201809": "12.26",
        "201810": "11.63",
        "201811": "11.48",
        "201812": "11.45",
        "201901": "11.35",
        "201902": "11.97",
        "201903": "11.86",
        "201904": "11.90",
        "201905": "11.65",
        "201906": "11.76",
        "201907": "11.97",
        "201908": "11.41",
        "201909": "11.75",
        "201910": "11.77",
        "201911": "12.47",
        "201912": "13.29",
        "202001": "13.26",
        "202002": "13.47",
        "202003": "12.02",
        "202004": "12.00",
        "202005": "12.98",
        "202006": "13.70",
        "202007": "13.98",
        "202008": "15.50",
        "202009": "18.02",
        "202010": "18.58",
        "202011": "22.04",
        "202012": "25.30",
        "202101": "25.95",
        "202102": "25.77",
        "202103": "29.28",
        "202104": "36.52",
        "202105": "34.91",
        "202106": "44.94",
        "202107": "41.84",
        "202108": "37.15",
        "202109": "34.55",
        "202110": "31.33",
        "202111": "33.50",
        "202112": "34.62",
        "202201": "34.15",
        "202202": "34.66",
        "202203": "33.35",
        "202204": "32.42",
        "202205": "28.53",
        "202206": "26.75",
        "202207": "23.94",
        "202208": "24.02",
        "202209": "24.09",
        "202210": "24.47",
        "202211": "26.82",
        "202212": "25.06",
        "202301": "25.11",
        "202302": "26.09",
        "202303": "26.82",
        "202304": "28.86",
        "202305": "31.83"
    },
    "quarters": {
        "20011": {
            "year_quarter": 20011,
            "year": 2001,
            "quarter": 1,
            "eps": 0.04,
            "eps_growth_year": -84.62,
            "eps_4q": 0.28,
            "eps_4q_growth_year": -74.79,
            "roe": 0.32,
            "roe_4q": 0.32,
            "gross_profit": 492509,
            "gross_margin": 10.92,
            "gross_margin_4q_avg": 10.92,
            "net_income": 48603,
            "revenue": 4510090,
            "common_shares": 12164669,
            "book_valuer_per_share": 12.26,
            "book_valuer_per_share_4q_avg": 12.26,
            "equity": 14911329,
            "current_ratio": 127.94,
            "debt_ratio": 45.42,
            "inventory_turnover_ratio": 1.28,
            "account_receivable_turnover_ratio": null,
            "reinvestment_rate": null,
            "research_to_sale_ratio": null,
            "price_fair": 0,
            "eps_avg_yearly": 0,
            "eps_latest_yearly": 0,
            "eps_growth_yearly": 0
        },
        "20012": {
            "year_quarter": 20012,
            "year": 2001,
            "quarter": 2,
            "eps": 0.21,
            "eps_growth_year": -46.15,
            "eps_4q": 0.11,
            "eps_4q_growth_year": -90.7,
            "roe": 1.77,
            "roe_4q": 2.09,
            "gross_profit": 689064,
            "gross_margin": 14.99,
            "gross_margin_4q_avg": 12.96,
            "net_income": 265340,
            "revenue": 4595848,
            "common_shares": 12590433,
            "book_valuer_per_share": 11.99,
            "book_valuer_per_share_4q_avg": 12.13,
            "equity": 15096525,
            "current_ratio": 168.74,
            "debt_ratio": 45.58,
            "inventory_turnover_ratio": 1.42,
            "account_receivable_turnover_ratio": null,
            "reinvestment_rate": null,
            "research_to_sale_ratio": null,
            "price_fair": 0,
            "eps_avg_yearly": 0,
            "eps_latest_yearly": 0,
            "eps_growth_yearly": 0
        },
        "20013": {
            "year_quarter": 20013,
            "year": 2001,
            "quarter": 3,
            "eps": 0.05,
            "eps_growth_year": -44.44,
            "eps_4q": 0.07,
            "eps_4q_growth_year": -93.51,
            "roe": 0.43,
            "roe_4q": 2.52,
            "gross_profit": 760129,
            "gross_margin": 16.56,
            "gross_margin_4q_avg": 14.16,
            "net_income": 65867,
            "revenue": 4590643,
            "common_shares": 12590433,
            "book_valuer_per_share": 12.11,
            "book_valuer_per_share_4q_avg": 12.12,
            "equity": 15241562,
            "current_ratio": 155.2,
            "debt_ratio": 45.09,
            "inventory_turnover_ratio": 1.43,
            "account_receivable_turnover_ratio": null,
            "reinvestment_rate": null,
            "research_to_sale_ratio": null,
            "price_fair": 0,
            "eps_avg_yearly": 0,
            "eps_latest_yearly": 0,
            "eps_growth_yearly": 0
        },
        "20014": {
            "year_quarter": 20014,
            "year": 2001,
            "quarter": 4,
            "eps": 0.02,
            "eps_growth_year": null,
            "eps_4q": 0.29,
            "eps_4q_growth_year": -41.61,
            "roe": 0.19,
            "roe_4q": 2.71,
            "gross_profit": 756654,
            "gross_margin": 15.39,
            "gross_margin_4q_avg": 14.47,
            "net_income": 28345,
            "revenue": 4916586,
            "common_shares": 12590433,
            "book_valuer_per_share": 12.17,
            "book_valuer_per_share_4q_avg": 12.13,
            "equity": 15387973,
            "current_ratio": 126.81,
            "debt_ratio": 53.16,
            "inventory_turnover_ratio": 1.51,
            "account_receivable_turnover_ratio": null,
            "reinvestment_rate": null,
            "research_to_sale_ratio": null,
            "price_fair": 0,
            "eps_avg_yearly": 0,
            "eps_latest_yearly": 0,
            "eps_growth_yearly": 0
        },
        "20021": {
            "year_quarter": 20021,
            "year": 2002,
            "quarter": 1,
            "eps": 0.26,
            "eps_growth_year": 550,
            "eps_4q": 0.55,
            "eps_4q_growth_year": 94.44,
            "roe": 2.09,
            "roe_4q": 4.48,
            "gross_profit": 810761,
            "gross_margin": 17.97,
            "gross_margin_4q_avg": 16.23,
            "net_income": 323990,
            "revenue": 4510557,
            "common_shares": 12590433,
            "book_valuer_per_share": 12.44,
            "book_valuer_per_share_4q_avg": 12.18,
            "equity": 15664432,
            "current_ratio": 142.43,
            "debt_ratio": 42.25,
            "inventory_turnover_ratio": 1.42,
            "account_receivable_turnover_ratio": null,
            "reinvestment_rate": null,
            "research_to_sale_ratio": null,
            "price_fair": 36.4,
            "eps_avg_yearly": 1.04,
            "eps_latest_yearly": 1.04,
            "eps_growth_yearly": 4800
        },
        "20022": {
            "year_quarter": 20022,
            "year": 2002,
            "quarter": 2,
            "eps": -0.01,
            "eps_growth_year": -104.76,
            "eps_4q": 0.32,
            "eps_4q_growth_year": 203.49,
            "roe": -0.06,
            "roe_4q": 2.65,
            "gross_profit": 941193,
            "gross_margin": 18.46,
            "gross_margin_4q_avg": 17.1,
            "net_income": -9223,
            "revenue": 5099772,
            "common_shares": 12590433,
            "book_valuer_per_share": 12.16,
            "book_valuer_per_share_4q_avg": 12.22,
            "equity": 15309369,
            "current_ratio": 136.28,
            "debt_ratio": 42.4,
            "inventory_turnover_ratio": 1.79,
            "account_receivable_turnover_ratio": null,
            "reinvestment_rate": null,
            "research_to_sale_ratio": null,
            "price_fair": 36.4,
            "eps_avg_yearly": 1.04,
            "eps_latest_yearly": 1.04,
            "eps_growth_yearly": 4800
        },
        "20023": {
            "year_quarter": 20023,
            "year": 2002,
            "quarter": 3,
            "eps": 0.18,
            "eps_growth_year": 260,
            "eps_4q": 0.45,
            "eps_4q_growth_year": 519.09,
            "roe": 1.49,
            "roe_4q": 3.7099999999999995,
            "gross_profit": 780862,
            "gross_margin": 15.34,
            "gross_margin_4q_avg": 16.79,
            "net_income": 230745,
            "revenue": 5091140,
            "common_shares": 12779290,
            "book_valuer_per_share": 12.24,
            "book_valuer_per_share_4q_avg": 12.25,
            "equity": 15637930,
            "current_ratio": 151.3,
            "debt_ratio": 44.42,
            "inventory_turnover_ratio": 1.69,
            "account_receivable_turnover_ratio": null,
            "reinvestment_rate": null,
            "research_to_sale_ratio": null,
            "price_fair": 36.4,
            "eps_avg_yearly": 1.04,
            "eps_latest_yearly": 1.04,
            "eps_growth_yearly": 4800
        },
        "20024": {
            "year_quarter": 20024,
            "year": 2002,
            "quarter": 4,
            "eps": 0.1,
            "eps_growth_year": 400,
            "eps_4q": 0.54,
            "eps_4q_growth_year": 89.02,
            "roe": 0.78,
            "roe_4q": 4.3,
            "gross_profit": 701028,
            "gross_margin": 13.32,
            "gross_margin_4q_avg": 16.27,
            "net_income": 122762,
            "revenue": 5262488,
            "common_shares": 12779290,
            "book_valuer_per_share": 12.3,
            "book_valuer_per_share_4q_avg": 12.29,
            "equity": 15793836,
            "current_ratio": 125.22,
            "debt_ratio": 51.38,
            "inventory_turnover_ratio": 1.51,
            "account_receivable_turnover_ratio": null,
            "reinvestment_rate": -3.42,
            "research_to_sale_ratio": null,
            "price_fair": 25.2,
            "eps_avg_yearly": 0.72,
            "eps_latest_yearly": 0.4,
            "eps_growth_yearly": 2311.11
        },
        "20031": {
            "year_quarter": 20031,
            "year": 2003,
            "quarter": 1,
            "eps": 0.8,
            "eps_growth_year": 207.69,
            "eps_4q": 1.07,
            "eps_4q_growth_year": 95.23,
            "roe": 6.27,
            "roe_4q": 8.479999999999999,
            "gross_profit": 858787,
            "gross_margin": 15.8,
            "gross_margin_4q_avg": 15.73,
            "net_income": 1016715,
            "revenue": 5433629,
            "common_shares": 12779290,
            "book_valuer_per_share": 13,
            "book_valuer_per_share_4q_avg": 12.43,
            "equity": 16616940,
            "current_ratio": 139.98,
            "debt_ratio": 40.98,
            "inventory_turnover_ratio": 1.52,
            "account_receivable_turnover_ratio": null,
            "reinvestment_rate": -62.18,
            "research_to_sale_ratio": null,
            "price_fair": 54.13,
            "eps_avg_yearly": 1.55,
            "eps_latest_yearly": 3.2,
            "eps_growth_yearly": 2474.07
        },
        "20032": {
            "year_quarter": 20032,
            "year": 2003,
            "quarter": 2,
            "eps": 0.29,
            "eps_growth_year": null,
            "eps_4q": 1.32,
            "eps_4q_growth_year": 305.86,
            "roe": 2.31,
            "roe_4q": 10.85,
            "gross_profit": 873363,
            "gross_margin": 15.25,
            "gross_margin_4q_avg": 14.93,
            "net_income": 386407,
            "revenue": 5725830,
            "common_shares": 12779290,
            "book_valuer_per_share": 13.15,
            "book_valuer_per_share_4q_avg": 12.67,
            "equity": 16802339,
            "current_ratio": 101.59,
            "debt_ratio": 41.7,
            "inventory_turnover_ratio": 1.72,
            "account_receivable_turnover_ratio": null,
            "reinvestment_rate": -56.09,
            "research_to_sale_ratio": null,
            "price_fair": 50.75,
            "eps_avg_yearly": 1.45,
            "eps_latest_yearly": 1.16,
            "eps_growth_yearly": 1791.81
        },
        "20033": {
            "year_quarter": 20033,
            "year": 2003,
            "quarter": 3,
            "eps": 0.28,
            "eps_growth_year": 55.56,
            "eps_4q": 1.43,
            "eps_4q_growth_year": 219.83,
            "roe": 2.19,
            "roe_4q": 11.549999999999999,
            "gross_profit": 851672,
            "gross_margin": 14.93,
            "gross_margin_4q_avg": 14.83,
            "net_income": 370967,
            "revenue": 5703089,
            "common_shares": 13162668,
            "book_valuer_per_share": 12.98,
            "book_valuer_per_share_4q_avg": 12.86,
            "equity": 17084464,
            "current_ratio": 100.27,
            "debt_ratio": 40.85,
            "inventory_turnover_ratio": 1.77,
            "account_receivable_turnover_ratio": null,
            "reinvestment_rate": -56.3,
            "research_to_sale_ratio": null,
            "price_fair": 48.44,
            "eps_avg_yearly": 1.38,
            "eps_latest_yearly": 1.12,
            "eps_growth_yearly": 1430.69
        },
        "20034": {
            "year_quarter": 20034,
            "year": 2003,
            "quarter": 4,
            "eps": 0.36,
            "eps_growth_year": 260,
            "eps_4q": 1.73,
            "eps_4q_growth_year": 217.09,
            "roe": 2.67,
            "roe_4q": 13.44,
            "gross_profit": 898320,
            "gross_margin": 15.08,
            "gross_margin_4q_avg": 15.27,
            "net_income": 467503,
            "revenue": 5955930,
            "common_shares": 13162668,
            "book_valuer_per_share": 13.55,
            "book_valuer_per_share_4q_avg": 13.17,
            "equity": 17896490,
            "current_ratio": 132.73,
            "debt_ratio": 49.74,
            "inventory_turnover_ratio": 1.81,
            "account_receivable_turnover_ratio": null,
            "reinvestment_rate": -42.77,
            "research_to_sale_ratio": null,
            "price_fair": 48.77,
            "eps_avg_yearly": 1.39,
            "eps_latest_yearly": 1.44,
            "eps_growth_yearly": 1211.29
        },
        "20041": {
            "year_quarter": 20041,
            "year": 2004,
            "quarter": 1,
            "eps": 0.32,
            "eps_growth_year": -60,
            "eps_4q": 1.26,
            "eps_4q_growth_year": 18.12,
            "roe": 2.29,
            "roe_4q": 9.46,
            "gross_profit": 912372,
            "gross_margin": 16.05,
            "gross_margin_4q_avg": 15.33,
            "net_income": 414781,
            "revenue": 5684425,
            "common_shares": 13162668,
            "book_valuer_per_share": 13.93,
            "book_valuer_per_share_4q_avg": 13.4,
            "equity": 18333919,
            "current_ratio": 134.07,
            "debt_ratio": 40.94,
            "inventory_turnover_ratio": 1.74,
            "account_receivable_turnover_ratio": null,
            "reinvestment_rate": -43.41,
            "research_to_sale_ratio": null,
            "price_fair": 48.2,
            "eps_avg_yearly": 1.38,
            "eps_latest_yearly": 1.28,
            "eps_growth_yearly": 1031.9
        },
        "20042": {
            "year_quarter": 20042,
            "year": 2004,
            "quarter": 2,
            "eps": 0.59,
            "eps_growth_year": 103.45,
            "eps_4q": 1.48,
            "eps_4q_growth_year": 12.31,
            "roe": 4.59,
            "roe_4q": 11.74,
            "gross_profit": 1080735,
            "gross_margin": 16.58,
            "gross_margin_4q_avg": 15.66,
            "net_income": 830249,
            "revenue": 6517955,
            "common_shares": 13162668,
            "book_valuer_per_share": 13.57,
            "book_valuer_per_share_4q_avg": 13.51,
            "equity": 17866439,
            "current_ratio": 124.26,
            "debt_ratio": 43.54,
            "inventory_turnover_ratio": 2.19,
            "account_receivable_turnover_ratio": null,
            "reinvestment_rate": -41.48,
            "research_to_sale_ratio": null,
            "price_fair": 52.5,
            "eps_avg_yearly": 1.5,
            "eps_latest_yearly": 2.36,
            "eps_growth_yearly": 945.1
        },
        "20043": {
            "year_quarter": 20043,
            "year": 2004,
            "quarter": 3,
            "eps": 0.31,
            "eps_growth_year": 10.71,
            "eps_4q": 1.51,
            "eps_4q_growth_year": 5.13,
            "roe": 2.45,
            "roe_4q": 12,
            "gross_profit": 955754,
            "gross_margin": 15.4,
            "gross_margin_4q_avg": 15.78,
            "net_income": 444220,
            "revenue": 6208003,
            "common_shares": 14215681,
            "book_valuer_per_share": 12.91,
            "book_valuer_per_share_4q_avg": 13.49,
            "equity": 18358612,
            "current_ratio": 144.64,
            "debt_ratio": 42.98,
            "inventory_turnover_ratio": 1.98,
            "account_receivable_turnover_ratio": null,
            "reinvestment_rate": -38.7,
            "research_to_sale_ratio": null,
            "price_fair": 51.49,
            "eps_avg_yearly": 1.47,
            "eps_latest_yearly": 1.24,
            "eps_growth_yearly": 818.99
        },
        "20044": {
            "year_quarter": 20044,
            "year": 2004,
            "quarter": 4,
            "eps": 0.39,
            "eps_growth_year": 8.33,
            "eps_4q": 1.59,
            "eps_4q_growth_year": -7.85,
            "roe": 2.98,
            "roe_4q": 12.309999999999999,
            "gross_profit": 845727,
            "gross_margin": 12.31,
            "gross_margin_4q_avg": 15.09,
            "net_income": 548755,
            "revenue": 6870114,
            "common_shares": 14215681,
            "book_valuer_per_share": 12.98,
            "book_valuer_per_share_4q_avg": 13.35,
            "equity": 18495992,
            "current_ratio": 137.53,
            "debt_ratio": 51.9,
            "inventory_turnover_ratio": 1.96,
            "account_receivable_turnover_ratio": null,
            "reinvestment_rate": -19.13,
            "research_to_sale_ratio": null,
            "price_fair": 51.8,
            "eps_avg_yearly": 1.48,
            "eps_latest_yearly": 1.56,
            "eps_growth_yearly": 747.42
        },
        "20051": {
            "year_quarter": 20051,
            "year": 2005,
            "quarter": 1,
            "eps": 0.21,
            "eps_growth_year": -34.38,
            "eps_4q": 1.52,
            "eps_4q_growth_year": 20.3,
            "roe": 1.56,
            "roe_4q": 11.58,
            "gross_profit": 801534,
            "gross_margin": 12.77,
            "gross_margin_4q_avg": 14.27,
            "net_income": 291879,
            "revenue": 6276560,
            "common_shares": 14215681,
            "book_valuer_per_share": 13.27,
            "book_valuer_per_share_4q_avg": 13.18,
            "equity": 18857900,
            "current_ratio": 138.89,
            "debt_ratio": 45.26,
            "inventory_turnover_ratio": 1.82,
            "account_receivable_turnover_ratio": null,
            "reinvestment_rate": -28.82,
            "research_to_sale_ratio": null,
            "price_fair": 49.76,
            "eps_avg_yearly": 1.42,
            "eps_latest_yearly": 0.84,
            "eps_growth_yearly": 662.69
        },
        "20052": {
            "year_quarter": 20052,
            "year": 2005,
            "quarter": 2,
            "eps": 0.35,
            "eps_growth_year": -40.68,
            "eps_4q": 1.22,
            "eps_4q_growth_year": -17.82,
            "roe": 2.8,
            "roe_4q": 9.79,
            "gross_profit": 771563,
            "gross_margin": 11.78,
            "gross_margin_4q_avg": 13.07,
            "net_income": 518789,
            "revenue": 6547327,
            "common_shares": 14215681,
            "book_valuer_per_share": 12.79,
            "book_valuer_per_share_4q_avg": 12.99,
            "equity": 18187478,
            "current_ratio": 127.35,
            "debt_ratio": 48.46,
            "inventory_turnover_ratio": 2.04,
            "account_receivable_turnover_ratio": null,
            "reinvestment_rate": -26.13,
            "research_to_sale_ratio": null,
            "price_fair": 49.7,
            "eps_avg_yearly": 1.42,
            "eps_latest_yearly": 1.4,
            "eps_growth_yearly": 629.68
        },
        "20053": {
            "year_quarter": 20053,
            "year": 2005,
            "quarter": 3,
            "eps": 0.2,
            "eps_growth_year": -35.48,
            "eps_4q": 1.1,
            "eps_4q_growth_year": -27.24,
            "roe": 1.66,
            "roe_4q": 9,
            "gross_profit": -92884,
            "gross_margin": -15.96,
            "gross_margin_4q_avg": 5.23,
            "net_income": 303741,
            "revenue": 581924,
            "common_shares": 14997544,
            "book_valuer_per_share": 12.2,
            "book_valuer_per_share_4q_avg": 12.81,
            "equity": 18301813,
            "current_ratio": 93.39,
            "debt_ratio": 45.59,
            "inventory_turnover_ratio": 0.26,
            "account_receivable_turnover_ratio": null,
            "reinvestment_rate": -62.5,
            "research_to_sale_ratio": null,
            "price_fair": 48.03,
            "eps_avg_yearly": 1.37,
            "eps_latest_yearly": 0.8,
            "eps_growth_yearly": 568.06
        },
        "20054": {
            "year_quarter": 20054,
            "year": 2005,
            "quarter": 4,
            "eps": 0.2,
            "eps_growth_year": -48.72,
            "eps_4q": 0.96,
            "eps_4q_growth_year": -39.75,
            "roe": 1.44,
            "roe_4q": 7.459999999999999,
            "gross_profit": 478200,
            "gross_margin": 9.32,
            "gross_margin_4q_avg": 4.48,
            "net_income": 293937,
            "revenue": 5128149,
            "common_shares": 14997544,
            "book_valuer_per_share": 13.62,
            "book_valuer_per_share_4q_avg": 12.97,
            "equity": 22638183,
            "current_ratio": 114.39,
            "debt_ratio": 56.33,
            "inventory_turnover_ratio": 1.37,
            "account_receivable_turnover_ratio": null,
            "reinvestment_rate": 67.73,
            "research_to_sale_ratio": null,
            "price_fair": 46.6,
            "eps_avg_yearly": 1.33,
            "eps_latest_yearly": 0.8,
            "eps_growth_yearly": 527.48
        },
        "20061": {
            "year_quarter": 20061,
            "year": 2006,
            "quarter": 1,
            "eps": 0.29,
            "eps_growth_year": 38.1,
            "eps_4q": 1.03,
            "eps_4q_growth_year": -32.09,
            "roe": 1.96,
            "roe_4q": 7.859999999999999,
            "gross_profit": 428576,
            "gross_margin": 9.9,
            "gross_margin_4q_avg": 3.76,
            "net_income": 435492,
            "revenue": 4329702,
            "common_shares": 14997544,
            "book_valuer_per_share": 14.57,
            "book_valuer_per_share_4q_avg": 13.3,
            "equity": 21857254,
            "current_ratio": 140.67,
            "debt_ratio": 43.3,
            "inventory_turnover_ratio": 1.2,
            "account_receivable_turnover_ratio": null,
            "reinvestment_rate": -51.98,
            "research_to_sale_ratio": null,
            "price_fair": 46.9,
            "eps_avg_yearly": 1.34,
            "eps_latest_yearly": 1.16,
            "eps_growth_yearly": 197.48
        },
        "20062": {
            "year_quarter": 20062,
            "year": 2006,
            "quarter": 2,
            "eps": 0.18,
            "eps_growth_year": -48.57,
            "eps_4q": 0.88,
            "eps_4q_growth_year": -27.84,
            "roe": 1.25,
            "roe_4q": 6.3100000000000005,
            "gross_profit": 460919,
            "gross_margin": 9.97,
            "gross_margin_4q_avg": 3.31,
            "net_income": 266401,
            "revenue": 4622598,
            "common_shares": 14997544,
            "book_valuer_per_share": 13.95,
            "book_valuer_per_share_4q_avg": 13.59,
            "equity": 20922041,
            "current_ratio": 100.74,
            "debt_ratio": 43.92,
            "inventory_turnover_ratio": 2.06,
            "account_receivable_turnover_ratio": null,
            "reinvestment_rate": -47.32,
            "research_to_sale_ratio": null,
            "price_fair": 45.45,
            "eps_avg_yearly": 1.3,
            "eps_latest_yearly": 0.72,
            "eps_growth_yearly": 174.2
        },
        "20063": {
            "year_quarter": 20063,
            "year": 2006,
            "quarter": 3,
            "eps": 0.1,
            "eps_growth_year": -50,
            "eps_4q": 0.72,
            "eps_4q_growth_year": -34.04,
            "roe": 0.76,
            "roe_4q": 5.41,
            "gross_profit": 295342,
            "gross_margin": 6.12,
            "gross_margin_4q_avg": 8.83,
            "net_income": 160005,
            "revenue": 4828456,
            "common_shares": 15567451,
            "book_valuer_per_share": 13.52,
            "book_valuer_per_share_4q_avg": 13.92,
            "equity": 21046433,
            "current_ratio": 124.64,
            "debt_ratio": 42.66,
            "inventory_turnover_ratio": 2.03,
            "account_receivable_turnover_ratio": null,
            "reinvestment_rate": -48.2,
            "research_to_sale_ratio": null,
            "price_fair": 43.49,
            "eps_avg_yearly": 1.24,
            "eps_latest_yearly": 0.4,
            "eps_growth_yearly": 152.21
        },
        "20064": {
            "year_quarter": 20064,
            "year": 2006,
            "quarter": 4,
            "eps": 0.16,
            "eps_growth_year": -20,
            "eps_4q": 0.71,
            "eps_4q_growth_year": -25.95,
            "roe": 1.11,
            "roe_4q": 5.08,
            "gross_profit": 259196,
            "gross_margin": 5.28,
            "gross_margin_4q_avg": 7.82,
            "net_income": 250920,
            "revenue": 4907576,
            "common_shares": 15567451,
            "book_valuer_per_share": 14.11,
            "book_valuer_per_share_4q_avg": 14.04,
            "equity": 24285958,
            "current_ratio": 125.45,
            "debt_ratio": 56.59,
            "inventory_turnover_ratio": 1.2,
            "account_receivable_turnover_ratio": null,
            "reinvestment_rate": 128.91,
            "research_to_sale_ratio": null,
            "price_fair": 44.01,
            "eps_avg_yearly": 1.26,
            "eps_latest_yearly": 0.64,
            "eps_growth_yearly": 178.32
        },
        "20071": {
            "year_quarter": 20071,
            "year": 2007,
            "quarter": 1,
            "eps": 0.04,
            "eps_growth_year": -86.21,
            "eps_4q": 0.48,
            "eps_4q_growth_year": -53.39,
            "roe": 0.27,
            "roe_4q": 3.39,
            "gross_profit": 328857,
            "gross_margin": 6.69,
            "gross_margin_4q_avg": 7.02,
            "net_income": 61343,
            "revenue": 4917881,
            "common_shares": 15567451,
            "book_valuer_per_share": 13.51,
            "book_valuer_per_share_4q_avg": 13.77,
            "equity": 21029631,
            "current_ratio": 132.68,
            "debt_ratio": 41.66,
            "inventory_turnover_ratio": 1.25,
            "account_receivable_turnover_ratio": null,
            "reinvestment_rate": -51.37,
            "research_to_sale_ratio": null,
            "price_fair": 3.2,
            "eps_avg_yearly": 1.07,
            "eps_latest_yearly": 0.16,
            "eps_growth_yearly": -15.43
        },
        "20072": {
            "year_quarter": 20072,
            "year": 2007,
            "quarter": 2,
            "eps": 0.18,
            "eps_growth_year": 0,
            "eps_4q": 0.48,
            "eps_4q_growth_year": -45.35,
            "roe": 1.36,
            "roe_4q": 3.5,
            "gross_profit": 402673,
            "gross_margin": 7.96,
            "gross_margin_4q_avg": 6.51,
            "net_income": 283481,
            "revenue": 5061224,
            "common_shares": 15567451,
            "book_valuer_per_share": 13.32,
            "book_valuer_per_share_4q_avg": 13.62,
            "equity": 20739469,
            "current_ratio": 119.96,
            "debt_ratio": 42.11,
            "inventory_turnover_ratio": 2.42,
            "account_receivable_turnover_ratio": null,
            "reinvestment_rate": -50.43,
            "research_to_sale_ratio": null,
            "price_fair": 36.4,
            "eps_avg_yearly": 1.04,
            "eps_latest_yearly": 0.72,
            "eps_growth_yearly": 88
        },
        "20073": {
            "year_quarter": 20073,
            "year": 2007,
            "quarter": 3,
            "eps": 0.22,
            "eps_growth_year": 120,
            "eps_4q": 0.59,
            "eps_4q_growth_year": -17.92,
            "roe": 1.69,
            "roe_4q": 4.43,
            "gross_profit": 316797,
            "gross_margin": 6.13,
            "gross_margin_4q_avg": 6.52,
            "net_income": 351441,
            "revenue": 5166434,
            "common_shares": 15723126,
            "book_valuer_per_share": 13.26,
            "book_valuer_per_share_4q_avg": 13.55,
            "equity": 20841796,
            "current_ratio": 142.69,
            "debt_ratio": 41.31,
            "inventory_turnover_ratio": 2.55,
            "account_receivable_turnover_ratio": null,
            "reinvestment_rate": -48.96,
            "research_to_sale_ratio": null,
            "price_fair": 35.88,
            "eps_avg_yearly": 1.03,
            "eps_latest_yearly": 0.88,
            "eps_growth_yearly": 94.42
        },
        "20074": {
            "year_quarter": 20074,
            "year": 2007,
            "quarter": 4,
            "eps": 0.26,
            "eps_growth_year": 62.5,
            "eps_4q": 0.7,
            "eps_4q_growth_year": -0.68,
            "roe": 1.82,
            "roe_4q": 5.140000000000001,
            "gross_profit": 105362,
            "gross_margin": 5.04,
            "gross_margin_4q_avg": 6.46,
            "net_income": 406996,
            "revenue": 2089115,
            "common_shares": 15723126,
            "book_valuer_per_share": 13.86,
            "book_valuer_per_share_4q_avg": 13.49,
            "equity": 23970562,
            "current_ratio": 100.81,
            "debt_ratio": 60.9,
            "inventory_turnover_ratio": 0.48,
            "account_receivable_turnover_ratio": null,
            "reinvestment_rate": 241.9,
            "research_to_sale_ratio": null,
            "price_fair": 35,
            "eps_avg_yearly": 1,
            "eps_latest_yearly": 1.04,
            "eps_growth_yearly": 91.82
        },
        "20081": {
            "year_quarter": 20081,
            "year": 2008,
            "quarter": 1,
            "eps": 0.06,
            "eps_growth_year": 50,
            "eps_4q": 0.74,
            "eps_4q_growth_year": 54.24,
            "roe": 0.37,
            "roe_4q": 5.24,
            "gross_profit": 1062407,
            "gross_margin": 8.96,
            "gross_margin_4q_avg": 7.02,
            "net_income": 91398,
            "revenue": 11858946,
            "common_shares": 15723126,
            "book_valuer_per_share": 14.48,
            "book_valuer_per_share_4q_avg": 13.73,
            "equity": 25000172,
            "current_ratio": 106.36,
            "debt_ratio": 61.27,
            "inventory_turnover_ratio": 1.72,
            "account_receivable_turnover_ratio": null,
            "reinvestment_rate": 302.25,
            "research_to_sale_ratio": null,
            "price_fair": 32.73,
            "eps_avg_yearly": 0.94,
            "eps_latest_yearly": 0.24,
            "eps_growth_yearly": 75.37
        },
        "20082": {
            "year_quarter": 20082,
            "year": 2008,
            "quarter": 2,
            "eps": 0.48,
            "eps_growth_year": 166.67,
            "eps_4q": 1,
            "eps_4q_growth_year": 108.19,
            "roe": 3.14,
            "roe_4q": 7.02,
            "gross_profit": 1684816,
            "gross_margin": 13.42,
            "gross_margin_4q_avg": 8.39,
            "net_income": 775754,
            "revenue": 12557201,
            "common_shares": 15723126,
            "book_valuer_per_share": 14.15,
            "book_valuer_per_share_4q_avg": 13.94,
            "equity": 24455214,
            "current_ratio": 101.66,
            "debt_ratio": 61.97,
            "inventory_turnover_ratio": 1.68,
            "account_receivable_turnover_ratio": null,
            "reinvestment_rate": 314.84,
            "research_to_sale_ratio": null,
            "price_fair": 31.76,
            "eps_avg_yearly": 0.91,
            "eps_latest_yearly": 1.92,
            "eps_growth_yearly": 229.28
        },
        "20083": {
            "year_quarter": 20083,
            "year": 2008,
            "quarter": 3,
            "eps": -0.03,
            "eps_growth_year": -113.64,
            "eps_4q": 0.76,
            "eps_4q_growth_year": 28.46,
            "roe": -0.15,
            "roe_4q": 5.180000000000001,
            "gross_profit": 1600679,
            "gross_margin": 13.76,
            "gross_margin_4q_avg": 10.3,
            "net_income": -35033,
            "revenue": 11628731,
            "common_shares": 16037588,
            "book_valuer_per_share": 12.45,
            "book_valuer_per_share_4q_avg": 13.74,
            "equity": 22138131,
            "current_ratio": 99.62,
            "debt_ratio": 65.06,
            "inventory_turnover_ratio": 1.33,
            "account_receivable_turnover_ratio": null,
            "reinvestment_rate": 365.22,
            "research_to_sale_ratio": null,
            "price_fair": 30.99,
            "eps_avg_yearly": 0.89,
            "eps_latest_yearly": 1.92,
            "eps_growth_yearly": 257.22
        },
        "20084": {
            "year_quarter": 20084,
            "year": 2008,
            "quarter": 4,
            "eps": -0.73,
            "eps_growth_year": -380.77,
            "eps_4q": -0.22,
            "eps_4q_growth_year": -130.85,
            "roe": -5.67,
            "roe_4q": -2.31,
            "gross_profit": 567501,
            "gross_margin": 5.97,
            "gross_margin_4q_avg": 10.53,
            "net_income": -1190932,
            "revenue": 9506466,
            "common_shares": 16037588,
            "book_valuer_per_share": 11.06,
            "book_valuer_per_share_4q_avg": 13.04,
            "equity": 19871845,
            "current_ratio": 89.94,
            "debt_ratio": 66.69,
            "inventory_turnover_ratio": 1.16,
            "account_receivable_turnover_ratio": 2.26,
            "reinvestment_rate": 507.13,
            "research_to_sale_ratio": null,
            "price_fair": 29.3,
            "eps_avg_yearly": 0.84,
            "eps_latest_yearly": 1.92,
            "eps_growth_yearly": 268.22
        },
        "20091": {
            "year_quarter": 20091,
            "year": 2009,
            "quarter": 1,
            "eps": -0.25,
            "eps_growth_year": -516.67,
            "eps_4q": -0.53,
            "eps_4q_growth_year": -170.82,
            "roe": -2,
            "roe_4q": -4.68,
            "gross_profit": 1133951,
            "gross_margin": 13,
            "gross_margin_4q_avg": 11.54,
            "net_income": -395338,
            "revenue": 8722930,
            "common_shares": 16037588,
            "book_valuer_per_share": 10.94,
            "book_valuer_per_share_4q_avg": 12.15,
            "equity": 19712465,
            "current_ratio": 84.08,
            "debt_ratio": 66.42,
            "inventory_turnover_ratio": 1.17,
            "account_receivable_turnover_ratio": 1.09,
            "reinvestment_rate": 745.5,
            "research_to_sale_ratio": null,
            "price_fair": 29.29,
            "eps_avg_yearly": 0.84,
            "eps_latest_yearly": 1.92,
            "eps_growth_yearly": 303.05
        },
        "20092": {
            "year_quarter": 20092,
            "year": 2009,
            "quarter": 2,
            "eps": -0.02,
            "eps_growth_year": -104.17,
            "eps_4q": -1.03,
            "eps_4q_growth_year": -202.98,
            "roe": 0.1,
            "roe_4q": -7.720000000000001,
            "gross_profit": 1884943,
            "gross_margin": 17.07,
            "gross_margin_4q_avg": 12.45,
            "net_income": 19989,
            "revenue": 11045092,
            "common_shares": 16037588,
            "book_valuer_per_share": 12.29,
            "book_valuer_per_share_4q_avg": 11.69,
            "equity": 21929818,
            "current_ratio": 100.42,
            "debt_ratio": 64.86,
            "inventory_turnover_ratio": 1.7,
            "account_receivable_turnover_ratio": 1.45,
            "reinvestment_rate": 897,
            "research_to_sale_ratio": null,
            "price_fair": 27.65,
            "eps_avg_yearly": 0.79,
            "eps_latest_yearly": 1.92,
            "eps_growth_yearly": 306.08
        },
        "20093": {
            "year_quarter": 20093,
            "year": 2009,
            "quarter": 3,
            "eps": 0.53,
            "eps_growth_year": null,
            "eps_4q": -0.45,
            "eps_4q_growth_year": -159.72,
            "roe": 3.84,
            "roe_4q": -3.73,
            "gross_profit": 2022162,
            "gross_margin": 17.58,
            "gross_margin_4q_avg": 13.41,
            "net_income": 878064,
            "revenue": 11504065,
            "common_shares": 16037588,
            "book_valuer_per_share": 13.44,
            "book_valuer_per_share_4q_avg": 11.93,
            "equity": 23780903,
            "current_ratio": 103.62,
            "debt_ratio": 61.95,
            "inventory_turnover_ratio": 1.85,
            "account_receivable_turnover_ratio": 1.47,
            "reinvestment_rate": 798.17,
            "research_to_sale_ratio": null,
            "price_fair": 27.62,
            "eps_avg_yearly": 0.79,
            "eps_latest_yearly": 1.92,
            "eps_growth_yearly": 349.49
        },
        "20094": {
            "year_quarter": 20094,
            "year": 2009,
            "quarter": 4,
            "eps": 0.88,
            "eps_growth_year": null,
            "eps_4q": 1.14,
            "eps_4q_growth_year": null,
            "roe": 5.85,
            "roe_4q": 7.789999999999999,
            "gross_profit": 1960859,
            "gross_margin": 18.63,
            "gross_margin_4q_avg": 16.57,
            "net_income": 1478431,
            "revenue": 10524722,
            "common_shares": 16037588,
            "book_valuer_per_share": 15.23,
            "book_valuer_per_share_4q_avg": 12.98,
            "equity": 26731336,
            "current_ratio": 104.91,
            "debt_ratio": 59.52,
            "inventory_turnover_ratio": 1.62,
            "account_receivable_turnover_ratio": 2.54,
            "reinvestment_rate": 588.55,
            "research_to_sale_ratio": null,
            "price_fair": 36.27,
            "eps_avg_yearly": 1.04,
            "eps_latest_yearly": 3.52,
            "eps_growth_yearly": 373.51
        },
        "20101": {
            "year_quarter": 20101,
            "year": 2010,
            "quarter": 1,
            "eps": 0.12,
            "eps_growth_year": null,
            "eps_4q": 1.52,
            "eps_4q_growth_year": null,
            "roe": 0.86,
            "roe_4q": 10.65,
            "gross_profit": 1644216,
            "gross_margin": 13.44,
            "gross_margin_4q_avg": 16.68,
            "net_income": 228385,
            "revenue": 12236454,
            "common_shares": 16037588,
            "book_valuer_per_share": 14.88,
            "book_valuer_per_share_4q_avg": 13.96,
            "equity": 26173155,
            "current_ratio": 103.1,
            "debt_ratio": 58.78,
            "inventory_turnover_ratio": 1.85,
            "account_receivable_turnover_ratio": 1.44,
            "reinvestment_rate": 910.68,
            "research_to_sale_ratio": 0.18,
            "price_fair": 34.11,
            "eps_avg_yearly": 0.97,
            "eps_latest_yearly": 0.48,
            "eps_growth_yearly": 325.74
        },
        "20102": {
            "year_quarter": 20102,
            "year": 2010,
            "quarter": 2,
            "eps": 0.32,
            "eps_growth_year": null,
            "eps_4q": 1.83,
            "eps_4q_growth_year": null,
            "roe": 2.19,
            "roe_4q": 12.739999999999998,
            "gross_profit": 1988979,
            "gross_margin": 15.82,
            "gross_margin_4q_avg": 16.37,
            "net_income": 600911,
            "revenue": 12569332,
            "common_shares": 16037588,
            "book_valuer_per_share": 14.83,
            "book_valuer_per_share_4q_avg": 14.6,
            "equity": 28755686,
            "current_ratio": 114.6,
            "debt_ratio": 57.59,
            "inventory_turnover_ratio": 1.67,
            "account_receivable_turnover_ratio": 1.43,
            "reinvestment_rate": 858.99,
            "research_to_sale_ratio": 0.2,
            "price_fair": 35.89,
            "eps_avg_yearly": 1.03,
            "eps_latest_yearly": 1.28,
            "eps_growth_yearly": 400.14
        },
        "20103": {
            "year_quarter": 20103,
            "year": 2010,
            "quarter": 3,
            "eps": 0.05,
            "eps_growth_year": -91.25,
            "eps_4q": 1.35,
            "eps_4q_growth_year": null,
            "roe": 0.58,
            "roe_4q": 9.48,
            "gross_profit": 1599089,
            "gross_margin": 12.16,
            "gross_margin_4q_avg": 15.01,
            "net_income": 168201,
            "revenue": 13150496,
            "common_shares": 16358340,
            "book_valuer_per_share": 14.89,
            "book_valuer_per_share_4q_avg": 14.96,
            "equity": 29386561,
            "current_ratio": 117.4,
            "debt_ratio": 57.25,
            "inventory_turnover_ratio": 1.8,
            "account_receivable_turnover_ratio": 1.41,
            "reinvestment_rate": 889.07,
            "research_to_sale_ratio": 0.18,
            "price_fair": 35.25,
            "eps_avg_yearly": 1.01,
            "eps_latest_yearly": 0.2,
            "eps_growth_yearly": 385.62
        },
        "20104": {
            "year_quarter": 20104,
            "year": 2010,
            "quarter": 4,
            "eps": 0.4,
            "eps_growth_year": -54.24,
            "eps_4q": 0.89,
            "eps_4q_growth_year": -22,
            "roe": 2.47,
            "roe_4q": 6.1000000000000005,
            "gross_profit": 2061205,
            "gross_margin": 15.38,
            "gross_margin_4q_avg": 14.2,
            "net_income": 737106,
            "revenue": 13402306,
            "common_shares": 16358340,
            "book_valuer_per_share": 15.43,
            "book_valuer_per_share_4q_avg": 15.01,
            "equity": 30226943,
            "current_ratio": 114.64,
            "debt_ratio": 56.16,
            "inventory_turnover_ratio": 1.78,
            "account_receivable_turnover_ratio": 1.41,
            "reinvestment_rate": 495.27,
            "research_to_sale_ratio": 0.17,
            "price_fair": 38.31,
            "eps_avg_yearly": 1.09,
            "eps_latest_yearly": 1.6,
            "eps_growth_yearly": 618.34
        },
        "20111": {
            "year_quarter": 20111,
            "year": 2011,
            "quarter": 1,
            "eps": 0.33,
            "eps_growth_year": 175,
            "eps_4q": 1.1,
            "eps_4q_growth_year": -27.39,
            "roe": 1.96,
            "roe_4q": 7.199999999999999,
            "gross_profit": 1932354,
            "gross_margin": 15.2,
            "gross_margin_4q_avg": 14.64,
            "net_income": 597728,
            "revenue": 12709373,
            "common_shares": 16358340,
            "book_valuer_per_share": 15.73,
            "book_valuer_per_share_4q_avg": 15.22,
            "equity": 30802246,
            "current_ratio": 123.95,
            "debt_ratio": 56.66,
            "inventory_turnover_ratio": 1.66,
            "account_receivable_turnover_ratio": 1.36,
            "reinvestment_rate": 786.52,
            "research_to_sale_ratio": 0.13,
            "price_fair": 42,
            "eps_avg_yearly": 1.2,
            "eps_latest_yearly": 1.32,
            "eps_growth_yearly": 639.25
        },
        "20112": {
            "year_quarter": 20112,
            "year": 2011,
            "quarter": 2,
            "eps": 0.28,
            "eps_growth_year": -11.21,
            "eps_4q": 1.05,
            "eps_4q_growth_year": -42.43,
            "roe": 1.86,
            "roe_4q": 6.870000000000001,
            "gross_profit": 2102546,
            "gross_margin": 15.52,
            "gross_margin_4q_avg": 14.57,
            "net_income": 566759,
            "revenue": 13548670,
            "common_shares": 16358340,
            "book_valuer_per_share": 15.39,
            "book_valuer_per_share_4q_avg": 15.36,
            "equity": 30305081,
            "current_ratio": 122.04,
            "debt_ratio": 58.37,
            "inventory_turnover_ratio": 1.72,
            "account_receivable_turnover_ratio": 1.4,
            "reinvestment_rate": 761.35,
            "research_to_sale_ratio": 0.13,
            "price_fair": 43.27,
            "eps_avg_yearly": 1.24,
            "eps_latest_yearly": 1.12,
            "eps_growth_yearly": 506.47
        },
        "20113": {
            "year_quarter": 20113,
            "year": 2011,
            "quarter": 3,
            "eps": 0.53,
            "eps_growth_year": 1052.02,
            "eps_4q": 1.54,
            "eps_4q_growth_year": 13.9,
            "roe": 3.26,
            "roe_4q": 9.55,
            "gross_profit": 2012108,
            "gross_margin": 14.96,
            "gross_margin_4q_avg": 15.27,
            "net_income": 999177,
            "revenue": 13450548,
            "common_shares": 16603715,
            "book_valuer_per_share": 15.4,
            "book_valuer_per_share_4q_avg": 15.49,
            "equity": 30967906,
            "current_ratio": 122.24,
            "debt_ratio": 56.93,
            "inventory_turnover_ratio": 1.64,
            "account_receivable_turnover_ratio": 1.3,
            "reinvestment_rate": 701.54,
            "research_to_sale_ratio": 0.15,
            "price_fair": 47.22,
            "eps_avg_yearly": 1.35,
            "eps_latest_yearly": 2.12,
            "eps_growth_yearly": 530.86
        },
        "20114": {
            "year_quarter": 20114,
            "year": 2011,
            "quarter": 4,
            "eps": 0.06,
            "eps_growth_year": -85.2,
            "eps_4q": 1.21,
            "eps_4q_growth_year": 35.27,
            "roe": 0.65,
            "roe_4q": 7.7299999999999995,
            "gross_profit": 2169423,
            "gross_margin": 15.77,
            "gross_margin_4q_avg": 15.36,
            "net_income": 204076,
            "revenue": 13756247,
            "common_shares": 16603715,
            "book_valuer_per_share": 15.69,
            "book_valuer_per_share_4q_avg": 15.55,
            "equity": 31417980,
            "current_ratio": 119.52,
            "debt_ratio": 56.88,
            "inventory_turnover_ratio": 1.66,
            "account_receivable_turnover_ratio": 1.31,
            "reinvestment_rate": 386.75,
            "research_to_sale_ratio": 0.15,
            "price_fair": 44.67,
            "eps_avg_yearly": 1.28,
            "eps_latest_yearly": 0.24,
            "eps_growth_yearly": 492
        },
        "20121": {
            "year_quarter": 20121,
            "year": 2012,
            "quarter": 1,
            "eps": 0.1,
            "eps_growth_year": -69.7,
            "eps_4q": 0.98,
            "eps_4q_growth_year": -11.26,
            "roe": 0.73,
            "roe_4q": 6.5,
            "gross_profit": 2168572,
            "gross_margin": 16.78,
            "gross_margin_4q_avg": 15.76,
            "net_income": 233325,
            "revenue": 12922539,
            "common_shares": 16603715,
            "book_valuer_per_share": 16.21,
            "book_valuer_per_share_4q_avg": 15.67,
            "equity": 32296277,
            "current_ratio": 120.95,
            "debt_ratio": 55.91,
            "inventory_turnover_ratio": 1.56,
            "account_receivable_turnover_ratio": 1.26,
            "reinvestment_rate": 387.53,
            "research_to_sale_ratio": 0.14,
            "price_fair": 45.18,
            "eps_avg_yearly": 1.29,
            "eps_latest_yearly": 0.4,
            "eps_growth_yearly": 544.21
        },
        "20122": {
            "year_quarter": 20122,
            "year": 2012,
            "quarter": 2,
            "eps": 0.15,
            "eps_growth_year": -45.85,
            "eps_4q": 0.85,
            "eps_4q_growth_year": -19.61,
            "roe": 1.15,
            "roe_4q": 5.789999999999999,
            "gross_profit": 2472677,
            "gross_margin": 18,
            "gross_margin_4q_avg": 16.38,
            "net_income": 365525,
            "revenue": 13734401,
            "common_shares": 16603715,
            "book_valuer_per_share": 15.71,
            "book_valuer_per_share_4q_avg": 15.75,
            "equity": 31384784,
            "current_ratio": 104.24,
            "debt_ratio": 58.65,
            "inventory_turnover_ratio": 1.67,
            "account_receivable_turnover_ratio": 1.32,
            "reinvestment_rate": 464.15,
            "research_to_sale_ratio": 0.15,
            "price_fair": 40.98,
            "eps_avg_yearly": 1.17,
            "eps_latest_yearly": 0.6,
            "eps_growth_yearly": 307.85
        },
        "20123": {
            "year_quarter": 20123,
            "year": 2012,
            "quarter": 3,
            "eps": 0.26,
            "eps_growth_year": -51.42,
            "eps_4q": 0.57,
            "eps_4q_growth_year": -62.9,
            "roe": 1.66,
            "roe_4q": 4.1899999999999995,
            "gross_profit": 2380459,
            "gross_margin": 18.07,
            "gross_margin_4q_avg": 17.16,
            "net_income": 529789,
            "revenue": 13176199,
            "common_shares": 16603715,
            "book_valuer_per_share": 16.34,
            "book_valuer_per_share_4q_avg": 15.99,
            "equity": 32469490,
            "current_ratio": 112.62,
            "debt_ratio": 57.59,
            "inventory_turnover_ratio": 1.63,
            "account_receivable_turnover_ratio": 1.26,
            "reinvestment_rate": 410.51,
            "research_to_sale_ratio": 0.18,
            "price_fair": 40.6,
            "eps_avg_yearly": 1.16,
            "eps_latest_yearly": 1.04,
            "eps_growth_yearly": 306.64
        },
        "20124": {
            "year_quarter": 20124,
            "year": 2012,
            "quarter": 4,
            "eps": 0.14,
            "eps_growth_year": 142.34,
            "eps_4q": 0.66,
            "eps_4q_growth_year": -45.48,
            "roe": 0.98,
            "roe_4q": 4.52,
            "gross_profit": 2392843,
            "gross_margin": 16.94,
            "gross_margin_4q_avg": 17.45,
            "net_income": 356273,
            "revenue": 14126585,
            "common_shares": 16603715,
            "book_valuer_per_share": 17.08,
            "book_valuer_per_share_4q_avg": 16.34,
            "equity": 40268310,
            "current_ratio": 116.01,
            "debt_ratio": 54.19,
            "inventory_turnover_ratio": 1.55,
            "account_receivable_turnover_ratio": 1.33,
            "reinvestment_rate": 371.69,
            "research_to_sale_ratio": 0.17,
            "price_fair": 38.98,
            "eps_avg_yearly": 1.11,
            "eps_latest_yearly": 0.56,
            "eps_growth_yearly": 268.85
        },
        "20131": {
            "year_quarter": 20131,
            "year": 2013,
            "quarter": 1,
            "eps": 0.07,
            "eps_growth_year": -30,
            "eps_4q": 0.63,
            "eps_4q_growth_year": -35.28,
            "roe": 0.4,
            "roe_4q": 4.1899999999999995,
            "gross_profit": 2083814,
            "gross_margin": 15.26,
            "gross_margin_4q_avg": 17.07,
            "net_income": 171833,
            "revenue": 13653077,
            "common_shares": 16603715,
            "book_valuer_per_share": 19.21,
            "book_valuer_per_share_4q_avg": 17.09,
            "equity": 45051655,
            "current_ratio": 142.55,
            "debt_ratio": 53.46,
            "inventory_turnover_ratio": 1.34,
            "account_receivable_turnover_ratio": 1.24,
            "reinvestment_rate": 368.39,
            "research_to_sale_ratio": 0.17,
            "price_fair": 36.9,
            "eps_avg_yearly": 1.05,
            "eps_latest_yearly": 0.28,
            "eps_growth_yearly": 235.36
        },
        "20132": {
            "year_quarter": 20132,
            "year": 2013,
            "quarter": 2,
            "eps": -0.03,
            "eps_growth_year": -119.54,
            "eps_4q": 0.44,
            "eps_4q_growth_year": -47.57,
            "roe": -0.06,
            "roe_4q": 2.98,
            "gross_profit": 1897165,
            "gross_margin": 13.53,
            "gross_margin_4q_avg": 15.95,
            "net_income": -25697,
            "revenue": 14026163,
            "common_shares": 16603715,
            "book_valuer_per_share": 19.16,
            "book_valuer_per_share_4q_avg": 17.95,
            "equity": 44901369,
            "current_ratio": 129.74,
            "debt_ratio": 53.61,
            "inventory_turnover_ratio": 1.4,
            "account_receivable_turnover_ratio": 1.29,
            "reinvestment_rate": 417.36,
            "research_to_sale_ratio": 0.17,
            "price_fair": 36.9,
            "eps_avg_yearly": 1.05,
            "eps_latest_yearly": 0.28,
            "eps_growth_yearly": 235.36
        },
        "20133": {
            "year_quarter": 20133,
            "year": 2013,
            "quarter": 3,
            "eps": 0.14,
            "eps_growth_year": -46.08,
            "eps_4q": 0.33,
            "eps_4q_growth_year": -43.16,
            "roe": 0.44,
            "roe_4q": 1.76,
            "gross_profit": 1932933,
            "gross_margin": 13.39,
            "gross_margin_4q_avg": 14.78,
            "net_income": 190055,
            "revenue": 14434741,
            "common_shares": 16603715,
            "book_valuer_per_share": 19.27,
            "book_valuer_per_share_4q_avg": 18.68,
            "equity": 41934329,
            "current_ratio": 112.25,
            "debt_ratio": 58.03,
            "inventory_turnover_ratio": 1.47,
            "account_receivable_turnover_ratio": 1.33,
            "reinvestment_rate": 513.91,
            "research_to_sale_ratio": 0.21,
            "price_fair": 36.9,
            "eps_avg_yearly": 1.05,
            "eps_latest_yearly": 0.28,
            "eps_growth_yearly": 235.36
        },
        "20134": {
            "year_quarter": 20134,
            "year": 2013,
            "quarter": 4,
            "eps": 0.19,
            "eps_growth_year": 29.41,
            "eps_4q": 0.37,
            "eps_4q_growth_year": -44.03,
            "roe": 0.54,
            "roe_4q": 1.3199999999999998,
            "gross_profit": 2060247,
            "gross_margin": 14.09,
            "gross_margin_4q_avg": 14.07,
            "net_income": 231828,
            "revenue": 14619444,
            "common_shares": 16603715,
            "book_valuer_per_share": 20.23,
            "book_valuer_per_share_4q_avg": 19.47,
            "equity": 43568842,
            "current_ratio": 116.43,
            "debt_ratio": 56.62,
            "inventory_turnover_ratio": 1.45,
            "account_receivable_turnover_ratio": 1.31,
            "reinvestment_rate": 446.94,
            "research_to_sale_ratio": 0.21,
            "price_fair": 30,
            "eps_avg_yearly": 0.86,
            "eps_latest_yearly": 0.76,
            "eps_growth_yearly": 226.7
        },
        "20141": {
            "year_quarter": 20141,
            "year": 2014,
            "quarter": 1,
            "eps": -0.2,
            "eps_growth_year": -385.71,
            "eps_4q": 0.09,
            "eps_4q_growth_year": -85.45,
            "roe": -0.68,
            "roe_4q": 0.24,
            "gross_profit": 2044703,
            "gross_margin": 14.53,
            "gross_margin_4q_avg": 13.89,
            "net_income": -319683,
            "revenue": 14076403,
            "common_shares": 16603715,
            "book_valuer_per_share": 24.39,
            "book_valuer_per_share_4q_avg": 20.76,
            "equity": 50851289,
            "current_ratio": 113.28,
            "debt_ratio": 53.76,
            "inventory_turnover_ratio": 1.31,
            "account_receivable_turnover_ratio": 1.2,
            "reinvestment_rate": 678.61,
            "research_to_sale_ratio": 0.19,
            "price_fair": 31.02,
            "eps_avg_yearly": 0.89,
            "eps_latest_yearly": 0.76,
            "eps_growth_yearly": 270.71
        },
        "20142": {
            "year_quarter": 20142,
            "year": 2014,
            "quarter": 2,
            "eps": -0.01,
            "eps_growth_year": null,
            "eps_4q": 0.12,
            "eps_4q_growth_year": -73.61,
            "roe": -0.05,
            "roe_4q": 0.24999999999999994,
            "gross_profit": 2208441,
            "gross_margin": 14.77,
            "gross_margin_4q_avg": 14.2,
            "net_income": -22313,
            "revenue": 14947536,
            "common_shares": 16603715,
            "book_valuer_per_share": 23,
            "book_valuer_per_share_4q_avg": 21.72,
            "equity": 48013099,
            "current_ratio": 107.43,
            "debt_ratio": 56.03,
            "inventory_turnover_ratio": 1.37,
            "account_receivable_turnover_ratio": 1.21,
            "reinvestment_rate": 744.64,
            "research_to_sale_ratio": 0.2,
            "price_fair": 29.87,
            "eps_avg_yearly": 0.85,
            "eps_latest_yearly": 0.76,
            "eps_growth_yearly": 237.71
        },
        "20143": {
            "year_quarter": 20143,
            "year": 2014,
            "quarter": 3,
            "eps": 0.31,
            "eps_growth_year": 121.43,
            "eps_4q": 0.29,
            "eps_4q_growth_year": -12.32,
            "roe": 1.19,
            "roe_4q": 0.9999999999999999,
            "gross_profit": 2327512,
            "gross_margin": 15.11,
            "gross_margin_4q_avg": 14.63,
            "net_income": 570273,
            "revenue": 15401315,
            "common_shares": 16603715,
            "book_valuer_per_share": 23.11,
            "book_valuer_per_share_4q_avg": 22.68,
            "equity": 48212514,
            "current_ratio": 105.05,
            "debt_ratio": 56.02,
            "inventory_turnover_ratio": 1.45,
            "account_receivable_turnover_ratio": 1.17,
            "reinvestment_rate": 662.17,
            "research_to_sale_ratio": 0.21,
            "price_fair": 31.95,
            "eps_avg_yearly": 0.91,
            "eps_latest_yearly": 0.76,
            "eps_growth_yearly": 290.01
        },
        "20144": {
            "year_quarter": 20144,
            "year": 2014,
            "quarter": 4,
            "eps": 0.26,
            "eps_growth_year": 41.61,
            "eps_4q": 0.36,
            "eps_4q_growth_year": -1.3,
            "roe": 1.31,
            "roe_4q": 1.77,
            "gross_profit": 2811239,
            "gross_margin": 17.07,
            "gross_margin_4q_avg": 15.37,
            "net_income": 641487,
            "revenue": 16471143,
            "common_shares": 16603715,
            "book_valuer_per_share": 23.94,
            "book_valuer_per_share_4q_avg": 23.61,
            "equity": 49835282,
            "current_ratio": 127.54,
            "debt_ratio": 55.62,
            "inventory_turnover_ratio": 1.5,
            "account_receivable_turnover_ratio": 1.23,
            "reinvestment_rate": 684.36,
            "research_to_sale_ratio": 0.21,
            "price_fair": 30.16,
            "eps_avg_yearly": 0.86,
            "eps_latest_yearly": 1.04,
            "eps_growth_yearly": 29.6
        },
        "20151": {
            "year_quarter": 20151,
            "year": 2015,
            "quarter": 1,
            "eps": -0.1,
            "eps_growth_year": null,
            "eps_4q": 0.46,
            "eps_4q_growth_year": 403.97,
            "roe": -0.11,
            "roe_4q": 2.34,
            "gross_profit": 2474124,
            "gross_margin": 16.54,
            "gross_margin_4q_avg": 15.87,
            "net_income": -52835,
            "revenue": 14962191,
            "common_shares": 16603715,
            "book_valuer_per_share": 23.44,
            "book_valuer_per_share_4q_avg": 23.37,
            "equity": 49044006,
            "current_ratio": 118.63,
            "debt_ratio": 56.97,
            "inventory_turnover_ratio": 1.31,
            "account_receivable_turnover_ratio": 1.16,
            "reinvestment_rate": 752.76,
            "research_to_sale_ratio": 0.23,
            "price_fair": 28.56,
            "eps_avg_yearly": 0.82,
            "eps_latest_yearly": 1.04,
            "eps_growth_yearly": 39.55
        },
        "20152": {
            "year_quarter": 20152,
            "year": 2015,
            "quarter": 2,
            "eps": 0.17,
            "eps_growth_year": null,
            "eps_4q": 0.64,
            "eps_4q_growth_year": 448.21,
            "roe": 0.97,
            "roe_4q": 3.36,
            "gross_profit": 2758734,
            "gross_margin": 17.27,
            "gross_margin_4q_avg": 16.5,
            "net_income": 464611,
            "revenue": 15969764,
            "common_shares": 16603715,
            "book_valuer_per_share": 22.35,
            "book_valuer_per_share_4q_avg": 23.21,
            "equity": 47142268,
            "current_ratio": 130.72,
            "debt_ratio": 58.55,
            "inventory_turnover_ratio": 1.34,
            "account_receivable_turnover_ratio": 1.22,
            "reinvestment_rate": 741.81,
            "research_to_sale_ratio": 0.19,
            "price_fair": 27.38,
            "eps_avg_yearly": 0.78,
            "eps_latest_yearly": 1.04,
            "eps_growth_yearly": 50.68
        },
        "20153": {
            "year_quarter": 20153,
            "year": 2015,
            "quarter": 3,
            "eps": 0.27,
            "eps_growth_year": -12.9,
            "eps_4q": 0.61,
            "eps_4q_growth_year": 112.44,
            "roe": 1.46,
            "roe_4q": 3.63,
            "gross_profit": 2729687,
            "gross_margin": 16.81,
            "gross_margin_4q_avg": 16.92,
            "net_income": 682853,
            "revenue": 16233894,
            "common_shares": 16603715,
            "book_valuer_per_share": 21.93,
            "book_valuer_per_share_4q_avg": 22.92,
            "equity": 46125658,
            "current_ratio": 113.75,
            "debt_ratio": 58.68,
            "inventory_turnover_ratio": 1.35,
            "account_receivable_turnover_ratio": 1.14,
            "reinvestment_rate": 799.22,
            "research_to_sale_ratio": 0.28,
            "price_fair": 23.33,
            "eps_avg_yearly": 0.67,
            "eps_latest_yearly": 1.08,
            "eps_growth_yearly": 37.14
        },
        "20154": {
            "year_quarter": 20154,
            "year": 2015,
            "quarter": 4,
            "eps": -0.04,
            "eps_growth_year": -114.62,
            "eps_4q": 0.3,
            "eps_4q_growth_year": -16.71,
            "roe": 0.19,
            "roe_4q": 2.5100000000000002,
            "gross_profit": 2702327,
            "gross_margin": 16.46,
            "gross_margin_4q_avg": 16.77,
            "net_income": 87565,
            "revenue": 16414148,
            "common_shares": 16603715,
            "book_valuer_per_share": 21.41,
            "book_valuer_per_share_4q_avg": 22.28,
            "equity": 45277028,
            "current_ratio": 113.52,
            "debt_ratio": 60.07,
            "inventory_turnover_ratio": 1.38,
            "account_receivable_turnover_ratio": 1.11,
            "reinvestment_rate": 842.15,
            "research_to_sale_ratio": 0.23,
            "price_fair": 25.2,
            "eps_avg_yearly": 0.72,
            "eps_latest_yearly": 1.08,
            "eps_growth_yearly": 86.13
        },
        "20161": {
            "year_quarter": 20161,
            "year": 2016,
            "quarter": 1,
            "eps": -0.07,
            "eps_growth_year": null,
            "eps_4q": 0.33,
            "eps_4q_growth_year": -28.74,
            "roe": -0.04,
            "roe_4q": 2.58,
            "gross_profit": 2449902,
            "gross_margin": 16.32,
            "gross_margin_4q_avg": 16.72,
            "net_income": -16081,
            "revenue": 15013392,
            "common_shares": 16603715,
            "book_valuer_per_share": 20.97,
            "book_valuer_per_share_4q_avg": 21.67,
            "equity": 44590648,
            "current_ratio": 109.4,
            "debt_ratio": 60.66,
            "inventory_turnover_ratio": 1.31,
            "account_receivable_turnover_ratio": 1.06,
            "reinvestment_rate": 917.56,
            "research_to_sale_ratio": 0.22,
            "price_fair": 26.8,
            "eps_avg_yearly": 0.77,
            "eps_latest_yearly": 1.08,
            "eps_growth_yearly": 60.34
        },
        "20162": {
            "year_quarter": 20162,
            "year": 2016,
            "quarter": 2,
            "eps": -0.07,
            "eps_growth_year": -141.18,
            "eps_4q": 0.09,
            "eps_4q_growth_year": -85.74,
            "roe": -0,
            "roe_4q": 1.6099999999999999,
            "gross_profit": 2658792,
            "gross_margin": 16.8,
            "gross_margin_4q_avg": 16.6,
            "net_income": -126,
            "revenue": 15830294,
            "common_shares": 16603715,
            "book_valuer_per_share": 20.36,
            "book_valuer_per_share_4q_avg": 21.17,
            "equity": 43182361,
            "current_ratio": 104.88,
            "debt_ratio": 62.06,
            "inventory_turnover_ratio": 1.45,
            "account_receivable_turnover_ratio": 1.14,
            "reinvestment_rate": 984.06,
            "research_to_sale_ratio": 0.22,
            "price_fair": 27.77,
            "eps_avg_yearly": 0.79,
            "eps_latest_yearly": 1.08,
            "eps_growth_yearly": 37.06
        },
        "20163": {
            "year_quarter": 20163,
            "year": 2016,
            "quarter": 3,
            "eps": 0.21,
            "eps_growth_year": -22.22,
            "eps_4q": 0.03,
            "eps_4q_growth_year": -94.74,
            "roe": 1.06,
            "roe_4q": 1.21,
            "gross_profit": 2489687,
            "gross_margin": 16,
            "gross_margin_4q_avg": 16.4,
            "net_income": 451453,
            "revenue": 15561990,
            "common_shares": 16603715,
            "book_valuer_per_share": 19.82,
            "book_valuer_per_share_4q_avg": 20.64,
            "equity": 42301619,
            "current_ratio": 92.42,
            "debt_ratio": 61.59,
            "inventory_turnover_ratio": 1.51,
            "account_receivable_turnover_ratio": 1.16,
            "reinvestment_rate": 952.96,
            "research_to_sale_ratio": 0.21,
            "price_fair": 2.23,
            "eps_avg_yearly": 0.74,
            "eps_latest_yearly": 1.08,
            "eps_growth_yearly": -14.2
        },
        "20164": {
            "year_quarter": 20164,
            "year": 2016,
            "quarter": 4,
            "eps": 0.01,
            "eps_growth_year": null,
            "eps_4q": 0.08,
            "eps_4q_growth_year": -74.87,
            "roe": 0.29,
            "roe_4q": 1.31,
            "gross_profit": 2929790,
            "gross_margin": 17.29,
            "gross_margin_4q_avg": 16.6,
            "net_income": 119861,
            "revenue": 16948476,
            "common_shares": 16603715,
            "book_valuer_per_share": 19.38,
            "book_valuer_per_share_4q_avg": 20.13,
            "equity": 41642129,
            "current_ratio": 131.04,
            "debt_ratio": 62.38,
            "inventory_turnover_ratio": 1.66,
            "account_receivable_turnover_ratio": 1.3,
            "reinvestment_rate": 845.72,
            "research_to_sale_ratio": 0.23,
            "price_fair": 1.92,
            "eps_avg_yearly": 0.64,
            "eps_latest_yearly": 0.04,
            "eps_growth_yearly": -53.46
        },
        "20171": {
            "year_quarter": 20171,
            "year": 2017,
            "quarter": 1,
            "eps": -0.03,
            "eps_growth_year": null,
            "eps_4q": 0.12,
            "eps_4q_growth_year": -63.36,
            "roe": 0.15,
            "roe_4q": 1.5,
            "gross_profit": 2753041,
            "gross_margin": 17.75,
            "gross_margin_4q_avg": 16.96,
            "net_income": 61620,
            "revenue": 15509586,
            "common_shares": 16603715,
            "book_valuer_per_share": 18.41,
            "book_valuer_per_share_4q_avg": 19.49,
            "equity": 40141265,
            "current_ratio": 82.38,
            "debt_ratio": 62.77,
            "inventory_turnover_ratio": 1.5,
            "account_receivable_turnover_ratio": 1.18,
            "reinvestment_rate": 776.18,
            "research_to_sale_ratio": 0.24,
            "price_fair": 2.19,
            "eps_avg_yearly": 0.73,
            "eps_latest_yearly": 0.04,
            "eps_growth_yearly": -16.83
        },
        "20172": {
            "year_quarter": 20172,
            "year": 2017,
            "quarter": 2,
            "eps": 0.3,
            "eps_growth_year": null,
            "eps_4q": 0.49,
            "eps_4q_growth_year": 436.46,
            "roe": 1.64,
            "roe_4q": 3.1399999999999997,
            "gross_profit": 3029663,
            "gross_margin": 19.14,
            "gross_margin_4q_avg": 17.55,
            "net_income": 663711,
            "revenue": 15830847,
            "common_shares": 16603715,
            "book_valuer_per_share": 18.73,
            "book_valuer_per_share_4q_avg": 19.09,
            "equity": 40977976,
            "current_ratio": 114.9,
            "debt_ratio": 64.02,
            "inventory_turnover_ratio": 1.47,
            "account_receivable_turnover_ratio": 1.19,
            "reinvestment_rate": 448.25,
            "research_to_sale_ratio": 0.31,
            "price_fair": 2.19,
            "eps_avg_yearly": 0.73,
            "eps_latest_yearly": 0.04,
            "eps_growth_yearly": -16.83
        },
        "20173": {
            "year_quarter": 20173,
            "year": 2017,
            "quarter": 3,
            "eps": 0.64,
            "eps_growth_year": 204.76,
            "eps_4q": 0.92,
            "eps_4q_growth_year": 2794.13,
            "roe": 2.93,
            "roe_4q": 5.010000000000001,
            "gross_profit": 3030107,
            "gross_margin": 17.35,
            "gross_margin_4q_avg": 17.88,
            "net_income": 1215664,
            "revenue": 17466125,
            "common_shares": 16603715,
            "book_valuer_per_share": 19.29,
            "book_valuer_per_share_4q_avg": 18.95,
            "equity": 42047146,
            "current_ratio": 99.25,
            "debt_ratio": 62.51,
            "inventory_turnover_ratio": 1.62,
            "account_receivable_turnover_ratio": 1.25,
            "reinvestment_rate": 226.54,
            "research_to_sale_ratio": 0.44,
            "price_fair": 38.36,
            "eps_avg_yearly": 1.1,
            "eps_latest_yearly": 2.56,
            "eps_growth_yearly": 77.2
        },
        "20174": {
            "year_quarter": 20174,
            "year": 2017,
            "quarter": 4,
            "eps": 0.05,
            "eps_growth_year": 844.41,
            "eps_4q": 0.97,
            "eps_4q_growth_year": 1173.83,
            "roe": 0.45,
            "roe_4q": 5.170000000000001,
            "gross_profit": 3195257,
            "gross_margin": 17.79,
            "gross_margin_4q_avg": 18.01,
            "net_income": 191128,
            "revenue": 17963350,
            "common_shares": 16603715,
            "book_valuer_per_share": 20.01,
            "book_valuer_per_share_4q_avg": 19.11,
            "equity": 43526320,
            "current_ratio": 126.98,
            "debt_ratio": 61.34,
            "inventory_turnover_ratio": 1.62,
            "account_receivable_turnover_ratio": 1.23,
            "reinvestment_rate": 215.36,
            "research_to_sale_ratio": 0.36,
            "price_fair": 2.95,
            "eps_avg_yearly": 0.98,
            "eps_latest_yearly": 0.2,
            "eps_growth_yearly": -25.12
        },
        "20181": {
            "year_quarter": 20181,
            "year": 2018,
            "quarter": 1,
            "eps": 0.07,
            "eps_growth_year": null,
            "eps_4q": 1.06,
            "eps_4q_growth_year": 776.23,
            "roe": 0.39,
            "roe_4q": 5.41,
            "gross_profit": 2456714,
            "gross_margin": 13.79,
            "gross_margin_4q_avg": 17.02,
            "net_income": 175478,
            "revenue": 17819492,
            "common_shares": 16603715,
            "book_valuer_per_share": 21.57,
            "book_valuer_per_share_4q_avg": 19.9,
            "equity": 46398459,
            "current_ratio": 118.25,
            "debt_ratio": 60.06,
            "inventory_turnover_ratio": 1.67,
            "account_receivable_turnover_ratio": 1.24,
            "reinvestment_rate": -337.69,
            "research_to_sale_ratio": 0.31,
            "price_fair": 13.64,
            "eps_avg_yearly": 0.87,
            "eps_latest_yearly": 0.28,
            "eps_growth_yearly": 5.73
        },
        "20182": {
            "year_quarter": 20182,
            "year": 2018,
            "quarter": 2,
            "eps": 0.26,
            "eps_growth_year": -13.33,
            "eps_4q": 1.02,
            "eps_4q_growth_year": 108.28,
            "roe": 1.25,
            "roe_4q": 5.0200000000000005,
            "gross_profit": 3103876,
            "gross_margin": 16.31,
            "gross_margin_4q_avg": 16.31,
            "net_income": 583975,
            "revenue": 19035841,
            "common_shares": 16603715,
            "book_valuer_per_share": 21.78,
            "book_valuer_per_share_4q_avg": 20.66,
            "equity": 47251872,
            "current_ratio": 119.38,
            "debt_ratio": 60.86,
            "inventory_turnover_ratio": 1.6,
            "account_receivable_turnover_ratio": 1.29,
            "reinvestment_rate": -282.4,
            "research_to_sale_ratio": 0.32,
            "price_fair": 31.2,
            "eps_avg_yearly": 0.89,
            "eps_latest_yearly": 1.04,
            "eps_growth_yearly": 160.02
        },
        "20183": {
            "year_quarter": 20183,
            "year": 2018,
            "quarter": 3,
            "eps": 0.48,
            "eps_growth_year": -25,
            "eps_4q": 0.86,
            "eps_4q_growth_year": -6.95,
            "roe": 2.06,
            "roe_4q": 4.15,
            "gross_profit": 3115687,
            "gross_margin": 15.59,
            "gross_margin_4q_avg": 15.87,
            "net_income": 977947,
            "revenue": 19989403,
            "common_shares": 16603715,
            "book_valuer_per_share": 22.11,
            "book_valuer_per_share_4q_avg": 21.37,
            "equity": 47919504,
            "current_ratio": 115.55,
            "debt_ratio": 59.91,
            "inventory_turnover_ratio": 1.53,
            "account_receivable_turnover_ratio": 1.29,
            "reinvestment_rate": -269.69,
            "research_to_sale_ratio": 0.35,
            "price_fair": 35.7,
            "eps_avg_yearly": 1.02,
            "eps_latest_yearly": 1.92,
            "eps_growth_yearly": 182.32
        },
        "20184": {
            "year_quarter": 20184,
            "year": 2018,
            "quarter": 4,
            "eps": 0.06,
            "eps_growth_year": 18.14,
            "eps_4q": 0.87,
            "eps_4q_growth_year": -10.36,
            "roe": 0.47,
            "roe_4q": 4.17,
            "gross_profit": 3008717,
            "gross_margin": 15.35,
            "gross_margin_4q_avg": 15.26,
            "net_income": 222364,
            "revenue": 19594947,
            "common_shares": 16603715,
            "book_valuer_per_share": 21.36,
            "book_valuer_per_share_4q_avg": 21.71,
            "equity": 46933033,
            "current_ratio": 135.51,
            "debt_ratio": 60.3,
            "inventory_turnover_ratio": 1.47,
            "account_receivable_turnover_ratio": 1.27,
            "reinvestment_rate": -336.17,
            "research_to_sale_ratio": 0.36,
            "price_fair": 32.2,
            "eps_avg_yearly": 0.92,
            "eps_latest_yearly": 0.24,
            "eps_growth_yearly": 146.64
        },
        "20191": {
            "year_quarter": 20191,
            "year": 2019,
            "quarter": 1,
            "eps": 0.07,
            "eps_growth_year": 0,
            "eps_4q": 0.87,
            "eps_4q_growth_year": -17.63,
            "roe": 0.47,
            "roe_4q": 4.25,
            "gross_profit": 2629624,
            "gross_margin": 15.14,
            "gross_margin_4q_avg": 15.6,
            "net_income": 228224,
            "revenue": 17366284,
            "common_shares": 16603715,
            "book_valuer_per_share": 22.75,
            "book_valuer_per_share_4q_avg": 22,
            "equity": 49473852,
            "current_ratio": 124.46,
            "debt_ratio": 58.74,
            "inventory_turnover_ratio": 1.35,
            "account_receivable_turnover_ratio": 1.16,
            "reinvestment_rate": -264.59,
            "research_to_sale_ratio": 0.42,
            "price_fair": 29.71,
            "eps_avg_yearly": 0.85,
            "eps_latest_yearly": 0.28,
            "eps_growth_yearly": 137.75
        },
        "20192": {
            "year_quarter": 20192,
            "year": 2019,
            "quarter": 2,
            "eps": 0.33,
            "eps_growth_year": 26.92,
            "eps_4q": 0.94,
            "eps_4q_growth_year": -8.59,
            "roe": 1.28,
            "roe_4q": 4.279999999999999,
            "gross_profit": 3372164,
            "gross_margin": 17.79,
            "gross_margin_4q_avg": 15.97,
            "net_income": 637194,
            "revenue": 18958738,
            "common_shares": 16603715,
            "book_valuer_per_share": 23.35,
            "book_valuer_per_share_4q_avg": 22.39,
            "equity": 50296323,
            "current_ratio": 115.82,
            "debt_ratio": 59.1,
            "inventory_turnover_ratio": 1.48,
            "account_receivable_turnover_ratio": 1.28,
            "reinvestment_rate": -237.7,
            "research_to_sale_ratio": 0.49,
            "price_fair": 31.36,
            "eps_avg_yearly": 0.9,
            "eps_latest_yearly": 1.32,
            "eps_growth_yearly": 272.55
        },
        "20193": {
            "year_quarter": 20193,
            "year": 2019,
            "quarter": 3,
            "eps": 0.71,
            "eps_growth_year": 47.92,
            "eps_4q": 1.17,
            "eps_4q_growth_year": 36.12,
            "roe": 2.57,
            "roe_4q": 4.789999999999999,
            "gross_profit": 3100450,
            "gross_margin": 16.24,
            "gross_margin_4q_avg": 16.13,
            "net_income": 1290403,
            "revenue": 19095807,
            "common_shares": 16603715,
            "book_valuer_per_share": 23.15,
            "book_valuer_per_share_4q_avg": 22.65,
            "equity": 49950445,
            "current_ratio": 115.66,
            "debt_ratio": 58.8,
            "inventory_turnover_ratio": 1.57,
            "account_receivable_turnover_ratio": 1.26,
            "reinvestment_rate": -203.29,
            "research_to_sale_ratio": 0.52,
            "price_fair": 37.52,
            "eps_avg_yearly": 1.07,
            "eps_latest_yearly": 2.84,
            "eps_growth_yearly": 295.08
        },
        "20194": {
            "year_quarter": 20194,
            "year": 2019,
            "quarter": 4,
            "eps": 0.27,
            "eps_growth_year": 347.89,
            "eps_4q": 1.38,
            "eps_4q_growth_year": 58.73,
            "roe": 1,
            "roe_4q": 5.319999999999999,
            "gross_profit": 3459601,
            "gross_margin": 17.89,
            "gross_margin_4q_avg": 16.77,
            "net_income": 503802,
            "revenue": 19339658,
            "common_shares": 16603715,
            "book_valuer_per_share": 23.64,
            "book_valuer_per_share_4q_avg": 23.22,
            "equity": 50783534,
            "current_ratio": 128.11,
            "debt_ratio": 58.06,
            "inventory_turnover_ratio": 1.62,
            "account_receivable_turnover_ratio": 1.3,
            "reinvestment_rate": -220.03,
            "research_to_sale_ratio": 0.45,
            "price_fair": 37.55,
            "eps_avg_yearly": 1.07,
            "eps_latest_yearly": 1.08,
            "eps_growth_yearly": 245.72
        },
        "20201": {
            "year_quarter": 20201,
            "year": 2020,
            "quarter": 1,
            "eps": 0.38,
            "eps_growth_year": 442.86,
            "eps_4q": 1.69,
            "eps_4q_growth_year": 92.94,
            "roe": 1.44,
            "roe_4q": 6.29,
            "gross_profit": 3194380,
            "gross_margin": 19.73,
            "gross_margin_4q_avg": 17.91,
            "net_income": 706629,
            "revenue": 16192124,
            "common_shares": 16603715,
            "book_valuer_per_share": 21.79,
            "book_valuer_per_share_4q_avg": 22.98,
            "equity": 47593674,
            "current_ratio": 118.75,
            "debt_ratio": 59.11,
            "inventory_turnover_ratio": 1.33,
            "account_receivable_turnover_ratio": 1.15,
            "reinvestment_rate": -200.88,
            "research_to_sale_ratio": 0.47,
            "price_fair": 38.85,
            "eps_avg_yearly": 1.11,
            "eps_latest_yearly": 1.52,
            "eps_growth_yearly": 238.82
        },
        "20202": {
            "year_quarter": 20202,
            "year": 2020,
            "quarter": 2,
            "eps": 0.77,
            "eps_growth_year": 133.33,
            "eps_4q": 2.12,
            "eps_4q_growth_year": 127.09,
            "roe": 3.16,
            "roe_4q": 8.17,
            "gross_profit": 3285238,
            "gross_margin": 18.94,
            "gross_margin_4q_avg": 18.2,
            "net_income": 1536712,
            "revenue": 17345536,
            "common_shares": 16603715,
            "book_valuer_per_share": 23.17,
            "book_valuer_per_share_4q_avg": 22.94,
            "equity": 49818770,
            "current_ratio": 122.86,
            "debt_ratio": 58.24,
            "inventory_turnover_ratio": 1.43,
            "account_receivable_turnover_ratio": 1.31,
            "reinvestment_rate": -174.87,
            "research_to_sale_ratio": 0.4,
            "price_fair": 44.15,
            "eps_avg_yearly": 1.26,
            "eps_latest_yearly": 3.08,
            "eps_growth_yearly": 252.03
        },
        "20203": {
            "year_quarter": 20203,
            "year": 2020,
            "quarter": 3,
            "eps": 1.33,
            "eps_growth_year": 87.32,
            "eps_4q": 2.75,
            "eps_4q_growth_year": 135.31,
            "roe": 5.07,
            "roe_4q": 10.67,
            "gross_profit": 3829775,
            "gross_margin": 20.38,
            "gross_margin_4q_avg": 19.24,
            "net_income": 2639479,
            "revenue": 18788748,
            "common_shares": 16603715,
            "book_valuer_per_share": 25.14,
            "book_valuer_per_share_4q_avg": 23.44,
            "equity": 54266279,
            "current_ratio": 119.17,
            "debt_ratio": 55,
            "inventory_turnover_ratio": 1.54,
            "account_receivable_turnover_ratio": 1.38,
            "reinvestment_rate": -131.63,
            "research_to_sale_ratio": 0.48,
            "price_fair": 54.3,
            "eps_avg_yearly": 1.55,
            "eps_latest_yearly": 5.32,
            "eps_growth_yearly": 254.81
        },
        "20204": {
            "year_quarter": 20204,
            "year": 2020,
            "quarter": 4,
            "eps": 0.66,
            "eps_growth_year": 144.75,
            "eps_4q": 3.14,
            "eps_4q_growth_year": 127.89,
            "roe": 3.06,
            "roe_4q": 12.73,
            "gross_profit": 4672016,
            "gross_margin": 22.35,
            "gross_margin_4q_avg": 20.35,
            "net_income": 1721083,
            "revenue": 20908138,
            "common_shares": 16603715,
            "book_valuer_per_share": 27.09,
            "book_valuer_per_share_4q_avg": 24.3,
            "equity": 58287999,
            "current_ratio": 137.66,
            "debt_ratio": 52.91,
            "inventory_turnover_ratio": 1.74,
            "account_receivable_turnover_ratio": 1.41,
            "reinvestment_rate": -96.26,
            "research_to_sale_ratio": 0.95,
            "price_fair": 60.8,
            "eps_avg_yearly": 1.74,
            "eps_latest_yearly": 2.64,
            "eps_growth_yearly": 267.63
        },
        "20211": {
            "year_quarter": 20211,
            "year": 2021,
            "quarter": 1,
            "eps": 0.94,
            "eps_growth_year": 147.37,
            "eps_4q": 3.69,
            "eps_4q_growth_year": 119.02,
            "roe": 3.93,
            "roe_4q": 15.22,
            "gross_profit": 5313883,
            "gross_margin": 24.93,
            "gross_margin_4q_avg": 21.65,
            "net_income": 2319010,
            "revenue": 21314265,
            "common_shares": 16603715,
            "book_valuer_per_share": 27.37,
            "book_valuer_per_share_4q_avg": 25.69,
            "equity": 59584957,
            "current_ratio": 120.12,
            "debt_ratio": 53.31,
            "inventory_turnover_ratio": 1.71,
            "account_receivable_turnover_ratio": 1.37,
            "reinvestment_rate": -84.08,
            "research_to_sale_ratio": 0.77,
            "price_fair": 65.52,
            "eps_avg_yearly": 1.87,
            "eps_latest_yearly": 3.76,
            "eps_growth_yearly": 261.1
        },
        "20212": {
            "year_quarter": 20212,
            "year": 2021,
            "quarter": 2,
            "eps": 1.02,
            "eps_growth_year": 32.47,
            "eps_4q": 3.95,
            "eps_4q_growth_year": 86.02,
            "roe": 4.49,
            "roe_4q": 16.55,
            "gross_profit": 5745761,
            "gross_margin": 25.48,
            "gross_margin_4q_avg": 23.29,
            "net_income": 2710246,
            "revenue": 22550442,
            "common_shares": 16603715,
            "book_valuer_per_share": 28.29,
            "book_valuer_per_share_4q_avg": 26.97,
            "equity": 61235140,
            "current_ratio": 123.14,
            "debt_ratio": 53.43,
            "inventory_turnover_ratio": 1.68,
            "account_receivable_turnover_ratio": 1.37,
            "reinvestment_rate": -76.69,
            "research_to_sale_ratio": 0.82,
            "price_fair": 70.35,
            "eps_avg_yearly": 2.01,
            "eps_latest_yearly": 4.08,
            "eps_growth_yearly": 246.91
        },
        "20213": {
            "year_quarter": 20213,
            "year": 2021,
            "quarter": 3,
            "eps": 0.78,
            "eps_growth_year": -41.35,
            "eps_4q": 3.4,
            "eps_4q_growth_year": 23.75,
            "roe": 3.1,
            "roe_4q": 14.58,
            "gross_profit": 3809713,
            "gross_margin": 19.25,
            "gross_margin_4q_avg": 23,
            "net_income": 1921522,
            "revenue": 19786406,
            "common_shares": 16603715,
            "book_valuer_per_share": 29.15,
            "book_valuer_per_share_4q_avg": 27.98,
            "equity": 62823582,
            "current_ratio": 122.44,
            "debt_ratio": 52.56,
            "inventory_turnover_ratio": 1.47,
            "account_receivable_turnover_ratio": 1.19,
            "reinvestment_rate": -70.89,
            "research_to_sale_ratio": 0.68,
            "price_fair": 71.58,
            "eps_avg_yearly": 2.05,
            "eps_latest_yearly": 3.12,
            "eps_growth_yearly": 212.69
        },
        "20214": {
            "year_quarter": 20214,
            "year": 2021,
            "quarter": 4,
            "eps": 0.39,
            "eps_growth_year": -40.54,
            "eps_4q": 3.13,
            "eps_4q_growth_year": -0.09,
            "roe": 1.26,
            "roe_4q": 12.780000000000001,
            "gross_profit": 3284231,
            "gross_margin": 15.17,
            "gross_margin_4q_avg": 21.21,
            "net_income": 811773,
            "revenue": 21647744,
            "common_shares": 16603715,
            "book_valuer_per_share": 30.84,
            "book_valuer_per_share_4q_avg": 28.91,
            "equity": 65806132,
            "current_ratio": 143.29,
            "debt_ratio": 51.77,
            "inventory_turnover_ratio": 1.6,
            "account_receivable_turnover_ratio": 1.28,
            "reinvestment_rate": -73.59,
            "research_to_sale_ratio": 0.58,
            "price_fair": 74.55,
            "eps_avg_yearly": 2.13,
            "eps_latest_yearly": 1.56,
            "eps_growth_yearly": 223.24
        },
        "20221": {
            "year_quarter": 20221,
            "year": 2022,
            "quarter": 1,
            "eps": 0.15,
            "eps_growth_year": -84.04,
            "eps_4q": 2.34,
            "eps_4q_growth_year": -36.55,
            "roe": 0.6,
            "roe_4q": 9.45,
            "gross_profit": 2940879,
            "gross_margin": 14.84,
            "gross_margin_4q_avg": 18.69,
            "net_income": 402845,
            "revenue": 19815678,
            "common_shares": 16603715,
            "book_valuer_per_share": 32.31,
            "book_valuer_per_share_4q_avg": 30.15,
            "equity": 67692033,
            "current_ratio": 123.68,
            "debt_ratio": 52.01,
            "inventory_turnover_ratio": 1.48,
            "account_receivable_turnover_ratio": 1.17,
            "reinvestment_rate": 0.17,
            "research_to_sale_ratio": 0.77,
            "price_fair": 75.25,
            "eps_avg_yearly": 2.15,
            "eps_latest_yearly": 0.6,
            "eps_growth_yearly": 197.85
        },
        "20222": {
            "year_quarter": 20222,
            "year": 2022,
            "quarter": 2,
            "eps": 0.31,
            "eps_growth_year": -69.61,
            "eps_4q": 1.63,
            "eps_4q_growth_year": -58.64,
            "roe": 1.02,
            "roe_4q": 5.98,
            "gross_profit": 3060273,
            "gross_margin": 15.25,
            "gross_margin_4q_avg": 16.13,
            "net_income": 685376,
            "revenue": 20066087,
            "common_shares": 16603715,
            "book_valuer_per_share": 31.6,
            "book_valuer_per_share_4q_avg": 30.98,
            "equity": 66234772,
            "current_ratio": 126.93,
            "debt_ratio": 52.34,
            "inventory_turnover_ratio": 1.5,
            "account_receivable_turnover_ratio": 1.26,
            "reinvestment_rate": 0.99,
            "research_to_sale_ratio": 0.74,
            "price_fair": 75.69,
            "eps_avg_yearly": 2.16,
            "eps_latest_yearly": 1.24,
            "eps_growth_yearly": 156.66
        },
        "20223": {
            "year_quarter": 20223,
            "year": 2022,
            "quarter": 3,
            "eps": 0.88,
            "eps_growth_year": 12.82,
            "eps_4q": 1.73,
            "eps_4q_growth_year": -49.09,
            "roe": 2.5,
            "roe_4q": 5.38,
            "gross_profit": 2720195,
            "gross_margin": 13.33,
            "gross_margin_4q_avg": 14.65,
            "net_income": 1713616,
            "revenue": 20404517,
            "common_shares": 16603715,
            "book_valuer_per_share": 33.57,
            "book_valuer_per_share_4q_avg": 32.08,
            "equity": 70595863,
            "current_ratio": 143.52,
            "debt_ratio": 49.81,
            "inventory_turnover_ratio": 1.52,
            "account_receivable_turnover_ratio": 1.3,
            "reinvestment_rate": 6.06,
            "research_to_sale_ratio": 0.78,
            "price_fair": 79.19,
            "eps_avg_yearly": 2.26,
            "eps_latest_yearly": 3.52,
            "eps_growth_yearly": 181.48
        },
        "20224": {
            "year_quarter": 20224,
            "year": 2022,
            "quarter": 4,
            "eps": -0.03,
            "eps_growth_year": -108.63,
            "eps_4q": 1.31,
            "eps_4q_growth_year": -58.31,
            "roe": 0.06,
            "roe_4q": 4.18,
            "gross_profit": 2394208,
            "gross_margin": 12.37,
            "gross_margin_4q_avg": 13.95,
            "net_income": 44741,
            "revenue": 19349596,
            "common_shares": 16603715,
            "book_valuer_per_share": 32.91,
            "book_valuer_per_share_4q_avg": 32.6,
            "equity": 69593393,
            "current_ratio": 187.8,
            "debt_ratio": 50.1,
            "inventory_turnover_ratio": 1.43,
            "account_receivable_turnover_ratio": 1.25,
            "reinvestment_rate": 9.08,
            "research_to_sale_ratio": 0.49,
            "price_fair": 83.91,
            "eps_avg_yearly": 2.4,
            "eps_latest_yearly": 3.52,
            "eps_growth_yearly": 216.91
        },
        "20231": {
            "year_quarter": 20231,
            "year": 2023,
            "quarter": 1,
            "eps": 0,
            "eps_growth_year": -100,
            "eps_4q": 1.16,
            "eps_4q_growth_year": -50.45,
            "roe": -0.01,
            "roe_4q": 3.57,
            "gross_profit": 2145775,
            "gross_margin": 12.24,
            "gross_margin_4q_avg": 13.3,
            "net_income": -7899,
            "revenue": 17531400,
            "common_shares": 16603715,
            "book_valuer_per_share": 31.89,
            "book_valuer_per_share_4q_avg": 32.49,
            "equity": 68450333,
            "current_ratio": 108.53,
            "debt_ratio": 51.05,
            "inventory_turnover_ratio": 1.28,
            "account_receivable_turnover_ratio": 1.2,
            "reinvestment_rate": -0.74,
            "research_to_sale_ratio": 0.73,
            "price_fair": 89.2,
            "eps_avg_yearly": 2.55,
            "eps_latest_yearly": 3.52,
            "eps_growth_yearly": 227.64
        }
    },
    "months": {
        "2001-06": {
            "month": "2001-06",
            "price": "8.78",
            "revenue": 1537609
        },
        "2001-07": {
            "month": "2001-07",
            "price": "8.45",
            "revenue": 1562916
        },
        "2001-08": {
            "month": "2001-08",
            "price": "9.16",
            "revenue": 1594749
        },
        "2001-09": {
            "month": "2001-09",
            "price": "7.70",
            "revenue": 1432978
        },
        "2001-10": {
            "month": "2001-10",
            "price": "7.04",
            "revenue": 1647241
        },
        "2001-11": {
            "month": "2001-11",
            "price": "7.37",
            "revenue": 1621667
        },
        "2001-12": {
            "month": "2001-12",
            "price": "7.58",
            "revenue": 1647992
        },
        "2002-01": {
            "month": "2002-01",
            "price": "7.96",
            "revenue": 1656057
        },
        "2002-02": {
            "month": "2002-02",
            "price": "8.04",
            "revenue": 1228556
        },
        "2002-03": {
            "month": "2002-03",
            "price": "8.83",
            "revenue": 1625944
        },
        "2002-04": {
            "month": "2002-04",
            "price": "9.09",
            "revenue": 1609520
        },
        "2002-05": {
            "month": "2002-05",
            "price": "9.20",
            "revenue": 1740837
        },
        "2002-06": {
            "month": "2002-06",
            "price": "10.40",
            "revenue": 1749415
        },
        "2002-07": {
            "month": "2002-07",
            "price": "10.29",
            "revenue": 1759431
        },
        "2002-08": {
            "month": "2002-08",
            "price": "9.90",
            "revenue": 1744585
        },
        "2002-09": {
            "month": "2002-09",
            "price": "8.29",
            "revenue": 1587124
        },
        "2002-10": {
            "month": "2002-10",
            "price": "8.23",
            "revenue": 1717957
        },
        "2002-11": {
            "month": "2002-11",
            "price": "8.60",
            "revenue": 1678696
        },
        "2002-12": {
            "month": "2002-12",
            "price": "9.18",
            "revenue": 1865846
        },
        "2003-01": {
            "month": "2003-01",
            "price": "12.91",
            "revenue": 1781292
        },
        "2003-02": {
            "month": "2003-02",
            "price": "13.90",
            "revenue": 1680036
        },
        "2003-03": {
            "month": "2003-03",
            "price": "12.06",
            "revenue": 1972301
        },
        "2003-04": {
            "month": "2003-04",
            "price": "11.78",
            "revenue": 1888940
        },
        "2003-05": {
            "month": "2003-05",
            "price": "11.04",
            "revenue": 1800524
        },
        "2003-06": {
            "month": "2003-06",
            "price": "11.52",
            "revenue": 2036366
        },
        "2003-07": {
            "month": "2003-07",
            "price": "11.77",
            "revenue": 1851225
        },
        "2003-08": {
            "month": "2003-08",
            "price": "13.02",
            "revenue": 1822551
        },
        "2003-09": {
            "month": "2003-09",
            "price": "13.26",
            "revenue": 2029313
        },
        "2003-10": {
            "month": "2003-10",
            "price": "14.13",
            "revenue": 1936752
        },
        "2003-11": {
            "month": "2003-11",
            "price": "14.61",
            "revenue": 1874369
        },
        "2003-12": {
            "month": "2003-12",
            "price": "14.22",
            "revenue": 2144997
        },
        "2004-01": {
            "month": "2004-01",
            "price": "15.34",
            "revenue": 1650815
        },
        "2004-02": {
            "month": "2004-02",
            "price": "17.56",
            "revenue": 1858117
        },
        "2004-03": {
            "month": "2004-03",
            "price": "18.83",
            "revenue": 2175492
        },
        "2004-04": {
            "month": "2004-04",
            "price": "19.93",
            "revenue": 2168825
        },
        "2004-05": {
            "month": "2004-05",
            "price": "17.75",
            "revenue": 2258339
        },
        "2004-06": {
            "month": "2004-06",
            "price": "17.74",
            "revenue": 2090792
        },
        "2004-07": {
            "month": "2004-07",
            "price": "16.59",
            "revenue": 2113774
        },
        "2004-08": {
            "month": "2004-08",
            "price": "14.98",
            "revenue": 2013292
        },
        "2004-09": {
            "month": "2004-09",
            "price": "16.83",
            "revenue": 2080936
        },
        "2004-10": {
            "month": "2004-10",
            "price": "16.70",
            "revenue": 2138875
        },
        "2004-11": {
            "month": "2004-11",
            "price": "15.74",
            "revenue": 2307811
        },
        "2004-12": {
            "month": "2004-12",
            "price": "16.63",
            "revenue": 2423428
        },
        "2005-01": {
            "month": "2005-01",
            "price": "16.47",
            "revenue": 2262692
        },
        "2005-02": {
            "month": "2005-02",
            "price": "16.43",
            "revenue": 1736022
        },
        "2005-03": {
            "month": "2005-03",
            "price": "15.83",
            "revenue": 2277846
        },
        "2005-04": {
            "month": "2005-04",
            "price": "13.90",
            "revenue": 2137637
        },
        "2005-05": {
            "month": "2005-05",
            "price": "13.00",
            "revenue": 2198569
        },
        "2005-06": {
            "month": "2005-06",
            "price": "12.69",
            "revenue": 2211120
        },
        "2005-07": {
            "month": "2005-07",
            "price": "12.21",
            "revenue": 2129483
        },
        "2005-08": {
            "month": "2005-08",
            "price": "11.71",
            "revenue": 2193824
        },
        "2005-09": {
            "month": "2005-09",
            "price": "11.70",
            "revenue": 1542558
        },
        "2005-10": {
            "month": "2005-10",
            "price": "10.98",
            "revenue": 1519910
        },
        "2005-11": {
            "month": "2005-11",
            "price": "10.42",
            "revenue": 1667062
        },
        "2005-12": {
            "month": "2005-12",
            "price": "11.60",
            "revenue": 1895784
        },
        "2006-01": {
            "month": "2006-01",
            "price": "11.51",
            "revenue": 1407813
        },
        "2006-02": {
            "month": "2006-02",
            "price": "11.32",
            "revenue": 1299470
        },
        "2006-03": {
            "month": "2006-03",
            "price": "11.63",
            "revenue": 1581403
        },
        "2006-04": {
            "month": "2006-04",
            "price": "13.55",
            "revenue": 1508221
        },
        "2006-05": {
            "month": "2006-05",
            "price": "14.08",
            "revenue": 1489746
        },
        "2006-06": {
            "month": "2006-06",
            "price": "12.39",
            "revenue": 1583615
        },
        "2006-07": {
            "month": "2006-07",
            "price": "12.31",
            "revenue": 1610572
        },
        "2006-08": {
            "month": "2006-08",
            "price": "12.02",
            "revenue": 1691711
        },
        "2006-09": {
            "month": "2006-09",
            "price": "11.54",
            "revenue": 1608206
        },
        "2006-10": {
            "month": "2006-10",
            "price": "12.92",
            "revenue": 1595338
        },
        "2006-11": {
            "month": "2006-11",
            "price": "13.04",
            "revenue": 1682566
        },
        "2006-12": {
            "month": "2006-12",
            "price": "13.89",
            "revenue": 1629672
        },
        "2007-01": {
            "month": "2007-01",
            "price": "13.42",
            "revenue": 1848915
        },
        "2007-02": {
            "month": "2007-02",
            "price": "13.20",
            "revenue": 1211847
        },
        "2007-03": {
            "month": "2007-03",
            "price": "12.58",
            "revenue": 1857119
        },
        "2007-04": {
            "month": "2007-04",
            "price": "13.76",
            "revenue": 1629349
        },
        "2007-05": {
            "month": "2007-05",
            "price": "13.50",
            "revenue": 1725673
        },
        "2007-06": {
            "month": "2007-06",
            "price": "13.77",
            "revenue": 1706201
        },
        "2007-07": {
            "month": "2007-07",
            "price": "15.93",
            "revenue": 1739735
        },
        "2007-08": {
            "month": "2007-08",
            "price": "14.01",
            "revenue": 1752655
        },
        "2007-09": {
            "month": "2007-09",
            "price": "14.28",
            "revenue": 1674043
        },
        "2007-10": {
            "month": "2007-10",
            "price": "15.52",
            "revenue": 1519097
        },
        "2007-11": {
            "month": "2007-11",
            "price": "13.17",
            "revenue": 1452706
        },
        "2007-12": {
            "month": "2007-12",
            "price": "12.06",
            "revenue": 1610555
        },
        "2008-01": {
            "month": "2008-01",
            "price": "12.15",
            "revenue": 1480848
        },
        "2008-02": {
            "month": "2008-02",
            "price": "12.39",
            "revenue": 1393915
        },
        "2008-03": {
            "month": "2008-03",
            "price": "13.32",
            "revenue": 1773460
        },
        "2008-04": {
            "month": "2008-04",
            "price": "14.60",
            "revenue": 1635731
        },
        "2008-05": {
            "month": "2008-05",
            "price": "15.29",
            "revenue": 1800098
        },
        "2008-06": {
            "month": "2008-06",
            "price": "13.08",
            "revenue": 1591450
        },
        "2008-07": {
            "month": "2008-07",
            "price": "12.11",
            "revenue": 1278337
        },
        "2008-08": {
            "month": "2008-08",
            "price": "10.99",
            "revenue": 1137811
        },
        "2008-09": {
            "month": "2008-09",
            "price": "9.36",
            "revenue": 1207645
        },
        "2008-10": {
            "month": "2008-10",
            "price": "7.66",
            "revenue": 1204678
        },
        "2008-11": {
            "month": "2008-11",
            "price": "7.00",
            "revenue": 1099581
        },
        "2008-12": {
            "month": "2008-12",
            "price": "6.95",
            "revenue": 1053842
        },
        "2009-01": {
            "month": "2009-01",
            "price": "6.83",
            "revenue": 778775
        },
        "2009-02": {
            "month": "2009-02",
            "price": "6.65",
            "revenue": 977127
        },
        "2009-03": {
            "month": "2009-03",
            "price": "7.42",
            "revenue": 1268414
        },
        "2009-04": {
            "month": "2009-04",
            "price": "10.57",
            "revenue": 1339789
        },
        "2009-05": {
            "month": "2009-05",
            "price": "11.38",
            "revenue": 1282612
        },
        "2009-06": {
            "month": "2009-06",
            "price": "10.37",
            "revenue": 1358268
        },
        "2009-07": {
            "month": "2009-07",
            "price": "10.43",
            "revenue": 1271282
        },
        "2009-08": {
            "month": "2009-08",
            "price": "10.44",
            "revenue": 1382664
        },
        "2009-09": {
            "month": "2009-09",
            "price": "10.89",
            "revenue": 1393177
        },
        "2009-10": {
            "month": "2009-10",
            "price": "11.72",
            "revenue": 1377786
        },
        "2009-11": {
            "month": "2009-11",
            "price": "13.00",
            "revenue": 1455866
        },
        "2009-12": {
            "month": "2009-12",
            "price": "13.73",
            "revenue": 1586324
        },
        "2010-01": {
            "month": "2010-01",
            "price": "13.44",
            "revenue": 1502149
        },
        "2010-02": {
            "month": "2010-02",
            "price": "11.78",
            "revenue": 1056685
        },
        "2010-03": {
            "month": "2010-03",
            "price": "12.71",
            "revenue": 1750941
        },
        "2010-04": {
            "month": "2010-04",
            "price": "13.12",
            "revenue": 1640970
        },
        "2010-05": {
            "month": "2010-05",
            "price": "11.87",
            "revenue": 1526034
        },
        "2010-06": {
            "month": "2010-06",
            "price": "11.79",
            "revenue": 1378366
        },
        "2010-07": {
            "month": "2010-07",
            "price": "12.38",
            "revenue": 1458899
        },
        "2010-08": {
            "month": "2010-08",
            "price": "13.04",
            "revenue": 1475564
        },
        "2010-09": {
            "month": "2010-09",
            "price": "13.80",
            "revenue": 1550459
        },
        "2010-10": {
            "month": "2010-10",
            "price": "15.30",
            "revenue": 1566642
        },
        "2010-11": {
            "month": "2010-11",
            "price": "14.42",
            "revenue": 1578812
        },
        "2010-12": {
            "month": "2010-12",
            "price": "14.44",
            "revenue": 1584290
        },
        "2011-01": {
            "month": "2011-01",
            "price": "14.24",
            "revenue": 1545631
        },
        "2011-02": {
            "month": "2011-02",
            "price": "13.16",
            "revenue": 1287050
        },
        "2011-03": {
            "month": "2011-03",
            "price": "12.54",
            "revenue": 1687375
        },
        "2011-04": {
            "month": "2011-04",
            "price": "13.11",
            "revenue": 1532374
        },
        "2011-05": {
            "month": "2011-05",
            "price": "13.63",
            "revenue": 1554746
        },
        "2011-06": {
            "month": "2011-06",
            "price": "13.27",
            "revenue": 1518894
        },
        "2011-07": {
            "month": "2011-07",
            "price": "13.68",
            "revenue": 1476449
        },
        "2011-08": {
            "month": "2011-08",
            "price": "12.33",
            "revenue": 4547345
        },
        "2011-09": {
            "month": "2011-09",
            "price": "12.07",
            "revenue": 4562374
        },
        "2011-10": {
            "month": "2011-10",
            "price": "11.85",
            "revenue": 4482054
        },
        "2011-11": {
            "month": "2011-11",
            "price": "12.53",
            "revenue": 4596338
        },
        "2011-12": {
            "month": "2011-12",
            "price": "12.06",
            "revenue": 4683565
        },
        "2012-01": {
            "month": "2012-01",
            "price": "12.15",
            "revenue": 3836592
        },
        "2012-02": {
            "month": "2012-02",
            "price": "13.36",
            "revenue": 4264299
        },
        "2012-03": {
            "month": "2012-03",
            "price": "13.88",
            "revenue": 4821648
        },
        "2012-04": {
            "month": "2012-04",
            "price": "13.16",
            "revenue": 4724314
        },
        "2012-05": {
            "month": "2012-05",
            "price": "12.69",
            "revenue": 4635094
        },
        "2012-06": {
            "month": "2012-06",
            "price": "12.12",
            "revenue": 4374990
        },
        "2012-07": {
            "month": "2012-07",
            "price": "12.19",
            "revenue": 4465487
        },
        "2012-08": {
            "month": "2012-08",
            "price": "11.99",
            "revenue": 4458416
        },
        "2012-09": {
            "month": "2012-09",
            "price": "12.12",
            "revenue": 4252297
        },
        "2012-10": {
            "month": "2012-10",
            "price": "12.22",
            "revenue": 4648596
        },
        "2012-11": {
            "month": "2012-11",
            "price": "12.21",
            "revenue": 4755255
        },
        "2012-12": {
            "month": "2012-12",
            "price": "13.23",
            "revenue": 4701367
        },
        "2013-01": {
            "month": "2013-01",
            "price": "14.08",
            "revenue": 4983561
        },
        "2013-02": {
            "month": "2013-02",
            "price": "14.61",
            "revenue": 3754159
        },
        "2013-03": {
            "month": "2013-03",
            "price": "15.05",
            "revenue": 4909647
        },
        "2013-04": {
            "month": "2013-04",
            "price": "14.42",
            "revenue": 4780041
        },
        "2013-05": {
            "month": "2013-05",
            "price": "14.36",
            "revenue": 4694149
        },
        "2013-06": {
            "month": "2013-06",
            "price": "13.93",
            "revenue": 4557684
        },
        "2013-07": {
            "month": "2013-07",
            "price": "14.19",
            "revenue": 4993482
        },
        "2013-08": {
            "month": "2013-08",
            "price": "14.41",
            "revenue": 4718469
        },
        "2013-09": {
            "month": "2013-09",
            "price": "14.72",
            "revenue": 4722789
        },
        "2013-10": {
            "month": "2013-10",
            "price": "15.54",
            "revenue": 4951197
        },
        "2013-11": {
            "month": "2013-11",
            "price": "14.86",
            "revenue": 4849806
        },
        "2013-12": {
            "month": "2013-12",
            "price": "14.89",
            "revenue": 4861267
        },
        "2014-01": {
            "month": "2014-01",
            "price": "14.83",
            "revenue": 4956248
        },
        "2014-02": {
            "month": "2014-02",
            "price": "14.65",
            "revenue": 4116162
        },
        "2014-03": {
            "month": "2014-03",
            "price": "14.10",
            "revenue": 5003994
        },
        "2014-04": {
            "month": "2014-04",
            "price": "13.77",
            "revenue": 4968356
        },
        "2014-05": {
            "month": "2014-05",
            "price": "13.95",
            "revenue": 5021714
        },
        "2014-06": {
            "month": "2014-06",
            "price": "14.32",
            "revenue": 4957465
        },
        "2014-07": {
            "month": "2014-07",
            "price": "14.15",
            "revenue": 5054942
        },
        "2014-08": {
            "month": "2014-08",
            "price": "13.75",
            "revenue": 5131197
        },
        "2014-09": {
            "month": "2014-09",
            "price": "13.50",
            "revenue": 5215177
        },
        "2014-10": {
            "month": "2014-10",
            "price": "12.62",
            "revenue": 5424132
        },
        "2014-11": {
            "month": "2014-11",
            "price": "12.70",
            "revenue": 5307378
        },
        "2014-12": {
            "month": "2014-12",
            "price": "13.18",
            "revenue": 5739633
        },
        "2015-01": {
            "month": "2015-01",
            "price": "13.23",
            "revenue": 5607681
        },
        "2015-02": {
            "month": "2015-02",
            "price": "12.88",
            "revenue": 3903398
        },
        "2015-03": {
            "month": "2015-03",
            "price": "12.66",
            "revenue": 5451111
        },
        "2015-04": {
            "month": "2015-04",
            "price": "12.68",
            "revenue": 5424864
        },
        "2015-05": {
            "month": "2015-05",
            "price": "12.52",
            "revenue": 5305113
        },
        "2015-06": {
            "month": "2015-06",
            "price": "11.59",
            "revenue": 5239787
        },
        "2015-07": {
            "month": "2015-07",
            "price": "10.76",
            "revenue": 5432991
        },
        "2015-08": {
            "month": "2015-08",
            "price": "9.79",
            "revenue": 5320856
        },
        "2015-09": {
            "month": "2015-09",
            "price": "10.28",
            "revenue": 5480047
        },
        "2015-10": {
            "month": "2015-10",
            "price": "10.91",
            "revenue": 5445941
        },
        "2015-11": {
            "month": "2015-11",
            "price": "10.82",
            "revenue": 5500346
        },
        "2015-12": {
            "month": "2015-12",
            "price": "10.68",
            "revenue": 5470826
        },
        "2016-01": {
            "month": "2016-01",
            "price": "10.04",
            "revenue": 5550635
        },
        "2016-02": {
            "month": "2016-02",
            "price": "10.14",
            "revenue": 3907149
        },
        "2016-03": {
            "month": "2016-03",
            "price": "10.60",
            "revenue": 5555608
        },
        "2016-04": {
            "month": "2016-04",
            "price": "10.25",
            "revenue": 5252445
        },
        "2016-05": {
            "month": "2016-05",
            "price": "9.80",
            "revenue": 5352303
        },
        "2016-06": {
            "month": "2016-06",
            "price": "9.76",
            "revenue": 5225546
        },
        "2016-07": {
            "month": "2016-07",
            "price": "9.62",
            "revenue": 5177922
        },
        "2016-08": {
            "month": "2016-08",
            "price": "9.33",
            "revenue": 5323523
        },
        "2016-09": {
            "month": "2016-09",
            "price": "9.09",
            "revenue": 5060545
        },
        "2016-10": {
            "month": "2016-10",
            "price": "9.37",
            "revenue": 4991802
        },
        "2016-11": {
            "month": "2016-11",
            "price": "9.23",
            "revenue": 5777368
        },
        "2016-12": {
            "month": "2016-12",
            "price": "9.56",
            "revenue": 6179511
        },
        "2017-01": {
            "month": "2017-01",
            "price": "10.71",
            "revenue": 5120882
        },
        "2017-02": {
            "month": "2017-02",
            "price": "11.07",
            "revenue": 4749770
        },
        "2017-03": {
            "month": "2017-03",
            "price": "11.62",
            "revenue": 5638934
        },
        "2017-04": {
            "month": "2017-04",
            "price": "11.32",
            "revenue": 4781535
        },
        "2017-05": {
            "month": "2017-05",
            "price": "10.22",
            "revenue": 5602179
        },
        "2017-06": {
            "month": "2017-06",
            "price": "9.97",
            "revenue": 5447133
        },
        "2017-07": {
            "month": "2017-07",
            "price": "10.01",
            "revenue": 5114270
        },
        "2017-08": {
            "month": "2017-08",
            "price": "10.97",
            "revenue": 6152094
        },
        "2017-09": {
            "month": "2017-09",
            "price": "12.44",
            "revenue": 6199761
        },
        "2017-10": {
            "month": "2017-10",
            "price": "12.12",
            "revenue": 6046499
        },
        "2017-11": {
            "month": "2017-11",
            "price": "12.35",
            "revenue": 5914551
        },
        "2017-12": {
            "month": "2017-12",
            "price": "12.71",
            "revenue": 6002300
        },
        "2018-01": {
            "month": "2018-01",
            "price": "13.59",
            "revenue": 6368921
        },
        "2018-02": {
            "month": "2018-02",
            "price": "13.15",
            "revenue": 4557569
        },
        "2018-03": {
            "month": "2018-03",
            "price": "13.44",
            "revenue": 6893002
        },
        "2018-04": {
            "month": "2018-04",
            "price": "12.96",
            "revenue": 6037058
        },
        "2018-05": {
            "month": "2018-05",
            "price": "12.84",
            "revenue": 6327649
        },
        "2018-06": {
            "month": "2018-06",
            "price": "12.60",
            "revenue": 6671134
        },
        "2018-07": {
            "month": "2018-07",
            "price": "11.74",
            "revenue": 6512318
        },
        "2018-08": {
            "month": "2018-08",
            "price": "12.12",
            "revenue": 7018035
        },
        "2018-09": {
            "month": "2018-09",
            "price": "12.26",
            "revenue": 6459050
        },
        "2018-10": {
            "month": "2018-10",
            "price": "11.63",
            "revenue": 6655414
        },
        "2018-11": {
            "month": "2018-11",
            "price": "11.48",
            "revenue": 6608057
        },
        "2018-12": {
            "month": "2018-12",
            "price": "11.45",
            "revenue": 6341843
        },
        "2019-01": {
            "month": "2019-01",
            "price": "11.35",
            "revenue": 6477996
        },
        "2019-02": {
            "month": "2019-02",
            "price": "11.97",
            "revenue": 4479263
        },
        "2019-03": {
            "month": "2019-03",
            "price": "11.86",
            "revenue": 6409025
        },
        "2019-04": {
            "month": "2019-04",
            "price": "11.90",
            "revenue": 6304411
        },
        "2019-05": {
            "month": "2019-05",
            "price": "11.65",
            "revenue": 6319100
        },
        "2019-06": {
            "month": "2019-06",
            "price": "11.76",
            "revenue": 6335226
        },
        "2019-07": {
            "month": "2019-07",
            "price": "11.97",
            "revenue": 6408554
        },
        "2019-08": {
            "month": "2019-08",
            "price": "11.41",
            "revenue": 6422441
        },
        "2019-09": {
            "month": "2019-09",
            "price": "11.75",
            "revenue": 6264813
        },
        "2019-10": {
            "month": "2019-10",
            "price": "11.77",
            "revenue": 6227481
        },
        "2019-11": {
            "month": "2019-11",
            "price": "12.47",
            "revenue": 6431224
        },
        "2019-12": {
            "month": "2019-12",
            "price": "13.29",
            "revenue": 6681502
        },
        "2020-01": {
            "month": "2020-01",
            "price": "13.26",
            "revenue": 4981539
        },
        "2020-02": {
            "month": "2020-02",
            "price": "13.47",
            "revenue": 4908635
        },
        "2020-03": {
            "month": "2020-03",
            "price": "12.02",
            "revenue": 6301950
        },
        "2020-04": {
            "month": "2020-04",
            "price": "12.00",
            "revenue": 6286886
        },
        "2020-05": {
            "month": "2020-05",
            "price": "12.98",
            "revenue": 5547969
        },
        "2020-06": {
            "month": "2020-06",
            "price": "13.70",
            "revenue": 5510681
        },
        "2020-07": {
            "month": "2020-07",
            "price": "13.98",
            "revenue": 6012155
        },
        "2020-08": {
            "month": "2020-08",
            "price": "15.50",
            "revenue": 6140800
        },
        "2020-09": {
            "month": "2020-09",
            "price": "18.02",
            "revenue": 6635793
        },
        "2020-10": {
            "month": "2020-10",
            "price": "18.58",
            "revenue": 6743318
        },
        "2020-11": {
            "month": "2020-11",
            "price": "22.04",
            "revenue": 6907954
        },
        "2020-12": {
            "month": "2020-12",
            "price": "25.30",
            "revenue": 7475081
        },
        "2021-01": {
            "month": "2021-01",
            "price": "25.95",
            "revenue": 7724639
        },
        "2021-02": {
            "month": "2021-02",
            "price": "25.77",
            "revenue": 5920568
        },
        "2021-03": {
            "month": "2021-03",
            "price": "29.28",
            "revenue": 7669058
        },
        "2021-04": {
            "month": "2021-04",
            "price": "36.52",
            "revenue": 7325248
        },
        "2021-05": {
            "month": "2021-05",
            "price": "34.91",
            "revenue": 7763627
        },
        "2021-06": {
            "month": "2021-06",
            "price": "44.94",
            "revenue": 7461567
        },
        "2021-07": {
            "month": "2021-07",
            "price": "41.84",
            "revenue": 6959305
        },
        "2021-08": {
            "month": "2021-08",
            "price": "37.15",
            "revenue": 5862959
        },
        "2021-09": {
            "month": "2021-09",
            "price": "34.55",
            "revenue": 6964142
        },
        "2021-10": {
            "month": "2021-10",
            "price": "31.33",
            "revenue": 7053055
        },
        "2021-11": {
            "month": "2021-11",
            "price": "33.50",
            "revenue": 7099759
        },
        "2021-12": {
            "month": "2021-12",
            "price": "34.62",
            "revenue": 7493928
        },
        "2022-01": {
            "month": "2022-01",
            "price": "34.15",
            "revenue": 7116474
        },
        "2022-02": {
            "month": "2022-02",
            "price": "34.66",
            "revenue": 5364597
        },
        "2022-03": {
            "month": "2022-03",
            "price": "33.35",
            "revenue": 7334607
        },
        "2022-04": {
            "month": "2022-04",
            "price": "32.42",
            "revenue": 6240162
        },
        "2022-05": {
            "month": "2022-05",
            "price": "28.53",
            "revenue": 6913120
        },
        "2022-06": {
            "month": "2022-06",
            "price": "26.75",
            "revenue": 6912805
        },
        "2022-07": {
            "month": "2022-07",
            "price": "23.94",
            "revenue": 6719538
        },
        "2022-08": {
            "month": "2022-08",
            "price": "24.02",
            "revenue": 6863866
        },
        "2022-09": {
            "month": "2022-09",
            "price": "24.09",
            "revenue": 6821113
        },
        "2022-10": {
            "month": "2022-10",
            "price": "24.47",
            "revenue": 6674295
        },
        "2022-11": {
            "month": "2022-11",
            "price": "26.82",
            "revenue": 6409082
        },
        "2022-12": {
            "month": "2022-12",
            "price": "25.06",
            "revenue": 6516348
        },
        "2023-01": {
            "month": "2023-01",
            "price": "25.11",
            "revenue": 4781791
        },
        "2023-02": {
            "month": "2023-02",
            "price": "26.09",
            "revenue": 5860467
        },
        "2023-03": {
            "month": "2023-03",
            "price": "26.82",
            "revenue": 6889142
        },
        "2023-04": {
            "month": "2023-04",
            "price": "28.86",
            "revenue": 6083030
        }
    }
}
