{
    "summary": {
        "stock_name": "榮成",
        "stock_id": "1909",
        "category": "造紙",
        "main_business": "紙器及紙類之製造、印刷、加工、買賣、代理及進出口業務。<br>造紙原料之製造、加工、買賣、代理及進出口業務。<br>紙器及紙類加工設備之買賣。",
        "website_url": "http://www.longchenpaper.com",
        "ceo": "鄭瑛彬",
        "pe_ratio": -14,
        "report_year_from": 2001,
        "report_year_to": 2023,
        "age": 22,
        "eps_negative_percentage": 13,
        "eps_growth_avg": {
            "last_all": 4.86,
            "last_2y": 23.48,
            "last_4y": -10.6,
            "last_8y": 8.53,
            "last_12y": 10.57,
            "last_16y": -6.22,
            "last_20y": 4.86,
            "at_2006_last_3y": 28.59,
            "at_2007_last_3y": -0.86,
            "at_2008_last_3y": -35.54,
            "at_2009_last_3y": -56.57,
            "at_2010_last_3y": -81.35,
            "at_2011_last_3y": -65.88,
            "at_2012_last_3y": -42.14,
            "at_2013_last_3y": 16.68,
            "at_2014_last_3y": 10.43,
            "at_2015_last_3y": 12.26,
            "at_2016_last_3y": 42.49,
            "at_2017_last_3y": 32.44,
            "at_2018_last_3y": 15.41,
            "at_2019_last_3y": 3.2,
            "at_2020_last_3y": -4.18,
            "at_2021_last_3y": 11.74,
            "at_2022_last_3y": 5.87,
            "at_2023_last_3y": 5.87,
            "at_2006_last_all": 42.87,
            "at_2007_last_all": 27.08,
            "at_2008_last_all": 10.05,
            "at_2009_last_all": -3.71,
            "at_2010_last_all": -3.71,
            "at_2011_last_all": -3.91,
            "at_2012_last_all": -5.61,
            "at_2013_last_all": 1.85,
            "at_2014_last_all": 1,
            "at_2015_last_all": 1.07,
            "at_2016_last_all": 8.13,
            "at_2017_last_all": 10.01,
            "at_2018_last_all": 4.6,
            "at_2019_last_all": 1.57,
            "at_2020_last_all": 5.4,
            "at_2021_last_all": 10.38,
            "at_2022_last_all": 4.86,
            "at_2023_last_all": 4.86
        },
        "latest_eps": -1.18,
        "latest_price": 16.45,
        "latest_roe": -6.19,
        "latest_gross_margin": 6.44,
        "latest_equity": 23601455,
        "latest_revenue": 10822385,
        "latest_gross_profit": 697397,
        "latest_net_income": -641154,
        "latest_debt_ratio": 68.88,
        "latest_current_ratio": 70.85,
        "latest_account_receivable_turnover_ratio": 1.19,
        "latest_inventory_turnover_ratio": 2.29,
        "latest_reinvestment_rate": 140.88,
        "latest_research_to_sale_ratio": 2.75
    },
    "eps_dividends": {
        "1990": {
            "cash": 0,
            "stock": 1,
            "eps": 0
        },
        "2000": {
            "cash": 0,
            "stock": 1,
            "eps": 0
        },
        "2001": {
            "cash": 0,
            "stock": 0,
            "eps": 0.09
        },
        "2002": {
            "cash": 0,
            "stock": 0,
            "eps": 0.44
        },
        "2003": {
            "cash": 0,
            "stock": 0,
            "eps": 0.73
        },
        "2004": {
            "cash": 0,
            "stock": 0,
            "eps": 1.07
        },
        "2005": {
            "cash": 1,
            "stock": 0,
            "eps": 0.9
        },
        "2006": {
            "cash": 1,
            "stock": 0,
            "eps": 1.06
        },
        "2007": {
            "cash": 0,
            "stock": 1,
            "eps": 0.51
        },
        "2008": {
            "cash": 0,
            "stock": 1,
            "eps": 0.04
        },
        "2009": {
            "cash": 0,
            "stock": 0,
            "eps": -0.07
        },
        "2010": {
            "cash": 1,
            "stock": 0,
            "eps": 0.91
        },
        "2011": {
            "cash": 1,
            "stock": 0,
            "eps": 0.86
        },
        "2012": {
            "cash": 0,
            "stock": 0,
            "eps": 0.68
        },
        "2013": {
            "cash": 0,
            "stock": 0,
            "eps": 1.2
        },
        "2014": {
            "cash": 1,
            "stock": 0,
            "eps": 1.1
        },
        "2015": {
            "cash": 1,
            "stock": 0,
            "eps": 1.12
        },
        "2016": {
            "cash": 1,
            "stock": 0,
            "eps": 2.59
        },
        "2017": {
            "cash": 2,
            "stock": 0,
            "eps": 3.53
        },
        "2018": {
            "cash": 2,
            "stock": 0,
            "eps": 0.83
        },
        "2019": {
            "cash": 1,
            "stock": 0,
            "eps": 0.44
        },
        "2020": {
            "cash": 0,
            "stock": 0,
            "eps": 0.75
        },
        "2021": {
            "cash": 1,
            "stock": 0,
            "eps": 1.84
        },
        "2022": {
            "cash": 1,
            "stock": 0,
            "eps": -0.69
        },
        "2023": {
            "cash": 0,
            "stock": 0,
            "eps": -0.48
        }
    },
    "dividends": {
        "1990-03-18": {
            "cash": 0,
            "stock": 0.5
        },
        "2000-05-30": {
            "cash": 0,
            "stock": 1
        },
        "2003-03-18": {
            "cash": 0.2,
            "stock": 0
        },
        "2004-02-20": {
            "cash": 0.3,
            "stock": 0
        },
        "2005-03-02": {
            "cash": 0.6,
            "stock": 0
        },
        "2006-04-10": {
            "cash": 0.61,
            "stock": 0
        },
        "2007-03-06": {
            "cash": 0.3,
            "stock": 0.51
        },
        "2008-04-10": {
            "cash": 0,
            "stock": 0.51
        },
        "2010-06-09": {
            "cash": 0.51,
            "stock": 0
        },
        "2011-03-21": {
            "cash": 0.71,
            "stock": 0
        },
        "2013-03-25": {
            "cash": 0.4,
            "stock": 0
        },
        "2014-07-29": {
            "cash": 0.8,
            "stock": 0
        },
        "2015-07-29": {
            "cash": 0.9,
            "stock": 0
        },
        "2016-07-21": {
            "cash": 1,
            "stock": 0
        },
        "2017-07-27": {
            "cash": 1.5,
            "stock": 0
        },
        "2018-07-20": {
            "cash": 1.75,
            "stock": 0
        },
        "2019-07-19": {
            "cash": 0.5,
            "stock": 0
        },
        "2020-07-23": {
            "cash": 0.3,
            "stock": 0
        },
        "2021-07-23": {
            "cash": 0.6,
            "stock": 0
        },
        "2022-07-25": {
            "cash": 1.2,
            "stock": 0
        },
        "2023-03-10": {
            "cash": 0.25,
            "stock": 0
        }
    },
    "prices": {
        "200101": "5.37",
        "200102": "5.68",
        "200103": "5.28",
        "200104": "6.75",
        "200105": "5.40",
        "200106": "5.09",
        "200107": "4.27",
        "200108": "4.24",
        "200109": "3.79",
        "200110": "3.21",
        "200111": "3.18",
        "200112": "3.50",
        "200201": "3.80",
        "200202": "4.07",
        "200203": "4.98",
        "200204": "5.70",
        "200205": "5.65",
        "200206": "5.80",
        "200207": "5.47",
        "200208": "4.90",
        "200209": "4.20",
        "200210": "4.15",
        "200211": "4.85",
        "200212": "5.45",
        "200301": "7.82",
        "200302": "7.69",
        "200303": "6.21",
        "200304": "6.09",
        "200305": "4.93",
        "200306": "5.42",
        "200307": "5.62",
        "200308": "5.79",
        "200309": "5.48",
        "200310": "5.94",
        "200311": "7.18",
        "200312": "7.67",
        "200401": "10.44",
        "200402": "11.67",
        "200403": "11.98",
        "200404": "12.05",
        "200405": "10.66",
        "200406": "10.85",
        "200407": "10.26",
        "200408": "9.34",
        "200409": "10.59",
        "200410": "10.48",
        "200411": "10.24",
        "200412": "10.48",
        "200501": "10.75",
        "200502": "10.36",
        "200503": "9.84",
        "200504": "8.72",
        "200505": "8.05",
        "200506": "8.50",
        "200507": "7.74",
        "200508": "7.34",
        "200509": "7.39",
        "200510": "7.10",
        "200511": "7.14",
        "200512": "7.48",
        "200601": "7.51",
        "200602": "7.43",
        "200603": "7.45",
        "200604": "8.89",
        "200605": "10.22",
        "200606": "9.17",
        "200607": "8.73",
        "200608": "9.60",
        "200609": "9.90",
        "200610": "12.16",
        "200611": "14.81",
        "200612": "15.35",
        "200701": "16.20",
        "200702": "16.34",
        "200703": "15.31",
        "200704": "16.41",
        "200705": "14.92",
        "200706": "15.03",
        "200707": "16.63",
        "200708": "14.66",
        "200709": "13.87",
        "200710": "14.38",
        "200711": "12.59",
        "200712": "11.41",
        "200801": "11.20",
        "200802": "11.44",
        "200803": "12.55",
        "200804": "13.41",
        "200805": "13.53",
        "200806": "11.76",
        "200807": "10.33",
        "200808": "9.38",
        "200809": "7.76",
        "200810": "6.63",
        "200811": "6.25",
        "200812": "6.06",
        "200901": "6.03",
        "200902": "5.95",
        "200903": "6.25",
        "200904": "7.33",
        "200905": "8.05",
        "200906": "7.97",
        "200907": "8.07",
        "200908": "9.71",
        "200909": "11.43",
        "200910": "11.18",
        "200911": "10.61",
        "200912": "10.83",
        "201001": "10.86",
        "201002": "9.86",
        "201003": "10.28",
        "201004": "10.83",
        "201005": "9.90",
        "201006": "9.76",
        "201007": "10.18",
        "201008": "10.63",
        "201009": "10.46",
        "201010": "11.91",
        "201011": "12.17",
        "201012": "12.31",
        "201101": "12.64",
        "201102": "11.84",
        "201103": "11.45",
        "201104": "11.89",
        "201105": "11.40",
        "201106": "11.18",
        "201107": "10.69",
        "201108": "9.73",
        "201109": "9.47",
        "201110": "9.35",
        "201111": "9.25",
        "201112": "8.57",
        "201201": "8.50",
        "201202": "9.41",
        "201203": "9.64",
        "201204": "8.73",
        "201205": "8.16",
        "201206": "7.78",
        "201207": "7.63",
        "201208": "7.76",
        "201209": "7.97",
        "201210": "7.82",
        "201211": "7.65",
        "201212": "7.99",
        "201301": "8.15",
        "201302": "8.16",
        "201303": "8.32",
        "201304": "9.05",
        "201305": "9.97",
        "201306": "10.30",
        "201307": "10.92",
        "201308": "11.30",
        "201309": "11.24",
        "201310": "11.42",
        "201311": "12.17",
        "201312": "14.70",
        "201401": "15.63",
        "201402": "15.81",
        "201403": "14.64",
        "201404": "14.04",
        "201405": "13.96",
        "201406": "15.16",
        "201407": "15.60",
        "201408": "15.60",
        "201409": "15.90",
        "201410": "15.08",
        "201411": "14.93",
        "201412": "14.49",
        "201501": "13.96",
        "201502": "13.07",
        "201503": "12.55",
        "201504": "13.38",
        "201505": "13.00",
        "201506": "12.44",
        "201507": "12.10",
        "201508": "11.30",
        "201509": "10.60",
        "201510": "11.33",
        "201511": "11.45",
        "201512": "10.67",
        "201601": "10.08",
        "201602": "10.36",
        "201603": "11.81",
        "201604": "13.61",
        "201605": "13.35",
        "201606": "14.50",
        "201607": "15.82",
        "201608": "15.87",
        "201609": "15.61",
        "201610": "15.16",
        "201611": "15.18",
        "201612": "15.91",
        "201701": "21.19",
        "201702": "28.06",
        "201703": "29.25",
        "201704": "26.28",
        "201705": "28.23",
        "201706": "33.13",
        "201707": "34.93",
        "201708": "41.40",
        "201709": "48.11",
        "201710": "44.29",
        "201711": "42.58",
        "201712": "39.75",
        "201801": "37.20",
        "201802": "33.38",
        "201803": "35.29",
        "201804": "35.02",
        "201805": "33.95",
        "201806": "29.92",
        "201807": "24.84",
        "201808": "23.49",
        "201809": "21.45",
        "201810": "17.55",
        "201811": "16.30",
        "201812": "15.61",
        "201901": "14.38",
        "201902": "16.99",
        "201903": "18.08",
        "201904": "16.98",
        "201905": "15.89",
        "201906": "14.52",
        "201907": "15.05",
        "201908": "13.91",
        "201909": "14.41",
        "201910": "13.67",
        "201911": "13.30",
        "201912": "14.09",
        "202001": "15.11",
        "202002": "15.04",
        "202003": "13.81",
        "202004": "12.70",
        "202005": "12.52",
        "202006": "14.00",
        "202007": "14.48",
        "202008": "14.85",
        "202009": "17.40",
        "202010": "16.58",
        "202011": "16.99",
        "202012": "21.02",
        "202101": "20.96",
        "202102": "22.56",
        "202103": "25.15",
        "202104": "27.47",
        "202105": "23.72",
        "202106": "26.69",
        "202107": "29.16",
        "202108": "28.34",
        "202109": "27.02",
        "202110": "24.12",
        "202111": "25.02",
        "202112": "24.11",
        "202201": "23.18",
        "202202": "22.58",
        "202203": "20.96",
        "202204": "20.81",
        "202205": "18.55",
        "202206": "17.65",
        "202207": "15.49",
        "202208": "15.45",
        "202209": "15.23",
        "202210": "15.12",
        "202211": "15.91",
        "202212": "15.69",
        "202301": "17.35",
        "202302": "18.46",
        "202303": "17.36",
        "202304": "17.47",
        "202305": "16.86"
    },
    "quarters": {
        "20011": {
            "year_quarter": 20011,
            "year": 2001,
            "quarter": 1,
            "eps": -0.07,
            "eps_growth_year": -163.64,
            "eps_4q": 0.36,
            "eps_4q_growth_year": -86.77,
            "roe": -0.6,
            "roe_4q": -0.6,
            "gross_profit": 176272,
            "gross_margin": 13.78,
            "gross_margin_4q_avg": 13.78,
            "net_income": -34333,
            "revenue": 1279391,
            "common_shares": 5115585,
            "book_valuer_per_share": 11.2,
            "book_valuer_per_share_4q_avg": 11.2,
            "equity": 5729489,
            "current_ratio": 275.64,
            "debt_ratio": 37.55,
            "inventory_turnover_ratio": 1.69,
            "account_receivable_turnover_ratio": null,
            "reinvestment_rate": null,
            "research_to_sale_ratio": null,
            "price_fair": 0,
            "eps_avg_yearly": 0,
            "eps_latest_yearly": 0,
            "eps_growth_yearly": 0
        },
        "20012": {
            "year_quarter": 20012,
            "year": 2001,
            "quarter": 2,
            "eps": 0.22,
            "eps_growth_year": -24.14,
            "eps_4q": 0.31,
            "eps_4q_growth_year": -89.33,
            "roe": 1.86,
            "roe_4q": 1.2600000000000002,
            "gross_profit": 178356,
            "gross_margin": 15.07,
            "gross_margin_4q_avg": 14.43,
            "net_income": 107326,
            "revenue": 1183450,
            "common_shares": 5115585,
            "book_valuer_per_share": 11.39,
            "book_valuer_per_share_4q_avg": 11.3,
            "equity": 5827658,
            "current_ratio": 278.16,
            "debt_ratio": 37.03,
            "inventory_turnover_ratio": 1.88,
            "account_receivable_turnover_ratio": null,
            "reinvestment_rate": null,
            "research_to_sale_ratio": null,
            "price_fair": 0,
            "eps_avg_yearly": 0,
            "eps_latest_yearly": 0,
            "eps_growth_yearly": 0
        },
        "20013": {
            "year_quarter": 20013,
            "year": 2001,
            "quarter": 3,
            "eps": -0.05,
            "eps_growth_year": -127.78,
            "eps_4q": 0.07,
            "eps_4q_growth_year": -97.56,
            "roe": -0.38,
            "roe_4q": 0.88,
            "gross_profit": 189548,
            "gross_margin": 16.1,
            "gross_margin_4q_avg": 14.98,
            "net_income": -22266,
            "revenue": 1177318,
            "common_shares": 5115585,
            "book_valuer_per_share": 11.31,
            "book_valuer_per_share_4q_avg": 11.3,
            "equity": 5786139,
            "current_ratio": 229.44,
            "debt_ratio": 37.03,
            "inventory_turnover_ratio": 1.87,
            "account_receivable_turnover_ratio": null,
            "reinvestment_rate": null,
            "research_to_sale_ratio": null,
            "price_fair": 0,
            "eps_avg_yearly": 0,
            "eps_latest_yearly": 0,
            "eps_growth_yearly": 0
        },
        "20014": {
            "year_quarter": 20014,
            "year": 2001,
            "quarter": 4,
            "eps": -0.01,
            "eps_growth_year": null,
            "eps_4q": 0.09,
            "eps_4q_growth_year": -82.55,
            "roe": -0.07,
            "roe_4q": 0.8100000000000002,
            "gross_profit": 200531,
            "gross_margin": 16.9,
            "gross_margin_4q_avg": 15.46,
            "net_income": -3867,
            "revenue": 1186317,
            "common_shares": 5115585,
            "book_valuer_per_share": 10.93,
            "book_valuer_per_share_4q_avg": 11.21,
            "equity": 5671573,
            "current_ratio": 171.45,
            "debt_ratio": 44.17,
            "inventory_turnover_ratio": 1.61,
            "account_receivable_turnover_ratio": null,
            "reinvestment_rate": null,
            "research_to_sale_ratio": null,
            "price_fair": 0,
            "eps_avg_yearly": 0,
            "eps_latest_yearly": 0,
            "eps_growth_yearly": 0
        },
        "20021": {
            "year_quarter": 20021,
            "year": 2002,
            "quarter": 1,
            "eps": 0.11,
            "eps_growth_year": null,
            "eps_4q": 0.31,
            "eps_4q_growth_year": -13.79,
            "roe": 0.79,
            "roe_4q": 2.2,
            "gross_profit": 243412,
            "gross_margin": 20.88,
            "gross_margin_4q_avg": 17.24,
            "net_income": 43803,
            "revenue": 1165557,
            "common_shares": 5115585,
            "book_valuer_per_share": 10.68,
            "book_valuer_per_share_4q_avg": 11.08,
            "equity": 5464126,
            "current_ratio": 177.17,
            "debt_ratio": 38.97,
            "inventory_turnover_ratio": 1.56,
            "account_receivable_turnover_ratio": null,
            "reinvestment_rate": null,
            "research_to_sale_ratio": null,
            "price_fair": 0,
            "eps_avg_yearly": 0,
            "eps_latest_yearly": 0,
            "eps_growth_yearly": 0
        },
        "20022": {
            "year_quarter": 20022,
            "year": 2002,
            "quarter": 2,
            "eps": 0.18,
            "eps_growth_year": -18.18,
            "eps_4q": 0.22,
            "eps_4q_growth_year": -26.37,
            "roe": 1.31,
            "roe_4q": 1.6500000000000004,
            "gross_profit": 303606,
            "gross_margin": 22.89,
            "gross_margin_4q_avg": 19.19,
            "net_income": 70976,
            "revenue": 1326479,
            "common_shares": 5115585,
            "book_valuer_per_share": 10.57,
            "book_valuer_per_share_4q_avg": 10.87,
            "equity": 5405467,
            "current_ratio": 172.48,
            "debt_ratio": 40.49,
            "inventory_turnover_ratio": 2.28,
            "account_receivable_turnover_ratio": null,
            "reinvestment_rate": null,
            "research_to_sale_ratio": null,
            "price_fair": 25.2,
            "eps_avg_yearly": 0.72,
            "eps_latest_yearly": 0.72,
            "eps_growth_yearly": 254.55
        },
        "20023": {
            "year_quarter": 20023,
            "year": 2002,
            "quarter": 3,
            "eps": 0.07,
            "eps_growth_year": null,
            "eps_4q": 0.34,
            "eps_4q_growth_year": 391.73,
            "roe": 0.53,
            "roe_4q": 2.56,
            "gross_profit": 232861,
            "gross_margin": 19.51,
            "gross_margin_4q_avg": 20.05,
            "net_income": 29007,
            "revenue": 1193245,
            "common_shares": 5115585,
            "book_valuer_per_share": 10.79,
            "book_valuer_per_share_4q_avg": 10.74,
            "equity": 5518685,
            "current_ratio": 159.96,
            "debt_ratio": 38.76,
            "inventory_turnover_ratio": 2.21,
            "account_receivable_turnover_ratio": null,
            "reinvestment_rate": null,
            "research_to_sale_ratio": null,
            "price_fair": 7.53,
            "eps_avg_yearly": 0.5,
            "eps_latest_yearly": 0.28,
            "eps_growth_yearly": 5.05
        },
        "20024": {
            "year_quarter": 20024,
            "year": 2002,
            "quarter": 4,
            "eps": 0.08,
            "eps_growth_year": null,
            "eps_4q": 0.43,
            "eps_4q_growth_year": 386.84,
            "roe": 0.58,
            "roe_4q": 3.21,
            "gross_profit": 200917,
            "gross_margin": 15.76,
            "gross_margin_4q_avg": 19.76,
            "net_income": 32938,
            "revenue": 1274968,
            "common_shares": 5115585,
            "book_valuer_per_share": 11.22,
            "book_valuer_per_share_4q_avg": 10.82,
            "equity": 5788050,
            "current_ratio": 163.05,
            "debt_ratio": 43.32,
            "inventory_turnover_ratio": 2.18,
            "account_receivable_turnover_ratio": null,
            "reinvestment_rate": -36.67,
            "research_to_sale_ratio": null,
            "price_fair": 14.26,
            "eps_avg_yearly": 0.44,
            "eps_latest_yearly": 0.32,
            "eps_growth_yearly": 22.41
        },
        "20031": {
            "year_quarter": 20031,
            "year": 2003,
            "quarter": 1,
            "eps": 0.04,
            "eps_growth_year": -63.64,
            "eps_4q": 0.41,
            "eps_4q_growth_year": 30.68,
            "roe": 0.25,
            "roe_4q": 2.67,
            "gross_profit": 221734,
            "gross_margin": 17.67,
            "gross_margin_4q_avg": 18.96,
            "net_income": 14362,
            "revenue": 1254958,
            "common_shares": 5115585,
            "book_valuer_per_share": 11.35,
            "book_valuer_per_share_4q_avg": 10.98,
            "equity": 5804521,
            "current_ratio": 167.01,
            "debt_ratio": 37.15,
            "inventory_turnover_ratio": 2.23,
            "account_receivable_turnover_ratio": null,
            "reinvestment_rate": -110.53,
            "research_to_sale_ratio": null,
            "price_fair": 1.11,
            "eps_avg_yearly": 0.37,
            "eps_latest_yearly": 0.16,
            "eps_growth_yearly": -33.19
        },
        "20032": {
            "year_quarter": 20032,
            "year": 2003,
            "quarter": 2,
            "eps": 0.12,
            "eps_growth_year": -33.33,
            "eps_4q": 0.32,
            "eps_4q_growth_year": 41.62,
            "roe": 0.8,
            "roe_4q": 2.16,
            "gross_profit": 206312,
            "gross_margin": 20.41,
            "gross_margin_4q_avg": 18.34,
            "net_income": 46160,
            "revenue": 1010807,
            "common_shares": 5115585,
            "book_valuer_per_share": 11.23,
            "book_valuer_per_share_4q_avg": 11.15,
            "equity": 5743691,
            "current_ratio": 143.36,
            "debt_ratio": 37.17,
            "inventory_turnover_ratio": 1.73,
            "account_receivable_turnover_ratio": null,
            "reinvestment_rate": -103.72,
            "research_to_sale_ratio": null,
            "price_fair": 13.72,
            "eps_avg_yearly": 0.39,
            "eps_latest_yearly": 0.48,
            "eps_growth_yearly": 133.45
        },
        "20033": {
            "year_quarter": 20033,
            "year": 2003,
            "quarter": 3,
            "eps": 0.23,
            "eps_growth_year": 228.57,
            "eps_4q": 0.48,
            "eps_4q_growth_year": 40.71,
            "roe": 1.53,
            "roe_4q": 3.16,
            "gross_profit": 261438,
            "gross_margin": 21.87,
            "gross_margin_4q_avg": 18.93,
            "net_income": 87703,
            "revenue": 1195677,
            "common_shares": 5115585,
            "book_valuer_per_share": 11.22,
            "book_valuer_per_share_4q_avg": 11.26,
            "equity": 5742117,
            "current_ratio": 122.84,
            "debt_ratio": 36.64,
            "inventory_turnover_ratio": 1.76,
            "account_receivable_turnover_ratio": null,
            "reinvestment_rate": -95.32,
            "research_to_sale_ratio": null,
            "price_fair": 16.8,
            "eps_avg_yearly": 0.48,
            "eps_latest_yearly": 0.92,
            "eps_growth_yearly": 172.32
        },
        "20034": {
            "year_quarter": 20034,
            "year": 2003,
            "quarter": 4,
            "eps": 0.34,
            "eps_growth_year": 325,
            "eps_4q": 0.71,
            "eps_4q_growth_year": 65.56,
            "roe": 2.28,
            "roe_4q": 4.859999999999999,
            "gross_profit": 291910,
            "gross_margin": 21.82,
            "gross_margin_4q_avg": 20.44,
            "net_income": 135973,
            "revenue": 1338034,
            "common_shares": 5115585,
            "book_valuer_per_share": 11.68,
            "book_valuer_per_share_4q_avg": 11.37,
            "equity": 6200652,
            "current_ratio": 116.06,
            "debt_ratio": 47.68,
            "inventory_turnover_ratio": 1.75,
            "account_receivable_turnover_ratio": null,
            "reinvestment_rate": 201.65,
            "research_to_sale_ratio": null,
            "price_fair": 21.2,
            "eps_avg_yearly": 0.61,
            "eps_latest_yearly": 1.36,
            "eps_growth_yearly": 175.03
        },
        "20041": {
            "year_quarter": 20041,
            "year": 2004,
            "quarter": 1,
            "eps": 0.36,
            "eps_growth_year": 800,
            "eps_4q": 1.04,
            "eps_4q_growth_year": 154.04,
            "roe": 2.31,
            "roe_4q": 6.92,
            "gross_profit": 329450,
            "gross_margin": 23.77,
            "gross_margin_4q_avg": 21.97,
            "net_income": 142418,
            "revenue": 1385789,
            "common_shares": 5115585,
            "book_valuer_per_share": 11.98,
            "book_valuer_per_share_4q_avg": 11.53,
            "equity": 6126764,
            "current_ratio": 204.13,
            "debt_ratio": 38.39,
            "inventory_turnover_ratio": 2.04,
            "account_receivable_turnover_ratio": null,
            "reinvestment_rate": -78.24,
            "research_to_sale_ratio": null,
            "price_fair": 24.85,
            "eps_avg_yearly": 0.71,
            "eps_latest_yearly": 1.44,
            "eps_growth_yearly": 156.09
        },
        "20042": {
            "year_quarter": 20042,
            "year": 2004,
            "quarter": 2,
            "eps": 0.31,
            "eps_growth_year": 158.33,
            "eps_4q": 1.21,
            "eps_4q_growth_year": 280.51,
            "roe": 2.05,
            "roe_4q": 8.169999999999998,
            "gross_profit": 317302,
            "gross_margin": 23.29,
            "gross_margin_4q_avg": 22.69,
            "net_income": 125900,
            "revenue": 1362465,
            "common_shares": 5118480,
            "book_valuer_per_share": 12.05,
            "book_valuer_per_share_4q_avg": 11.73,
            "equity": 6165596,
            "current_ratio": 202.36,
            "debt_ratio": 39.2,
            "inventory_turnover_ratio": 2.83,
            "account_receivable_turnover_ratio": null,
            "reinvestment_rate": -29.77,
            "research_to_sale_ratio": null,
            "price_fair": 26.91,
            "eps_avg_yearly": 0.77,
            "eps_latest_yearly": 1.24,
            "eps_growth_yearly": 132.58
        },
        "20043": {
            "year_quarter": 20043,
            "year": 2004,
            "quarter": 3,
            "eps": 0.3,
            "eps_growth_year": 30.43,
            "eps_4q": 1.29,
            "eps_4q_growth_year": 172.36,
            "roe": 1.97,
            "roe_4q": 8.61,
            "gross_profit": 274778,
            "gross_margin": 19.31,
            "gross_margin_4q_avg": 22.05,
            "net_income": 122022,
            "revenue": 1423030,
            "common_shares": 5118480,
            "book_valuer_per_share": 12.12,
            "book_valuer_per_share_4q_avg": 11.96,
            "equity": 6201442,
            "current_ratio": 159.23,
            "debt_ratio": 39.55,
            "inventory_turnover_ratio": 2.73,
            "account_receivable_turnover_ratio": null,
            "reinvestment_rate": -12.65,
            "research_to_sale_ratio": null,
            "price_fair": 28.42,
            "eps_avg_yearly": 0.81,
            "eps_latest_yearly": 1.2,
            "eps_growth_yearly": 118.03
        },
        "20044": {
            "year_quarter": 20044,
            "year": 2004,
            "quarter": 4,
            "eps": 0.1,
            "eps_growth_year": -70.59,
            "eps_4q": 1.09,
            "eps_4q_growth_year": 53.56,
            "roe": 0.63,
            "roe_4q": 6.960000000000001,
            "gross_profit": 277124,
            "gross_margin": 19.85,
            "gross_margin_4q_avg": 21.56,
            "net_income": 39379,
            "revenue": 1396087,
            "common_shares": 5118480,
            "book_valuer_per_share": 12.14,
            "book_valuer_per_share_4q_avg": 12.07,
            "equity": 6301283,
            "current_ratio": 111.53,
            "debt_ratio": 49.62,
            "inventory_turnover_ratio": 1.8,
            "account_receivable_turnover_ratio": null,
            "reinvestment_rate": 154.75,
            "research_to_sale_ratio": null,
            "price_fair": 27.11,
            "eps_avg_yearly": 0.77,
            "eps_latest_yearly": 0.4,
            "eps_growth_yearly": 83.06
        },
        "20051": {
            "year_quarter": 20051,
            "year": 2005,
            "quarter": 1,
            "eps": 0.14,
            "eps_growth_year": -61.11,
            "eps_4q": 0.85,
            "eps_4q_growth_year": -18.72,
            "roe": 0.9,
            "roe_4q": 5.55,
            "gross_profit": 233211,
            "gross_margin": 18.49,
            "gross_margin_4q_avg": 20.24,
            "net_income": 56892,
            "revenue": 1261532,
            "common_shares": 5172914,
            "book_valuer_per_share": 12.14,
            "book_valuer_per_share_4q_avg": 12.11,
            "equity": 6280795,
            "current_ratio": 106.99,
            "debt_ratio": 37,
            "inventory_turnover_ratio": 1.67,
            "account_receivable_turnover_ratio": null,
            "reinvestment_rate": -9.8,
            "research_to_sale_ratio": null,
            "price_fair": 26.48,
            "eps_avg_yearly": 0.76,
            "eps_latest_yearly": 0.56,
            "eps_growth_yearly": 89.47
        },
        "20052": {
            "year_quarter": 20052,
            "year": 2005,
            "quarter": 2,
            "eps": 0.26,
            "eps_growth_year": -16.13,
            "eps_4q": 0.79,
            "eps_4q_growth_year": -34.75,
            "roe": 1.73,
            "roe_4q": 5.2299999999999995,
            "gross_profit": 253817,
            "gross_margin": 19.99,
            "gross_margin_4q_avg": 19.41,
            "net_income": 106994,
            "revenue": 1269636,
            "common_shares": 5172915,
            "book_valuer_per_share": 11.76,
            "book_valuer_per_share_4q_avg": 12.04,
            "equity": 6081675,
            "current_ratio": 118.9,
            "debt_ratio": 41.8,
            "inventory_turnover_ratio": 2.28,
            "account_receivable_turnover_ratio": null,
            "reinvestment_rate": -24.16,
            "research_to_sale_ratio": null,
            "price_fair": 27.25,
            "eps_avg_yearly": 0.78,
            "eps_latest_yearly": 1.04,
            "eps_growth_yearly": 108.96
        },
        "20053": {
            "year_quarter": 20053,
            "year": 2005,
            "quarter": 3,
            "eps": 0.08,
            "eps_growth_year": -73.33,
            "eps_4q": 0.52,
            "eps_4q_growth_year": -59.75,
            "roe": 0.59,
            "roe_4q": 3.8499999999999996,
            "gross_profit": 320516,
            "gross_margin": 23.21,
            "gross_margin_4q_avg": 20.39,
            "net_income": 36886,
            "revenue": 1381119,
            "common_shares": 5172914,
            "book_valuer_per_share": 12.46,
            "book_valuer_per_share_4q_avg": 12.13,
            "equity": 6446096,
            "current_ratio": 155.09,
            "debt_ratio": 33.58,
            "inventory_turnover_ratio": 2.71,
            "account_receivable_turnover_ratio": null,
            "reinvestment_rate": -18.79,
            "research_to_sale_ratio": null,
            "price_fair": 26.1,
            "eps_avg_yearly": 0.75,
            "eps_latest_yearly": 0.32,
            "eps_growth_yearly": 81.4
        },
        "20054": {
            "year_quarter": 20054,
            "year": 2005,
            "quarter": 4,
            "eps": 0.42,
            "eps_growth_year": 320,
            "eps_4q": 0.88,
            "eps_4q_growth_year": -19.77,
            "roe": 2.84,
            "roe_4q": 6.0600000000000005,
            "gross_profit": 306528,
            "gross_margin": 23.17,
            "gross_margin_4q_avg": 21.22,
            "net_income": 185111,
            "revenue": 1322890,
            "common_shares": 5022914,
            "book_valuer_per_share": 13.22,
            "book_valuer_per_share_4q_avg": 12.4,
            "equity": 6598457,
            "current_ratio": 142.33,
            "debt_ratio": 46.98,
            "inventory_turnover_ratio": 1.71,
            "account_receivable_turnover_ratio": null,
            "reinvestment_rate": 120.85,
            "research_to_sale_ratio": null,
            "price_fair": 28.28,
            "eps_avg_yearly": 0.81,
            "eps_latest_yearly": 1.68,
            "eps_growth_yearly": 189.3
        },
        "20061": {
            "year_quarter": 20061,
            "year": 2006,
            "quarter": 1,
            "eps": 0.28,
            "eps_growth_year": 100,
            "eps_4q": 1.05,
            "eps_4q_growth_year": 23.41,
            "roe": 1.81,
            "roe_4q": 6.970000000000001,
            "gross_profit": 276164,
            "gross_margin": 22.91,
            "gross_margin_4q_avg": 22.32,
            "net_income": 120377,
            "revenue": 1205347,
            "common_shares": 5022914,
            "book_valuer_per_share": 13.36,
            "book_valuer_per_share_4q_avg": 12.7,
            "equity": 6712831,
            "current_ratio": 131.22,
            "debt_ratio": 32.8,
            "inventory_turnover_ratio": 1.59,
            "account_receivable_turnover_ratio": null,
            "reinvestment_rate": -4.75,
            "research_to_sale_ratio": null,
            "price_fair": 28.96,
            "eps_avg_yearly": 0.83,
            "eps_latest_yearly": 1.12,
            "eps_growth_yearly": 169.14
        },
        "20062": {
            "year_quarter": 20062,
            "year": 2006,
            "quarter": 2,
            "eps": 0.38,
            "eps_growth_year": 46.15,
            "eps_4q": 1.17,
            "eps_4q_growth_year": 47.96,
            "roe": 2.46,
            "roe_4q": 7.699999999999999,
            "gross_profit": 272986,
            "gross_margin": 21.07,
            "gross_margin_4q_avg": 22.59,
            "net_income": 164777,
            "revenue": 1295796,
            "common_shares": 5022914,
            "book_valuer_per_share": 13.32,
            "book_valuer_per_share_4q_avg": 13.09,
            "equity": 6690532,
            "current_ratio": 123.5,
            "debt_ratio": 37.44,
            "inventory_turnover_ratio": 3.7,
            "account_receivable_turnover_ratio": null,
            "reinvestment_rate": -10.16,
            "research_to_sale_ratio": null,
            "price_fair": 30.71,
            "eps_avg_yearly": 0.88,
            "eps_latest_yearly": 1.52,
            "eps_growth_yearly": 162.16
        },
        "20063": {
            "year_quarter": 20063,
            "year": 2006,
            "quarter": 3,
            "eps": 0.31,
            "eps_growth_year": 287.5,
            "eps_4q": 1.41,
            "eps_4q_growth_year": 170.59,
            "roe": 1.95,
            "roe_4q": 9.06,
            "gross_profit": 282221,
            "gross_margin": 21.1,
            "gross_margin_4q_avg": 22.06,
            "net_income": 132603,
            "revenue": 1337460,
            "common_shares": 5022914,
            "book_valuer_per_share": 13.76,
            "book_valuer_per_share_4q_avg": 13.42,
            "equity": 6913576,
            "current_ratio": 108.66,
            "debt_ratio": 39.77,
            "inventory_turnover_ratio": 5.05,
            "account_receivable_turnover_ratio": null,
            "reinvestment_rate": 5.3,
            "research_to_sale_ratio": null,
            "price_fair": 32.81,
            "eps_avg_yearly": 0.94,
            "eps_latest_yearly": 1.24,
            "eps_growth_yearly": 172.83
        },
        "20064": {
            "year_quarter": 20064,
            "year": 2006,
            "quarter": 4,
            "eps": 0.09,
            "eps_growth_year": -78.57,
            "eps_4q": 0.98,
            "eps_4q_growth_year": 11.41,
            "roe": 0.5,
            "roe_4q": 6.720000000000001,
            "gross_profit": 250312,
            "gross_margin": 18.46,
            "gross_margin_4q_avg": 20.89,
            "net_income": 42464,
            "revenue": 1356240,
            "common_shares": 5022914,
            "book_valuer_per_share": 15.25,
            "book_valuer_per_share_4q_avg": 13.92,
            "equity": 10009317,
            "current_ratio": 190.75,
            "debt_ratio": 41.02,
            "inventory_turnover_ratio": 2.92,
            "account_receivable_turnover_ratio": null,
            "reinvestment_rate": 94.61,
            "research_to_sale_ratio": null,
            "price_fair": 32.9,
            "eps_avg_yearly": 0.94,
            "eps_latest_yearly": 0.36,
            "eps_growth_yearly": 151.52
        },
        "20071": {
            "year_quarter": 20071,
            "year": 2007,
            "quarter": 1,
            "eps": 0.21,
            "eps_growth_year": -25,
            "eps_4q": 0.98,
            "eps_4q_growth_year": -6.29,
            "roe": 1.04,
            "roe_4q": 5.95,
            "gross_profit": 276459,
            "gross_margin": 20.45,
            "gross_margin_4q_avg": 20.27,
            "net_income": 92746,
            "revenue": 1352116,
            "common_shares": 5022914,
            "book_valuer_per_share": 15.62,
            "book_valuer_per_share_4q_avg": 14.49,
            "equity": 7845825,
            "current_ratio": 116.73,
            "debt_ratio": 35.69,
            "inventory_turnover_ratio": 2.71,
            "account_receivable_turnover_ratio": null,
            "reinvestment_rate": -2.62,
            "research_to_sale_ratio": null,
            "price_fair": 34.39,
            "eps_avg_yearly": 0.98,
            "eps_latest_yearly": 0.84,
            "eps_growth_yearly": 197.35
        },
        "20072": {
            "year_quarter": 20072,
            "year": 2007,
            "quarter": 2,
            "eps": 0.16,
            "eps_growth_year": -57.89,
            "eps_4q": 0.76,
            "eps_4q_growth_year": -35.21,
            "roe": 0.91,
            "roe_4q": 4.4,
            "gross_profit": 262746,
            "gross_margin": 18.06,
            "gross_margin_4q_avg": 19.52,
            "net_income": 71687,
            "revenue": 1454923,
            "common_shares": 5022914,
            "book_valuer_per_share": 15.68,
            "book_valuer_per_share_4q_avg": 15.08,
            "equity": 7875165,
            "current_ratio": 112.52,
            "debt_ratio": 34.89,
            "inventory_turnover_ratio": 5.61,
            "account_receivable_turnover_ratio": null,
            "reinvestment_rate": -4.99,
            "research_to_sale_ratio": null,
            "price_fair": 34.74,
            "eps_avg_yearly": 0.99,
            "eps_latest_yearly": 0.64,
            "eps_growth_yearly": 141.4
        },
        "20073": {
            "year_quarter": 20073,
            "year": 2007,
            "quarter": 3,
            "eps": 0.19,
            "eps_growth_year": -38.71,
            "eps_4q": 0.59,
            "eps_4q_growth_year": -58.24,
            "roe": 1.21,
            "roe_4q": 3.66,
            "gross_profit": 226142,
            "gross_margin": 14.41,
            "gross_margin_4q_avg": 17.85,
            "net_income": 98644,
            "revenue": 1569319,
            "common_shares": 5274060,
            "book_valuer_per_share": 16.08,
            "book_valuer_per_share_4q_avg": 15.66,
            "equity": 8483109,
            "current_ratio": 112.72,
            "debt_ratio": 34.64,
            "inventory_turnover_ratio": 5.98,
            "account_receivable_turnover_ratio": null,
            "reinvestment_rate": -6.15,
            "research_to_sale_ratio": null,
            "price_fair": 34.39,
            "eps_avg_yearly": 0.98,
            "eps_latest_yearly": 0.76,
            "eps_growth_yearly": 123.17
        },
        "20074": {
            "year_quarter": 20074,
            "year": 2007,
            "quarter": 4,
            "eps": -0.05,
            "eps_growth_year": -155.56,
            "eps_4q": 0.34,
            "eps_4q_growth_year": -65.06,
            "roe": -0.23,
            "roe_4q": 2.93,
            "gross_profit": 127028,
            "gross_margin": 8.07,
            "gross_margin_4q_avg": 15.25,
            "net_income": -24181,
            "revenue": 1573691,
            "common_shares": 5274060,
            "book_valuer_per_share": 15.62,
            "book_valuer_per_share_4q_avg": 15.75,
            "equity": 12702904,
            "current_ratio": 174.44,
            "debt_ratio": 38.64,
            "inventory_turnover_ratio": 2.7,
            "account_receivable_turnover_ratio": null,
            "reinvestment_rate": 176.12,
            "research_to_sale_ratio": null,
            "price_fair": 33.51,
            "eps_avg_yearly": 0.96,
            "eps_latest_yearly": 0.76,
            "eps_growth_yearly": 118.63
        },
        "20081": {
            "year_quarter": 20081,
            "year": 2008,
            "quarter": 1,
            "eps": 0.13,
            "eps_growth_year": -38.1,
            "eps_4q": 0.37,
            "eps_4q_growth_year": -62.04,
            "roe": 0.58,
            "roe_4q": 2.47,
            "gross_profit": 303892,
            "gross_margin": 11.39,
            "gross_margin_4q_avg": 12.98,
            "net_income": 73905,
            "revenue": 2667066,
            "common_shares": 5274060,
            "book_valuer_per_share": 15.59,
            "book_valuer_per_share_4q_avg": 15.74,
            "equity": 12569142,
            "current_ratio": 189.85,
            "debt_ratio": 45.85,
            "inventory_turnover_ratio": 2.15,
            "account_receivable_turnover_ratio": null,
            "reinvestment_rate": 537.78,
            "research_to_sale_ratio": null,
            "price_fair": 32.3,
            "eps_avg_yearly": 0.92,
            "eps_latest_yearly": 0.76,
            "eps_growth_yearly": 125.42
        },
        "20082": {
            "year_quarter": 20082,
            "year": 2008,
            "quarter": 2,
            "eps": 0.29,
            "eps_growth_year": 81.25,
            "eps_4q": 0.45,
            "eps_4q_growth_year": -40.93,
            "roe": 1.52,
            "roe_4q": 3.08,
            "gross_profit": 468788,
            "gross_margin": 16.3,
            "gross_margin_4q_avg": 12.54,
            "net_income": 192515,
            "revenue": 2875659,
            "common_shares": 5274060,
            "book_valuer_per_share": 15.67,
            "book_valuer_per_share_4q_avg": 15.74,
            "equity": 12732701,
            "current_ratio": 135.42,
            "debt_ratio": 48.63,
            "inventory_turnover_ratio": 1.67,
            "account_receivable_turnover_ratio": null,
            "reinvestment_rate": 718.76,
            "research_to_sale_ratio": null,
            "price_fair": 32.1,
            "eps_avg_yearly": 0.92,
            "eps_latest_yearly": 1.16,
            "eps_growth_yearly": 164.55
        },
        "20083": {
            "year_quarter": 20083,
            "year": 2008,
            "quarter": 3,
            "eps": 0.06,
            "eps_growth_year": -68.42,
            "eps_4q": 0.5,
            "eps_4q_growth_year": -15.82,
            "roe": 0.22,
            "roe_4q": 2.09,
            "gross_profit": 343011,
            "gross_margin": 12.94,
            "gross_margin_4q_avg": 12.18,
            "net_income": 28170,
            "revenue": 2650109,
            "common_shares": 5537763,
            "book_valuer_per_share": 14.63,
            "book_valuer_per_share_4q_avg": 15.38,
            "equity": 12872420,
            "current_ratio": 106.64,
            "debt_ratio": 54.2,
            "inventory_turnover_ratio": 1.51,
            "account_receivable_turnover_ratio": null,
            "reinvestment_rate": 996.65,
            "research_to_sale_ratio": null,
            "price_fair": 29.7,
            "eps_avg_yearly": 0.85,
            "eps_latest_yearly": 0.24,
            "eps_growth_yearly": 142.81
        },
        "20084": {
            "year_quarter": 20084,
            "year": 2008,
            "quarter": 4,
            "eps": -0.44,
            "eps_growth_year": null,
            "eps_4q": 0.01,
            "eps_4q_growth_year": -96.84,
            "roe": -3.18,
            "roe_4q": -0.86,
            "gross_profit": -154868,
            "gross_margin": -7.88,
            "gross_margin_4q_avg": 8.19,
            "net_income": -408028,
            "revenue": 1964426,
            "common_shares": 5487763,
            "book_valuer_per_share": 14.6,
            "book_valuer_per_share_4q_avg": 15.12,
            "equity": 12792131,
            "current_ratio": 93.22,
            "debt_ratio": 57.5,
            "inventory_turnover_ratio": 1.47,
            "account_receivable_turnover_ratio": 2.07,
            "reinvestment_rate": 1351.24,
            "research_to_sale_ratio": null,
            "price_fair": 30.91,
            "eps_avg_yearly": 0.88,
            "eps_latest_yearly": 0.24,
            "eps_growth_yearly": 174.31
        },
        "20091": {
            "year_quarter": 20091,
            "year": 2009,
            "quarter": 1,
            "eps": -0.08,
            "eps_growth_year": -161.54,
            "eps_4q": -0.15,
            "eps_4q_growth_year": -140.19,
            "roe": -0.41,
            "roe_4q": -1.85,
            "gross_profit": 270062,
            "gross_margin": 15.37,
            "gross_margin_4q_avg": 9.18,
            "net_income": -53602,
            "revenue": 1756964,
            "common_shares": 5487763,
            "book_valuer_per_share": 14.95,
            "book_valuer_per_share_4q_avg": 14.96,
            "equity": 13120609,
            "current_ratio": 77.36,
            "debt_ratio": 57.58,
            "inventory_turnover_ratio": 1.23,
            "account_receivable_turnover_ratio": 0.93,
            "reinvestment_rate": 1940.4,
            "research_to_sale_ratio": null,
            "price_fair": 31.85,
            "eps_avg_yearly": 0.91,
            "eps_latest_yearly": 0.24,
            "eps_growth_yearly": 175.51
        },
        "20092": {
            "year_quarter": 20092,
            "year": 2009,
            "quarter": 2,
            "eps": -0.03,
            "eps_growth_year": -110.34,
            "eps_4q": -0.47,
            "eps_4q_growth_year": -205.66,
            "roe": 0.07,
            "roe_4q": -3.3,
            "gross_profit": 456784,
            "gross_margin": 16.13,
            "gross_margin_4q_avg": 9.14,
            "net_income": 9262,
            "revenue": 2832008,
            "common_shares": 5421133,
            "book_valuer_per_share": 14.86,
            "book_valuer_per_share_4q_avg": 14.76,
            "equity": 12889553,
            "current_ratio": 71.1,
            "debt_ratio": 59.9,
            "inventory_turnover_ratio": 2.15,
            "account_receivable_turnover_ratio": 1.26,
            "reinvestment_rate": 2235.2,
            "research_to_sale_ratio": null,
            "price_fair": 31.44,
            "eps_avg_yearly": 0.9,
            "eps_latest_yearly": 0.24,
            "eps_growth_yearly": 160.29
        },
        "20093": {
            "year_quarter": 20093,
            "year": 2009,
            "quarter": 3,
            "eps": 0.18,
            "eps_growth_year": 200,
            "eps_4q": -0.35,
            "eps_4q_growth_year": -169.78,
            "roe": 0.78,
            "roe_4q": -2.74,
            "gross_profit": 461985,
            "gross_margin": 13.17,
            "gross_margin_4q_avg": 9.2,
            "net_income": 102337,
            "revenue": 3507450,
            "common_shares": 5421133,
            "book_valuer_per_share": 15.68,
            "book_valuer_per_share_4q_avg": 15.02,
            "equity": 13282880,
            "current_ratio": 71.24,
            "debt_ratio": 58.24,
            "inventory_turnover_ratio": 2.51,
            "account_receivable_turnover_ratio": 1.24,
            "reinvestment_rate": 2109.84,
            "research_to_sale_ratio": null,
            "price_fair": 33.46,
            "eps_avg_yearly": 0.96,
            "eps_latest_yearly": 0.24,
            "eps_growth_yearly": 204.01
        },
        "20094": {
            "year_quarter": 20094,
            "year": 2009,
            "quarter": 4,
            "eps": -0.14,
            "eps_growth_year": null,
            "eps_4q": -0.06,
            "eps_4q_growth_year": -659.01,
            "roe": -0.64,
            "roe_4q": -0.19999999999999996,
            "gross_profit": 268352,
            "gross_margin": 7.67,
            "gross_margin_4q_avg": 13.09,
            "net_income": -85048,
            "revenue": 3499042,
            "common_shares": 6971133,
            "book_valuer_per_share": 14.65,
            "book_valuer_per_share_4q_avg": 15.04,
            "equity": 13315285,
            "current_ratio": 77.79,
            "debt_ratio": 61.69,
            "inventory_turnover_ratio": 2.04,
            "account_receivable_turnover_ratio": 2.15,
            "reinvestment_rate": 3327.61,
            "research_to_sale_ratio": null,
            "price_fair": 30.64,
            "eps_avg_yearly": 0.88,
            "eps_latest_yearly": 0.24,
            "eps_growth_yearly": 37.79
        },
        "20101": {
            "year_quarter": 20101,
            "year": 2010,
            "quarter": 1,
            "eps": 0.07,
            "eps_growth_year": null,
            "eps_4q": 0.07,
            "eps_4q_growth_year": null,
            "roe": 0.24,
            "roe_4q": 0.45,
            "gross_profit": 549676,
            "gross_margin": 11.7,
            "gross_margin_4q_avg": 12.17,
            "net_income": 31817,
            "revenue": 4698841,
            "common_shares": 6971133,
            "book_valuer_per_share": 14.64,
            "book_valuer_per_share_4q_avg": 14.96,
            "equity": 13281135,
            "current_ratio": 86.29,
            "debt_ratio": 62.23,
            "inventory_turnover_ratio": 1.92,
            "account_receivable_turnover_ratio": 1.26,
            "reinvestment_rate": 4335.77,
            "research_to_sale_ratio": 0.08,
            "price_fair": 29.58,
            "eps_avg_yearly": 0.85,
            "eps_latest_yearly": 0.24,
            "eps_growth_yearly": 59.18
        },
        "20102": {
            "year_quarter": 20102,
            "year": 2010,
            "quarter": 2,
            "eps": 0.12,
            "eps_growth_year": null,
            "eps_4q": 0.21,
            "eps_4q_growth_year": null,
            "roe": 0.32,
            "roe_4q": 0.7000000000000001,
            "gross_profit": 573362,
            "gross_margin": 10.63,
            "gross_margin_4q_avg": 10.79,
            "net_income": 41517,
            "revenue": 5392111,
            "common_shares": 6971133,
            "book_valuer_per_share": 14.22,
            "book_valuer_per_share_4q_avg": 14.8,
            "equity": 13041143,
            "current_ratio": 88.57,
            "debt_ratio": 65.63,
            "inventory_turnover_ratio": 2.35,
            "account_receivable_turnover_ratio": 1.15,
            "reinvestment_rate": 5524.48,
            "research_to_sale_ratio": 0.07,
            "price_fair": 25.03,
            "eps_avg_yearly": 0.72,
            "eps_latest_yearly": 0.48,
            "eps_growth_yearly": 77.04
        },
        "20103": {
            "year_quarter": 20103,
            "year": 2010,
            "quarter": 3,
            "eps": 0.49,
            "eps_growth_year": 173.69,
            "eps_4q": 0.56,
            "eps_4q_growth_year": null,
            "roe": 2.98,
            "roe_4q": 2.9,
            "gross_profit": 899129,
            "gross_margin": 18.01,
            "gross_margin_4q_avg": 12,
            "net_income": 392497,
            "revenue": 4991319,
            "common_shares": 6971133,
            "book_valuer_per_share": 14.63,
            "book_valuer_per_share_4q_avg": 14.54,
            "equity": 13321379,
            "current_ratio": 106.39,
            "debt_ratio": 64.53,
            "inventory_turnover_ratio": 2.28,
            "account_receivable_turnover_ratio": 0.92,
            "reinvestment_rate": 3528.64,
            "research_to_sale_ratio": 0.07,
            "price_fair": 28.18,
            "eps_avg_yearly": 0.81,
            "eps_latest_yearly": 1.96,
            "eps_growth_yearly": 240.42
        },
        "20104": {
            "year_quarter": 20104,
            "year": 2010,
            "quarter": 4,
            "eps": 0.23,
            "eps_growth_year": null,
            "eps_4q": 0.89,
            "eps_4q_growth_year": null,
            "roe": 1.6,
            "roe_4q": 5.140000000000001,
            "gross_profit": 797454,
            "gross_margin": 10.43,
            "gross_margin_4q_avg": 12.69,
            "net_income": 208042,
            "revenue": 7646040,
            "common_shares": 6971133,
            "book_valuer_per_share": 14.68,
            "book_valuer_per_share_4q_avg": 14.54,
            "equity": 12639054,
            "current_ratio": 95,
            "debt_ratio": 64.87,
            "inventory_turnover_ratio": 3.32,
            "account_receivable_turnover_ratio": 1.33,
            "reinvestment_rate": 2320.32,
            "research_to_sale_ratio": 0.05,
            "price_fair": 30.63,
            "eps_avg_yearly": 0.88,
            "eps_latest_yearly": 0.92,
            "eps_growth_yearly": 249.37
        },
        "20111": {
            "year_quarter": 20111,
            "year": 2011,
            "quarter": 1,
            "eps": 0.06,
            "eps_growth_year": -14.29,
            "eps_4q": 0.89,
            "eps_4q_growth_year": 1236.93,
            "roe": -0.03,
            "roe_4q": 4.87,
            "gross_profit": 620123,
            "gross_margin": 10.72,
            "gross_margin_4q_avg": 12.45,
            "net_income": -4276,
            "revenue": 5785642,
            "common_shares": 6971133,
            "book_valuer_per_share": 14.79,
            "book_valuer_per_share_4q_avg": 14.58,
            "equity": 12739167,
            "current_ratio": 100.95,
            "debt_ratio": 65.58,
            "inventory_turnover_ratio": 2.17,
            "account_receivable_turnover_ratio": 0.99,
            "reinvestment_rate": 3026.11,
            "research_to_sale_ratio": 0.07,
            "price_fair": 28,
            "eps_avg_yearly": 0.8,
            "eps_latest_yearly": 0.24,
            "eps_growth_yearly": 145.75
        },
        "20112": {
            "year_quarter": 20112,
            "year": 2011,
            "quarter": 2,
            "eps": 0.08,
            "eps_growth_year": -31.55,
            "eps_4q": 0.84,
            "eps_4q_growth_year": 307.37,
            "roe": 0.14,
            "roe_4q": 4.69,
            "gross_profit": 531074,
            "gross_margin": 9.24,
            "gross_margin_4q_avg": 12.1,
            "net_income": 18011,
            "revenue": 5745693,
            "common_shares": 6921133,
            "book_valuer_per_share": 13.88,
            "book_valuer_per_share_4q_avg": 14.5,
            "equity": 12110226,
            "current_ratio": 100.54,
            "debt_ratio": 69.03,
            "inventory_turnover_ratio": 2.19,
            "account_receivable_turnover_ratio": 0.93,
            "reinvestment_rate": 3103.1,
            "research_to_sale_ratio": 0.07,
            "price_fair": 26.6,
            "eps_avg_yearly": 0.76,
            "eps_latest_yearly": 0.32,
            "eps_growth_yearly": 174.32
        },
        "20113": {
            "year_quarter": 20113,
            "year": 2011,
            "quarter": 3,
            "eps": 0.42,
            "eps_growth_year": -14.47,
            "eps_4q": 0.78,
            "eps_4q_growth_year": 39.28,
            "roe": 2.49,
            "roe_4q": 4.200000000000001,
            "gross_profit": 696057,
            "gross_margin": 10.25,
            "gross_margin_4q_avg": 10.16,
            "net_income": 312394,
            "revenue": 6792771,
            "common_shares": 6871133,
            "book_valuer_per_share": 14.87,
            "book_valuer_per_share_4q_avg": 14.56,
            "equity": 13008023,
            "current_ratio": 103.95,
            "debt_ratio": 68.39,
            "inventory_turnover_ratio": 2.68,
            "account_receivable_turnover_ratio": 0.94,
            "reinvestment_rate": 2534.14,
            "research_to_sale_ratio": 0.06,
            "price_fair": 30.63,
            "eps_avg_yearly": 0.88,
            "eps_latest_yearly": 1.68,
            "eps_growth_yearly": 377.44
        },
        "20114": {
            "year_quarter": 20114,
            "year": 2011,
            "quarter": 4,
            "eps": 0.3,
            "eps_growth_year": 32.07,
            "eps_4q": 0.85,
            "eps_4q_growth_year": -4.5,
            "roe": 2.03,
            "roe_4q": 4.629999999999999,
            "gross_profit": 716231,
            "gross_margin": 10,
            "gross_margin_4q_avg": 10.05,
            "net_income": 265406,
            "revenue": 7162812,
            "common_shares": 6871133,
            "book_valuer_per_share": 14.91,
            "book_valuer_per_share_4q_avg": 14.61,
            "equity": 13135565,
            "current_ratio": 102.28,
            "debt_ratio": 68.42,
            "inventory_turnover_ratio": 2.51,
            "account_receivable_turnover_ratio": 0.85,
            "reinvestment_rate": 1514.47,
            "research_to_sale_ratio": 0.07,
            "price_fair": 31.89,
            "eps_avg_yearly": 0.91,
            "eps_latest_yearly": 1.2,
            "eps_growth_yearly": 322.81
        },
        "20121": {
            "year_quarter": 20121,
            "year": 2012,
            "quarter": 1,
            "eps": 0.03,
            "eps_growth_year": -50,
            "eps_4q": 0.82,
            "eps_4q_growth_year": -7.28,
            "roe": 0.02,
            "roe_4q": 4.68,
            "gross_profit": 664084,
            "gross_margin": 12.34,
            "gross_margin_4q_avg": 10.46,
            "net_income": 2630,
            "revenue": 5381876,
            "common_shares": 6871133,
            "book_valuer_per_share": 14.7,
            "book_valuer_per_share_4q_avg": 14.59,
            "equity": 12924165,
            "current_ratio": 102.53,
            "debt_ratio": 69.41,
            "inventory_turnover_ratio": 1.65,
            "account_receivable_turnover_ratio": 0.62,
            "reinvestment_rate": 1377.21,
            "research_to_sale_ratio": 0.26,
            "price_fair": 29.12,
            "eps_avg_yearly": 0.83,
            "eps_latest_yearly": 0.12,
            "eps_growth_yearly": 254.53
        },
        "20122": {
            "year_quarter": 20122,
            "year": 2012,
            "quarter": 2,
            "eps": -0.01,
            "eps_growth_year": -107.95,
            "eps_4q": 0.74,
            "eps_4q_growth_year": -12.94,
            "roe": -0.23,
            "roe_4q": 4.3100000000000005,
            "gross_profit": 745571,
            "gross_margin": 13.53,
            "gross_margin_4q_avg": 11.53,
            "net_income": -29100,
            "revenue": 5509983,
            "common_shares": 6871133,
            "book_valuer_per_share": 14.47,
            "book_valuer_per_share_4q_avg": 14.74,
            "equity": 12747875,
            "current_ratio": 95.34,
            "debt_ratio": 67.84,
            "inventory_turnover_ratio": 1.73,
            "account_receivable_turnover_ratio": 0.68,
            "reinvestment_rate": 1272.4,
            "research_to_sale_ratio": 0.31,
            "price_fair": 27.84,
            "eps_avg_yearly": 0.8,
            "eps_latest_yearly": 0.12,
            "eps_growth_yearly": 228.11
        },
        "20123": {
            "year_quarter": 20123,
            "year": 2012,
            "quarter": 3,
            "eps": 0.24,
            "eps_growth_year": -43.49,
            "eps_4q": 0.55,
            "eps_4q_growth_year": -29.06,
            "roe": 1.39,
            "roe_4q": 3.21,
            "gross_profit": 775264,
            "gross_margin": 13.38,
            "gross_margin_4q_avg": 12.31,
            "net_income": 178675,
            "revenue": 5792036,
            "common_shares": 6871133,
            "book_valuer_per_share": 14.67,
            "book_valuer_per_share_4q_avg": 14.69,
            "equity": 12876308,
            "current_ratio": 103.32,
            "debt_ratio": 67.36,
            "inventory_turnover_ratio": 2.06,
            "account_receivable_turnover_ratio": 0.8,
            "reinvestment_rate": 706.69,
            "research_to_sale_ratio": 0.3,
            "price_fair": 30.28,
            "eps_avg_yearly": 0.87,
            "eps_latest_yearly": 0.12,
            "eps_growth_yearly": 296.27
        },
        "20124": {
            "year_quarter": 20124,
            "year": 2012,
            "quarter": 4,
            "eps": 0.42,
            "eps_growth_year": 41.2,
            "eps_4q": 0.68,
            "eps_4q_growth_year": -20.59,
            "roe": 2.72,
            "roe_4q": 3.9000000000000004,
            "gross_profit": 1014463,
            "gross_margin": 18.75,
            "gross_margin_4q_avg": 14.5,
            "net_income": 354318,
            "revenue": 5409878,
            "common_shares": 6871133,
            "book_valuer_per_share": 15.11,
            "book_valuer_per_share_4q_avg": 14.74,
            "equity": 13223872,
            "current_ratio": 105.41,
            "debt_ratio": 67.21,
            "inventory_turnover_ratio": 1.89,
            "account_receivable_turnover_ratio": 0.74,
            "reinvestment_rate": 280.76,
            "research_to_sale_ratio": 0.44,
            "price_fair": 33.44,
            "eps_avg_yearly": 0.96,
            "eps_latest_yearly": 1.68,
            "eps_growth_yearly": 296.69
        },
        "20131": {
            "year_quarter": 20131,
            "year": 2013,
            "quarter": 1,
            "eps": 0.28,
            "eps_growth_year": 833.33,
            "eps_4q": 0.93,
            "eps_4q_growth_year": 13.33,
            "roe": 1.62,
            "roe_4q": 5.499999999999999,
            "gross_profit": 827303,
            "gross_margin": 15.87,
            "gross_margin_4q_avg": 15.38,
            "net_income": 213811,
            "revenue": 5212993,
            "common_shares": 6871133,
            "book_valuer_per_share": 15.99,
            "book_valuer_per_share_4q_avg": 15.06,
            "equity": 13094662,
            "current_ratio": 97.17,
            "debt_ratio": 68.75,
            "inventory_turnover_ratio": 1.77,
            "account_receivable_turnover_ratio": 0.69,
            "reinvestment_rate": 284.05,
            "research_to_sale_ratio": 0.3,
            "price_fair": 34.02,
            "eps_avg_yearly": 0.97,
            "eps_latest_yearly": 1.12,
            "eps_growth_yearly": 253.69
        },
        "20132": {
            "year_quarter": 20132,
            "year": 2013,
            "quarter": 2,
            "eps": 0.36,
            "eps_growth_year": null,
            "eps_4q": 1.3,
            "eps_4q_growth_year": 77.26,
            "roe": 2.07,
            "roe_4q": 7.8,
            "gross_profit": 822610,
            "gross_margin": 15.05,
            "gross_margin_4q_avg": 15.76,
            "net_income": 274874,
            "revenue": 5466775,
            "common_shares": 6871133,
            "book_valuer_per_share": 16.43,
            "book_valuer_per_share_4q_avg": 15.55,
            "equity": 13433767,
            "current_ratio": 89.53,
            "debt_ratio": 66.83,
            "inventory_turnover_ratio": 1.89,
            "account_receivable_turnover_ratio": 0.75,
            "reinvestment_rate": 289.48,
            "research_to_sale_ratio": 0.6,
            "price_fair": 35.51,
            "eps_avg_yearly": 1.01,
            "eps_latest_yearly": 1.44,
            "eps_growth_yearly": 241.01
        },
        "20133": {
            "year_quarter": 20133,
            "year": 2013,
            "quarter": 3,
            "eps": 0.29,
            "eps_growth_year": 21.79,
            "eps_4q": 1.33,
            "eps_4q_growth_year": 140.11,
            "roe": 1.62,
            "roe_4q": 8.030000000000001,
            "gross_profit": 1093097,
            "gross_margin": 15.86,
            "gross_margin_4q_avg": 16.38,
            "net_income": 220625,
            "revenue": 6889988,
            "common_shares": 6871133,
            "book_valuer_per_share": 16.61,
            "book_valuer_per_share_4q_avg": 16.04,
            "equity": 13773602,
            "current_ratio": 86.93,
            "debt_ratio": 67.34,
            "inventory_turnover_ratio": 2.49,
            "account_receivable_turnover_ratio": 0.86,
            "reinvestment_rate": 276.09,
            "research_to_sale_ratio": 1.03,
            "price_fair": 35.93,
            "eps_avg_yearly": 1.03,
            "eps_latest_yearly": 1.16,
            "eps_growth_yearly": 214.45
        },
        "20134": {
            "year_quarter": 20134,
            "year": 2013,
            "quarter": 4,
            "eps": 0.27,
            "eps_growth_year": -36.59,
            "eps_4q": 1.08,
            "eps_4q_growth_year": 59.56,
            "roe": 1.55,
            "roe_4q": 6.86,
            "gross_profit": 1471296,
            "gross_margin": 21.84,
            "gross_margin_4q_avg": 17.16,
            "net_income": 219917,
            "revenue": 6737076,
            "common_shares": 7871133,
            "book_valuer_per_share": 17.39,
            "book_valuer_per_share_4q_avg": 16.61,
            "equity": 14662994,
            "current_ratio": 104.9,
            "debt_ratio": 66.16,
            "inventory_turnover_ratio": 2.37,
            "account_receivable_turnover_ratio": 0.71,
            "reinvestment_rate": 130.21,
            "research_to_sale_ratio": 7.52,
            "price_fair": 36.08,
            "eps_avg_yearly": 1.03,
            "eps_latest_yearly": 1.08,
            "eps_growth_yearly": 195.83
        },
        "20141": {
            "year_quarter": 20141,
            "year": 2014,
            "quarter": 1,
            "eps": -0.02,
            "eps_growth_year": -107.14,
            "eps_4q": 0.82,
            "eps_4q_growth_year": -11.99,
            "roe": -0.22,
            "roe_4q": 5.02,
            "gross_profit": 1216297,
            "gross_margin": 18.9,
            "gross_margin_4q_avg": 17.91,
            "net_income": -32123,
            "revenue": 6434613,
            "common_shares": 7871133,
            "book_valuer_per_share": 17.22,
            "book_valuer_per_share_4q_avg": 16.91,
            "equity": 14517600,
            "current_ratio": 96.46,
            "debt_ratio": 67.37,
            "inventory_turnover_ratio": 2.33,
            "account_receivable_turnover_ratio": 0.62,
            "reinvestment_rate": 145.31,
            "research_to_sale_ratio": 2.47,
            "price_fair": 36.08,
            "eps_avg_yearly": 1.03,
            "eps_latest_yearly": 1.08,
            "eps_growth_yearly": 195.83
        },
        "20142": {
            "year_quarter": 20142,
            "year": 2014,
            "quarter": 2,
            "eps": 0.54,
            "eps_growth_year": 50,
            "eps_4q": 1.04,
            "eps_4q_growth_year": -19.94,
            "roe": 3.09,
            "roe_4q": 6.04,
            "gross_profit": 1416852,
            "gross_margin": 20.53,
            "gross_margin_4q_avg": 19.28,
            "net_income": 445721,
            "revenue": 6901743,
            "common_shares": 7871133,
            "book_valuer_per_share": 16.98,
            "book_valuer_per_share_4q_avg": 17.05,
            "equity": 14330807,
            "current_ratio": 87.93,
            "debt_ratio": 67.43,
            "inventory_turnover_ratio": 2.43,
            "account_receivable_turnover_ratio": 0.65,
            "reinvestment_rate": 90.41,
            "research_to_sale_ratio": 3.14,
            "price_fair": 37.68,
            "eps_avg_yearly": 1.08,
            "eps_latest_yearly": 1.08,
            "eps_growth_yearly": 188.34
        },
        "20143": {
            "year_quarter": 20143,
            "year": 2014,
            "quarter": 3,
            "eps": 0.58,
            "eps_growth_year": 100,
            "eps_4q": 1.29,
            "eps_4q_growth_year": -2.7,
            "roe": 3.2,
            "roe_4q": 7.62,
            "gross_profit": 1349494,
            "gross_margin": 19.21,
            "gross_margin_4q_avg": 20.12,
            "net_income": 483565,
            "revenue": 7024051,
            "common_shares": 8371133,
            "book_valuer_per_share": 17.79,
            "book_valuer_per_share_4q_avg": 17.35,
            "equity": 15905924,
            "current_ratio": 93.5,
            "debt_ratio": 65.89,
            "inventory_turnover_ratio": 2.62,
            "account_receivable_turnover_ratio": 0.64,
            "reinvestment_rate": 121.24,
            "research_to_sale_ratio": 3.18,
            "price_fair": 38.73,
            "eps_avg_yearly": 1.11,
            "eps_latest_yearly": 2.32,
            "eps_growth_yearly": 88.03
        },
        "20144": {
            "year_quarter": 20144,
            "year": 2014,
            "quarter": 4,
            "eps": 0,
            "eps_growth_year": -98.71,
            "eps_4q": 1.05,
            "eps_4q_growth_year": -3.14,
            "roe": -0.13,
            "roe_4q": 5.94,
            "gross_profit": 1305480,
            "gross_margin": 18.32,
            "gross_margin_4q_avg": 19.24,
            "net_income": -21084,
            "revenue": 7127535,
            "common_shares": 8371133,
            "book_valuer_per_share": 17.87,
            "book_valuer_per_share_4q_avg": 17.47,
            "equity": 15982096,
            "current_ratio": 102.85,
            "debt_ratio": 66.29,
            "inventory_turnover_ratio": 2.59,
            "account_receivable_turnover_ratio": 0.64,
            "reinvestment_rate": 225.14,
            "research_to_sale_ratio": 2.37,
            "price_fair": 39.33,
            "eps_avg_yearly": 1.12,
            "eps_latest_yearly": 2.32,
            "eps_growth_yearly": 115.33
        },
        "20151": {
            "year_quarter": 20151,
            "year": 2015,
            "quarter": 1,
            "eps": 0.21,
            "eps_growth_year": null,
            "eps_4q": 1.28,
            "eps_4q_growth_year": 56,
            "roe": 1.14,
            "roe_4q": 7.3,
            "gross_profit": 1122029,
            "gross_margin": 16.93,
            "gross_margin_4q_avg": 18.75,
            "net_income": 180859,
            "revenue": 6627431,
            "common_shares": 8371133,
            "book_valuer_per_share": 17.71,
            "book_valuer_per_share_4q_avg": 17.59,
            "equity": 15840500,
            "current_ratio": 86.36,
            "debt_ratio": 65.27,
            "inventory_turnover_ratio": 2.36,
            "account_receivable_turnover_ratio": 0.65,
            "reinvestment_rate": 191.08,
            "research_to_sale_ratio": 2.56,
            "price_fair": 42.42,
            "eps_avg_yearly": 1.21,
            "eps_latest_yearly": 2.32,
            "eps_growth_yearly": 156.43
        },
        "20152": {
            "year_quarter": 20152,
            "year": 2015,
            "quarter": 2,
            "eps": 0.41,
            "eps_growth_year": -24.07,
            "eps_4q": 1.17,
            "eps_4q_growth_year": 12.33,
            "roe": 2.2,
            "roe_4q": 6.41,
            "gross_profit": 1291151,
            "gross_margin": 18.82,
            "gross_margin_4q_avg": 18.32,
            "net_income": 341223,
            "revenue": 6860781,
            "common_shares": 8371133,
            "book_valuer_per_share": 16.94,
            "book_valuer_per_share_4q_avg": 17.58,
            "equity": 15180776,
            "current_ratio": 79.94,
            "debt_ratio": 65.63,
            "inventory_turnover_ratio": 2.66,
            "account_receivable_turnover_ratio": 0.74,
            "reinvestment_rate": 176.76,
            "research_to_sale_ratio": 2.63,
            "price_fair": 47.04,
            "eps_avg_yearly": 1.34,
            "eps_latest_yearly": 1.64,
            "eps_growth_yearly": 181.19
        },
        "20153": {
            "year_quarter": 20153,
            "year": 2015,
            "quarter": 3,
            "eps": 0.31,
            "eps_growth_year": -46.55,
            "eps_4q": 0.93,
            "eps_4q_growth_year": -27.88,
            "roe": 1.69,
            "roe_4q": 4.9,
            "gross_profit": 1407147,
            "gross_margin": 20.29,
            "gross_margin_4q_avg": 18.59,
            "net_income": 259639,
            "revenue": 6933989,
            "common_shares": 8371133,
            "book_valuer_per_share": 17.39,
            "book_valuer_per_share_4q_avg": 17.48,
            "equity": 15594472,
            "current_ratio": 74.67,
            "debt_ratio": 67.99,
            "inventory_turnover_ratio": 2.71,
            "account_receivable_turnover_ratio": 0.73,
            "reinvestment_rate": 193.86,
            "research_to_sale_ratio": 3.07,
            "price_fair": 14.86,
            "eps_avg_yearly": 1.3,
            "eps_latest_yearly": 1.24,
            "eps_growth_yearly": 1.43
        },
        "20154": {
            "year_quarter": 20154,
            "year": 2015,
            "quarter": 4,
            "eps": 0.19,
            "eps_growth_year": 5467.51,
            "eps_4q": 1.12,
            "eps_4q_growth_year": 7.08,
            "roe": 1.08,
            "roe_4q": 6.11,
            "gross_profit": 1159419,
            "gross_margin": 18.1,
            "gross_margin_4q_avg": 18.54,
            "net_income": 167361,
            "revenue": 6404452,
            "common_shares": 8371133,
            "book_valuer_per_share": 17.32,
            "book_valuer_per_share_4q_avg": 17.34,
            "equity": 15543656,
            "current_ratio": 73.03,
            "debt_ratio": 67.1,
            "inventory_turnover_ratio": 2.28,
            "account_receivable_turnover_ratio": 0.73,
            "reinvestment_rate": 182.98,
            "research_to_sale_ratio": 3.23,
            "price_fair": 3.77,
            "eps_avg_yearly": 1.26,
            "eps_latest_yearly": 0.76,
            "eps_growth_yearly": -2.62
        },
        "20161": {
            "year_quarter": 20161,
            "year": 2016,
            "quarter": 1,
            "eps": 0.3,
            "eps_growth_year": 42.86,
            "eps_4q": 1.21,
            "eps_4q_growth_year": -5.1,
            "roe": 1.66,
            "roe_4q": 6.63,
            "gross_profit": 1380190,
            "gross_margin": 18.92,
            "gross_margin_4q_avg": 19.03,
            "net_income": 261705,
            "revenue": 7296450,
            "common_shares": 8371133,
            "book_valuer_per_share": 17.94,
            "book_valuer_per_share_4q_avg": 17.4,
            "equity": 16072876,
            "current_ratio": 77.84,
            "debt_ratio": 68.58,
            "inventory_turnover_ratio": 2.35,
            "account_receivable_turnover_ratio": 0.89,
            "reinvestment_rate": 243.08,
            "research_to_sale_ratio": 2.83,
            "price_fair": 47.74,
            "eps_avg_yearly": 1.36,
            "eps_latest_yearly": 1.2,
            "eps_growth_yearly": 56.53
        },
        "20162": {
            "year_quarter": 20162,
            "year": 2016,
            "quarter": 2,
            "eps": 0.67,
            "eps_growth_year": 63.41,
            "eps_4q": 1.47,
            "eps_4q_growth_year": 25.65,
            "roe": 3.92,
            "roe_4q": 8.35,
            "gross_profit": 1608276,
            "gross_margin": 19.55,
            "gross_margin_4q_avg": 19.22,
            "net_income": 628484,
            "revenue": 8224889,
            "common_shares": 8343033,
            "book_valuer_per_share": 17.79,
            "book_valuer_per_share_4q_avg": 17.61,
            "equity": 15996206,
            "current_ratio": 97.2,
            "debt_ratio": 69.38,
            "inventory_turnover_ratio": 2.72,
            "account_receivable_turnover_ratio": 0.96,
            "reinvestment_rate": 232.46,
            "research_to_sale_ratio": 2.63,
            "price_fair": 51.93,
            "eps_avg_yearly": 1.48,
            "eps_latest_yearly": 2.68,
            "eps_growth_yearly": 96.24
        },
        "20163": {
            "year_quarter": 20163,
            "year": 2016,
            "quarter": 3,
            "eps": 0.2,
            "eps_growth_year": -35.48,
            "eps_4q": 1.36,
            "eps_4q_growth_year": 45.97,
            "roe": 1.17,
            "roe_4q": 7.83,
            "gross_profit": 1422923,
            "gross_margin": 18.11,
            "gross_margin_4q_avg": 18.67,
            "net_income": 184898,
            "revenue": 7856391,
            "common_shares": 8343033,
            "book_valuer_per_share": 17.4,
            "book_valuer_per_share_4q_avg": 17.61,
            "equity": 15657713,
            "current_ratio": 83.06,
            "debt_ratio": 69.72,
            "inventory_turnover_ratio": 3.02,
            "account_receivable_turnover_ratio": 0.91,
            "reinvestment_rate": 271.97,
            "research_to_sale_ratio": 2.64,
            "price_fair": 49.93,
            "eps_avg_yearly": 1.43,
            "eps_latest_yearly": 0.8,
            "eps_growth_yearly": 64.84
        },
        "20164": {
            "year_quarter": 20164,
            "year": 2016,
            "quarter": 4,
            "eps": 1.42,
            "eps_growth_year": 642.65,
            "eps_4q": 2.39,
            "eps_4q_growth_year": 113.35,
            "roe": 8.3,
            "roe_4q": 15.05,
            "gross_profit": 1968905,
            "gross_margin": 21.55,
            "gross_margin_4q_avg": 19.53,
            "net_income": 1437825,
            "revenue": 9134370,
            "common_shares": 10063678,
            "book_valuer_per_share": 18.46,
            "book_valuer_per_share_4q_avg": 17.9,
            "equity": 19001911,
            "current_ratio": 100.97,
            "debt_ratio": 66.33,
            "inventory_turnover_ratio": 3.16,
            "account_receivable_turnover_ratio": 0.98,
            "reinvestment_rate": 257.27,
            "research_to_sale_ratio": 2.26,
            "price_fair": 61.6,
            "eps_avg_yearly": 1.76,
            "eps_latest_yearly": 5.68,
            "eps_growth_yearly": 243.17
        },
        "20171": {
            "year_quarter": 20171,
            "year": 2017,
            "quarter": 1,
            "eps": 0.9,
            "eps_growth_year": 200,
            "eps_4q": 2.82,
            "eps_4q_growth_year": 132.95,
            "roe": 4.75,
            "roe_4q": 18.14,
            "gross_profit": 2556136,
            "gross_margin": 26.28,
            "gross_margin_4q_avg": 21.37,
            "net_income": 987362,
            "revenue": 9725880,
            "common_shares": 10063678,
            "book_valuer_per_share": 21.99,
            "book_valuer_per_share_4q_avg": 18.91,
            "equity": 22562690,
            "current_ratio": 113.47,
            "debt_ratio": 64.98,
            "inventory_turnover_ratio": 2.52,
            "account_receivable_turnover_ratio": 0.93,
            "reinvestment_rate": 262.89,
            "research_to_sale_ratio": 2.24,
            "price_fair": 68.83,
            "eps_avg_yearly": 1.97,
            "eps_latest_yearly": 3.6,
            "eps_growth_yearly": 242.08
        },
        "20172": {
            "year_quarter": 20172,
            "year": 2017,
            "quarter": 2,
            "eps": 0.83,
            "eps_growth_year": 23.88,
            "eps_4q": 3.12,
            "eps_4q_growth_year": 112.06,
            "roe": 3.94,
            "roe_4q": 18.160000000000004,
            "gross_profit": 1854291,
            "gross_margin": 19.14,
            "gross_margin_4q_avg": 21.27,
            "net_income": 909840,
            "revenue": 9687180,
            "common_shares": 11059909,
            "book_valuer_per_share": 20.91,
            "book_valuer_per_share_4q_avg": 19.69,
            "equity": 23595116,
            "current_ratio": 101.41,
            "debt_ratio": 65.53,
            "inventory_turnover_ratio": 2.54,
            "account_receivable_turnover_ratio": 0.84,
            "reinvestment_rate": 256.17,
            "research_to_sale_ratio": 2.55,
            "price_fair": 74.32,
            "eps_avg_yearly": 2.12,
            "eps_latest_yearly": 3.32,
            "eps_growth_yearly": 229.96
        },
        "20173": {
            "year_quarter": 20173,
            "year": 2017,
            "quarter": 3,
            "eps": 1.01,
            "eps_growth_year": 405,
            "eps_4q": 3.89,
            "eps_4q_growth_year": 185.89,
            "roe": 4.43,
            "roe_4q": 21.42,
            "gross_profit": 2611588,
            "gross_margin": 20.73,
            "gross_margin_4q_avg": 21.93,
            "net_income": 1137238,
            "revenue": 12598902,
            "common_shares": 11336857,
            "book_valuer_per_share": 23.93,
            "book_valuer_per_share_4q_avg": 21.32,
            "equity": 27696465,
            "current_ratio": 104.43,
            "debt_ratio": 63.39,
            "inventory_turnover_ratio": 2.94,
            "account_receivable_turnover_ratio": 0.92,
            "reinvestment_rate": 287.21,
            "research_to_sale_ratio": 2.75,
            "price_fair": 82.72,
            "eps_avg_yearly": 2.36,
            "eps_latest_yearly": 4.04,
            "eps_growth_yearly": 243.67
        },
        "20174": {
            "year_quarter": 20174,
            "year": 2017,
            "quarter": 4,
            "eps": 0.79,
            "eps_growth_year": -44.27,
            "eps_4q": 3.42,
            "eps_4q_growth_year": 43.17,
            "roe": 3.29,
            "roe_4q": 16.41,
            "gross_profit": 2587885,
            "gross_margin": 17.6,
            "gross_margin_4q_avg": 20.94,
            "net_income": 917403,
            "revenue": 14704845,
            "common_shares": 11336857,
            "book_valuer_per_share": 24.24,
            "book_valuer_per_share_4q_avg": 22.77,
            "equity": 28072423,
            "current_ratio": 98.07,
            "debt_ratio": 62.9,
            "inventory_turnover_ratio": 3.21,
            "account_receivable_turnover_ratio": 0.92,
            "reinvestment_rate": 256.05,
            "research_to_sale_ratio": 1.93,
            "price_fair": 88.78,
            "eps_avg_yearly": 2.54,
            "eps_latest_yearly": 3.16,
            "eps_growth_yearly": 238.71
        },
        "20181": {
            "year_quarter": 20181,
            "year": 2018,
            "quarter": 1,
            "eps": 0.24,
            "eps_growth_year": -73.33,
            "eps_4q": 2.81,
            "eps_4q_growth_year": -0.56,
            "roe": 0.96,
            "roe_4q": 12.62,
            "gross_profit": 1479248,
            "gross_margin": 13.12,
            "gross_margin_4q_avg": 17.65,
            "net_income": 267666,
            "revenue": 11277097,
            "common_shares": 11336857,
            "book_valuer_per_share": 23.64,
            "book_valuer_per_share_4q_avg": 23.18,
            "equity": 27404853,
            "current_ratio": 92.96,
            "debt_ratio": 63.71,
            "inventory_turnover_ratio": 2.44,
            "account_receivable_turnover_ratio": 0.73,
            "reinvestment_rate": 250.73,
            "research_to_sale_ratio": 2.02,
            "price_fair": 84.54,
            "eps_avg_yearly": 2.42,
            "eps_latest_yearly": 0.96,
            "eps_growth_yearly": 198.93
        },
        "20182": {
            "year_quarter": 20182,
            "year": 2018,
            "quarter": 2,
            "eps": 0.64,
            "eps_growth_year": -22.89,
            "eps_4q": 2.65,
            "eps_4q_growth_year": -15.23,
            "roe": 2.8,
            "roe_4q": 11.48,
            "gross_profit": 2340777,
            "gross_margin": 15.55,
            "gross_margin_4q_avg": 16.75,
            "net_income": 726863,
            "revenue": 15053355,
            "common_shares": 11336857,
            "book_valuer_per_share": 21.13,
            "book_valuer_per_share_4q_avg": 23.24,
            "equity": 24558718,
            "current_ratio": 77.37,
            "debt_ratio": 68.11,
            "inventory_turnover_ratio": 3,
            "account_receivable_turnover_ratio": 0.95,
            "reinvestment_rate": 241.32,
            "research_to_sale_ratio": 2.5,
            "price_fair": 84.9,
            "eps_avg_yearly": 2.43,
            "eps_latest_yearly": 2.56,
            "eps_growth_yearly": 232.34
        },
        "20183": {
            "year_quarter": 20183,
            "year": 2018,
            "quarter": 3,
            "eps": -0.03,
            "eps_growth_year": -102.97,
            "eps_4q": 1.64,
            "eps_4q_growth_year": -57.99,
            "roe": -0.19,
            "roe_4q": 6.859999999999999,
            "gross_profit": 1767752,
            "gross_margin": 13.41,
            "gross_margin_4q_avg": 14.92,
            "net_income": -44489,
            "revenue": 13186444,
            "common_shares": 11336857,
            "book_valuer_per_share": 19.74,
            "book_valuer_per_share_4q_avg": 22.19,
            "equity": 22950836,
            "current_ratio": 77.58,
            "debt_ratio": 69.73,
            "inventory_turnover_ratio": 2.37,
            "account_receivable_turnover_ratio": 0.83,
            "reinvestment_rate": 231.64,
            "research_to_sale_ratio": 3.33,
            "price_fair": 85.18,
            "eps_avg_yearly": 2.43,
            "eps_latest_yearly": 2.56,
            "eps_growth_yearly": 247.93
        },
        "20184": {
            "year_quarter": 20184,
            "year": 2018,
            "quarter": 4,
            "eps": -0.02,
            "eps_growth_year": -102.37,
            "eps_4q": 0.8,
            "eps_4q_growth_year": -76.63,
            "roe": -0.17,
            "roe_4q": 3.4,
            "gross_profit": 1659345,
            "gross_margin": 12.97,
            "gross_margin_4q_avg": 13.76,
            "net_income": -38505,
            "revenue": 12796707,
            "common_shares": 11676857,
            "book_valuer_per_share": 18.41,
            "book_valuer_per_share_4q_avg": 20.73,
            "equity": 22047820,
            "current_ratio": 72.61,
            "debt_ratio": 69.21,
            "inventory_turnover_ratio": 2.3,
            "account_receivable_turnover_ratio": 0.93,
            "reinvestment_rate": 216.36,
            "research_to_sale_ratio": 2.65,
            "price_fair": 85.18,
            "eps_avg_yearly": 2.43,
            "eps_latest_yearly": 2.56,
            "eps_growth_yearly": 247.93
        },
        "20191": {
            "year_quarter": 20191,
            "year": 2019,
            "quarter": 1,
            "eps": 0.13,
            "eps_growth_year": -45.83,
            "eps_4q": 0.71,
            "eps_4q_growth_year": -74.86,
            "roe": 0.67,
            "roe_4q": 3.11,
            "gross_profit": 1515664,
            "gross_margin": 13.18,
            "gross_margin_4q_avg": 13.78,
            "net_income": 150376,
            "revenue": 11502037,
            "common_shares": 11676857,
            "book_valuer_per_share": 19.33,
            "book_valuer_per_share_4q_avg": 19.65,
            "equity": 23131294,
            "current_ratio": 67.94,
            "debt_ratio": 69.39,
            "inventory_turnover_ratio": 2.41,
            "account_receivable_turnover_ratio": 0.93,
            "reinvestment_rate": 258.31,
            "research_to_sale_ratio": 2.56,
            "price_fair": 85.18,
            "eps_avg_yearly": 2.43,
            "eps_latest_yearly": 2.56,
            "eps_growth_yearly": 247.93
        },
        "20192": {
            "year_quarter": 20192,
            "year": 2019,
            "quarter": 2,
            "eps": -0.05,
            "eps_growth_year": -107.81,
            "eps_4q": 0.04,
            "eps_4q_growth_year": -98.59,
            "roe": -0.33,
            "roe_4q": -0.01999999999999999,
            "gross_profit": 1457392,
            "gross_margin": 12.34,
            "gross_margin_4q_avg": 12.98,
            "net_income": -74561,
            "revenue": 11806938,
            "common_shares": 11676857,
            "book_valuer_per_share": 18.15,
            "book_valuer_per_share_4q_avg": 18.91,
            "equity": 21685635,
            "current_ratio": 66.02,
            "debt_ratio": 69.6,
            "inventory_turnover_ratio": 2.72,
            "account_receivable_turnover_ratio": 1.04,
            "reinvestment_rate": 261.16,
            "research_to_sale_ratio": 2.92,
            "price_fair": 87.5,
            "eps_avg_yearly": 2.5,
            "eps_latest_yearly": 2.56,
            "eps_growth_yearly": 236.84
        },
        "20193": {
            "year_quarter": 20193,
            "year": 2019,
            "quarter": 3,
            "eps": -0.07,
            "eps_growth_year": null,
            "eps_4q": -0.01,
            "eps_4q_growth_year": -100.74,
            "roe": -0.48,
            "roe_4q": -0.31000000000000005,
            "gross_profit": 1562142,
            "gross_margin": 12.94,
            "gross_margin_4q_avg": 12.86,
            "net_income": -101372,
            "revenue": 12071139,
            "common_shares": 11676857,
            "book_valuer_per_share": 17.42,
            "book_valuer_per_share_4q_avg": 18.33,
            "equity": 20807567,
            "current_ratio": 63.57,
            "debt_ratio": 71.18,
            "inventory_turnover_ratio": 2.91,
            "account_receivable_turnover_ratio": 1.13,
            "reinvestment_rate": 233.55,
            "research_to_sale_ratio": 2.83,
            "price_fair": 91.51,
            "eps_avg_yearly": 2.61,
            "eps_latest_yearly": 2.56,
            "eps_growth_yearly": 267.24
        },
        "20194": {
            "year_quarter": 20194,
            "year": 2019,
            "quarter": 4,
            "eps": 0.43,
            "eps_growth_year": null,
            "eps_4q": 0.44,
            "eps_4q_growth_year": -45.24,
            "roe": 2.46,
            "roe_4q": 2.32,
            "gross_profit": 2016340,
            "gross_margin": 16.35,
            "gross_margin_4q_avg": 13.7,
            "net_income": 527949,
            "revenue": 12335007,
            "common_shares": 12176857,
            "book_valuer_per_share": 17.83,
            "book_valuer_per_share_4q_avg": 18.18,
            "equity": 22060521,
            "current_ratio": 67.34,
            "debt_ratio": 68.28,
            "inventory_turnover_ratio": 3.05,
            "account_receivable_turnover_ratio": 1.17,
            "reinvestment_rate": 214.22,
            "research_to_sale_ratio": 2.92,
            "price_fair": 98,
            "eps_avg_yearly": 2.8,
            "eps_latest_yearly": 2.56,
            "eps_growth_yearly": 309.45
        },
        "20201": {
            "year_quarter": 20201,
            "year": 2020,
            "quarter": 1,
            "eps": 0.12,
            "eps_growth_year": -7.69,
            "eps_4q": 0.43,
            "eps_4q_growth_year": -38.52,
            "roe": 0.66,
            "roe_4q": 2.31,
            "gross_profit": 1096744,
            "gross_margin": 15.71,
            "gross_margin_4q_avg": 14.34,
            "net_income": 142257,
            "revenue": 6980418,
            "common_shares": 12176857,
            "book_valuer_per_share": 17.19,
            "book_valuer_per_share_4q_avg": 17.65,
            "equity": 21255399,
            "current_ratio": 59.99,
            "debt_ratio": 68.77,
            "inventory_turnover_ratio": 1.63,
            "account_receivable_turnover_ratio": 0.77,
            "reinvestment_rate": 168.02,
            "research_to_sale_ratio": 2.68,
            "price_fair": 95.48,
            "eps_avg_yearly": 2.73,
            "eps_latest_yearly": 0.48,
            "eps_growth_yearly": 257.46
        },
        "20202": {
            "year_quarter": 20202,
            "year": 2020,
            "quarter": 2,
            "eps": -0.03,
            "eps_growth_year": null,
            "eps_4q": 0.45,
            "eps_4q_growth_year": 1113.97,
            "roe": -0.24,
            "roe_4q": 2.4,
            "gross_profit": 1206237,
            "gross_margin": 12.35,
            "gross_margin_4q_avg": 14.34,
            "net_income": -51049,
            "revenue": 9766522,
            "common_shares": 12176857,
            "book_valuer_per_share": 17.19,
            "book_valuer_per_share_4q_avg": 17.41,
            "equity": 21235404,
            "current_ratio": 66.89,
            "debt_ratio": 68.35,
            "inventory_turnover_ratio": 2.39,
            "account_receivable_turnover_ratio": 1.15,
            "reinvestment_rate": 167.98,
            "research_to_sale_ratio": 2.95,
            "price_fair": 95.67,
            "eps_avg_yearly": 2.73,
            "eps_latest_yearly": 0.48,
            "eps_growth_yearly": 231.25
        },
        "20203": {
            "year_quarter": 20203,
            "year": 2020,
            "quarter": 3,
            "eps": 0.26,
            "eps_growth_year": null,
            "eps_4q": 0.79,
            "eps_4q_growth_year": null,
            "roe": 1.47,
            "roe_4q": 4.35,
            "gross_profit": 1912723,
            "gross_margin": 16.05,
            "gross_margin_4q_avg": 15.12,
            "net_income": 320131,
            "revenue": 11914376,
            "common_shares": 12176857,
            "book_valuer_per_share": 18.11,
            "book_valuer_per_share_4q_avg": 17.58,
            "equity": 22364069,
            "current_ratio": 69.68,
            "debt_ratio": 68.69,
            "inventory_turnover_ratio": 2.98,
            "account_receivable_turnover_ratio": 1.19,
            "reinvestment_rate": 159.42,
            "research_to_sale_ratio": 3.05,
            "price_fair": 104.13,
            "eps_avg_yearly": 2.98,
            "eps_latest_yearly": 0.48,
            "eps_growth_yearly": 295.23
        },
        "20204": {
            "year_quarter": 20204,
            "year": 2020,
            "quarter": 4,
            "eps": 0.4,
            "eps_growth_year": -7.27,
            "eps_4q": 0.74,
            "eps_4q_growth_year": 68.89,
            "roe": 2.16,
            "roe_4q": 4.05,
            "gross_profit": 2305916,
            "gross_margin": 17.82,
            "gross_margin_4q_avg": 15.48,
            "net_income": 516171,
            "revenue": 12939276,
            "common_shares": 12776857,
            "book_valuer_per_share": 19.84,
            "book_valuer_per_share_4q_avg": 18.08,
            "equity": 25423046,
            "current_ratio": 72.73,
            "debt_ratio": 65.49,
            "inventory_turnover_ratio": 2.86,
            "account_receivable_turnover_ratio": 1.21,
            "reinvestment_rate": 197.52,
            "research_to_sale_ratio": 2.89,
            "price_fair": 66.93,
            "eps_avg_yearly": 2.47,
            "eps_latest_yearly": 1.6,
            "eps_growth_yearly": 17.15
        },
        "20211": {
            "year_quarter": 20211,
            "year": 2021,
            "quarter": 1,
            "eps": 0.4,
            "eps_growth_year": 233.33,
            "eps_4q": 1.02,
            "eps_4q_growth_year": 135.04,
            "roe": 1.97,
            "roe_4q": 5.359999999999999,
            "gross_profit": 2101998,
            "gross_margin": 18.75,
            "gross_margin_4q_avg": 16.24,
            "net_income": 509704,
            "revenue": 11208701,
            "common_shares": 12776857,
            "book_valuer_per_share": 20.52,
            "book_valuer_per_share_4q_avg": 18.92,
            "equity": 26285818,
            "current_ratio": 73.98,
            "debt_ratio": 65.13,
            "inventory_turnover_ratio": 2.02,
            "account_receivable_turnover_ratio": 1.12,
            "reinvestment_rate": 149.16,
            "research_to_sale_ratio": 2.8,
            "price_fair": 77.53,
            "eps_avg_yearly": 2.22,
            "eps_latest_yearly": 1.6,
            "eps_growth_yearly": 35.46
        },
        "20212": {
            "year_quarter": 20212,
            "year": 2021,
            "quarter": 2,
            "eps": 0.71,
            "eps_growth_year": null,
            "eps_4q": 1.76,
            "eps_4q_growth_year": 289.99,
            "roe": 3.41,
            "roe_4q": 9.01,
            "gross_profit": 2487155,
            "gross_margin": 17.71,
            "gross_margin_4q_avg": 17.58,
            "net_income": 911686,
            "revenue": 14044395,
            "common_shares": 12776857,
            "book_valuer_per_share": 21.27,
            "book_valuer_per_share_4q_avg": 19.94,
            "equity": 27250452,
            "current_ratio": 71.32,
            "debt_ratio": 63.68,
            "inventory_turnover_ratio": 2.51,
            "account_receivable_turnover_ratio": 1.38,
            "reinvestment_rate": 135.71,
            "research_to_sale_ratio": 2.78,
            "price_fair": 75.43,
            "eps_avg_yearly": 2.16,
            "eps_latest_yearly": 2.84,
            "eps_growth_yearly": 78.1
        },
        "20213": {
            "year_quarter": 20213,
            "year": 2021,
            "quarter": 3,
            "eps": 0.38,
            "eps_growth_year": 46.15,
            "eps_4q": 1.89,
            "eps_4q_growth_year": 139.79,
            "roe": 1.76,
            "roe_4q": 9.3,
            "gross_profit": 2432612,
            "gross_margin": 15.49,
            "gross_margin_4q_avg": 17.44,
            "net_income": 482614,
            "revenue": 15699957,
            "common_shares": 12776857,
            "book_valuer_per_share": 21.47,
            "book_valuer_per_share_4q_avg": 20.78,
            "equity": 27500495,
            "current_ratio": 67.57,
            "debt_ratio": 64.28,
            "inventory_turnover_ratio": 3.22,
            "account_receivable_turnover_ratio": 1.42,
            "reinvestment_rate": 73.46,
            "research_to_sale_ratio": 2.88,
            "price_fair": 64.4,
            "eps_avg_yearly": 1.84,
            "eps_latest_yearly": 1.52,
            "eps_growth_yearly": 44.02
        },
        "20214": {
            "year_quarter": 20214,
            "year": 2021,
            "quarter": 4,
            "eps": 0.35,
            "eps_growth_year": -12.27,
            "eps_4q": 1.84,
            "eps_4q_growth_year": 148.74,
            "roe": 1.63,
            "roe_4q": 8.77,
            "gross_profit": 2278183,
            "gross_margin": 14.53,
            "gross_margin_4q_avg": 16.62,
            "net_income": 448083,
            "revenue": 15682266,
            "common_shares": 12776857,
            "book_valuer_per_share": 21.36,
            "book_valuer_per_share_4q_avg": 21.16,
            "equity": 27353383,
            "current_ratio": 76.41,
            "debt_ratio": 64.96,
            "inventory_turnover_ratio": 2.53,
            "account_receivable_turnover_ratio": 1.36,
            "reinvestment_rate": 67.9,
            "research_to_sale_ratio": 2.98,
            "price_fair": 56.7,
            "eps_avg_yearly": 1.62,
            "eps_latest_yearly": 1.4,
            "eps_growth_yearly": 50.96
        },
        "20221": {
            "year_quarter": 20221,
            "year": 2022,
            "quarter": 1,
            "eps": 0.01,
            "eps_growth_year": -97.5,
            "eps_4q": 1.45,
            "eps_4q_growth_year": 42.28,
            "roe": 0.03,
            "roe_4q": 6.83,
            "gross_profit": 1187877,
            "gross_margin": 8.76,
            "gross_margin_4q_avg": 14.12,
            "net_income": 8142,
            "revenue": 13565048,
            "common_shares": 12776857,
            "book_valuer_per_share": 21.26,
            "book_valuer_per_share_4q_avg": 21.34,
            "equity": 27227493,
            "current_ratio": 77.17,
            "debt_ratio": 66.54,
            "inventory_turnover_ratio": 2.04,
            "account_receivable_turnover_ratio": 1.21,
            "reinvestment_rate": 87.58,
            "research_to_sale_ratio": 2.45,
            "price_fair": 52.68,
            "eps_avg_yearly": 1.51,
            "eps_latest_yearly": 0.04,
            "eps_growth_yearly": 37.2
        },
        "20222": {
            "year_quarter": 20222,
            "year": 2022,
            "quarter": 2,
            "eps": 0.23,
            "eps_growth_year": -67.61,
            "eps_4q": 0.97,
            "eps_4q_growth_year": -45.28,
            "roe": 1.1,
            "roe_4q": 4.52,
            "gross_profit": 1502596,
            "gross_margin": 11.35,
            "gross_margin_4q_avg": 12.53,
            "net_income": 286433,
            "revenue": 13238867,
            "common_shares": 12776857,
            "book_valuer_per_share": 19.33,
            "book_valuer_per_share_4q_avg": 20.86,
            "equity": 24760254,
            "current_ratio": 72.87,
            "debt_ratio": 66.31,
            "inventory_turnover_ratio": 2.18,
            "account_receivable_turnover_ratio": 1.33,
            "reinvestment_rate": 84.88,
            "research_to_sale_ratio": 3.11,
            "price_fair": 45.5,
            "eps_avg_yearly": 1.3,
            "eps_latest_yearly": 0.92,
            "eps_growth_yearly": 1053.87
        },
        "20223": {
            "year_quarter": 20223,
            "year": 2022,
            "quarter": 3,
            "eps": -0.38,
            "eps_growth_year": -200,
            "eps_4q": 0.21,
            "eps_4q_growth_year": -89.02,
            "roe": -2.01,
            "roe_4q": 0.7500000000000002,
            "gross_profit": 859100,
            "gross_margin": 6.73,
            "gross_margin_4q_avg": 10.34,
            "net_income": -488974,
            "revenue": 12756720,
            "common_shares": 12776857,
            "book_valuer_per_share": 18.65,
            "book_valuer_per_share_4q_avg": 20.15,
            "equity": 23847169,
            "current_ratio": 65.28,
            "debt_ratio": 68.88,
            "inventory_turnover_ratio": 2.4,
            "account_receivable_turnover_ratio": 1.31,
            "reinvestment_rate": 145,
            "research_to_sale_ratio": 2.92,
            "price_fair": 45.5,
            "eps_avg_yearly": 1.3,
            "eps_latest_yearly": 0.92,
            "eps_growth_yearly": 1053.87
        },
        "20224": {
            "year_quarter": 20224,
            "year": 2022,
            "quarter": 4,
            "eps": -0.55,
            "eps_growth_year": -255.81,
            "eps_4q": -0.69,
            "eps_4q_growth_year": -137.27,
            "roe": -3.04,
            "roe_4q": -3.92,
            "gross_profit": 838364,
            "gross_margin": 6.25,
            "gross_margin_4q_avg": 8.27,
            "net_income": -728749,
            "revenue": 13407769,
            "common_shares": 13276857,
            "book_valuer_per_share": 18.14,
            "book_valuer_per_share_4q_avg": 19.35,
            "equity": 24101124,
            "current_ratio": 76.86,
            "debt_ratio": 66.8,
            "inventory_turnover_ratio": 2.61,
            "account_receivable_turnover_ratio": 1.42,
            "reinvestment_rate": 184.4,
            "research_to_sale_ratio": 2.73,
            "price_fair": 45.5,
            "eps_avg_yearly": 1.3,
            "eps_latest_yearly": 0.92,
            "eps_growth_yearly": 1053.87
        },
        "20231": {
            "year_quarter": 20231,
            "year": 2023,
            "quarter": 1,
            "eps": -0.48,
            "eps_growth_year": -4900,
            "eps_4q": -1.18,
            "eps_4q_growth_year": -180.98,
            "roe": -2.69,
            "roe_4q": -6.640000000000001,
            "gross_profit": 697397,
            "gross_margin": 6.44,
            "gross_margin_4q_avg": 7.69,
            "net_income": -641154,
            "revenue": 10822385,
            "common_shares": 13276857,
            "book_valuer_per_share": 17.77,
            "book_valuer_per_share_4q_avg": 18.47,
            "equity": 23601455,
            "current_ratio": 70.85,
            "debt_ratio": 68.88,
            "inventory_turnover_ratio": 2.29,
            "account_receivable_turnover_ratio": 1.19,
            "reinvestment_rate": 140.88,
            "research_to_sale_ratio": 2.75,
            "price_fair": 45.5,
            "eps_avg_yearly": 1.3,
            "eps_latest_yearly": 0.92,
            "eps_growth_yearly": 1053.87
        }
    },
    "months": {
        "2001-06": {
            "month": "2001-06",
            "price": "5.09",
            "revenue": 386553
        },
        "2001-07": {
            "month": "2001-07",
            "price": "4.27",
            "revenue": 402168
        },
        "2001-08": {
            "month": "2001-08",
            "price": "4.24",
            "revenue": 402330
        },
        "2001-09": {
            "month": "2001-09",
            "price": "3.79",
            "revenue": 372092
        },
        "2001-10": {
            "month": "2001-10",
            "price": "3.21",
            "revenue": 396387
        },
        "2001-11": {
            "month": "2001-11",
            "price": "3.18",
            "revenue": 395329
        },
        "2001-12": {
            "month": "2001-12",
            "price": "3.50",
            "revenue": 395329
        },
        "2002-01": {
            "month": "2002-01",
            "price": "3.80",
            "revenue": 409831
        },
        "2002-02": {
            "month": "2002-02",
            "price": "4.07",
            "revenue": 333489
        },
        "2002-03": {
            "month": "2002-03",
            "price": "4.98",
            "revenue": 422237
        },
        "2002-04": {
            "month": "2002-04",
            "price": "5.70",
            "revenue": 437109
        },
        "2002-05": {
            "month": "2002-05",
            "price": "5.65",
            "revenue": 443537
        },
        "2002-06": {
            "month": "2002-06",
            "price": "5.80",
            "revenue": 445833
        },
        "2002-07": {
            "month": "2002-07",
            "price": "5.47",
            "revenue": 409048
        },
        "2002-08": {
            "month": "2002-08",
            "price": "4.90",
            "revenue": 413216
        },
        "2002-09": {
            "month": "2002-09",
            "price": "4.20",
            "revenue": 370981
        },
        "2002-10": {
            "month": "2002-10",
            "price": "4.15",
            "revenue": 414254
        },
        "2002-11": {
            "month": "2002-11",
            "price": "4.85",
            "revenue": 403413
        },
        "2002-12": {
            "month": "2002-12",
            "price": "5.45",
            "revenue": 457301
        },
        "2003-01": {
            "month": "2003-01",
            "price": "7.82",
            "revenue": 415966
        },
        "2003-02": {
            "month": "2003-02",
            "price": "7.69",
            "revenue": 414047
        },
        "2003-03": {
            "month": "2003-03",
            "price": "6.21",
            "revenue": 424945
        },
        "2003-04": {
            "month": "2003-04",
            "price": "6.09",
            "revenue": 330987
        },
        "2003-05": {
            "month": "2003-05",
            "price": "4.93",
            "revenue": 338423
        },
        "2003-06": {
            "month": "2003-06",
            "price": "5.42",
            "revenue": 341397
        },
        "2003-07": {
            "month": "2003-07",
            "price": "5.62",
            "revenue": 386213
        },
        "2003-08": {
            "month": "2003-08",
            "price": "5.79",
            "revenue": 421080
        },
        "2003-09": {
            "month": "2003-09",
            "price": "5.48",
            "revenue": 388383
        },
        "2003-10": {
            "month": "2003-10",
            "price": "5.94",
            "revenue": 426952
        },
        "2003-11": {
            "month": "2003-11",
            "price": "7.18",
            "revenue": 420151
        },
        "2003-12": {
            "month": "2003-12",
            "price": "7.67",
            "revenue": 490932
        },
        "2004-01": {
            "month": "2004-01",
            "price": "10.44",
            "revenue": 433293
        },
        "2004-02": {
            "month": "2004-02",
            "price": "11.67",
            "revenue": 481211
        },
        "2004-03": {
            "month": "2004-03",
            "price": "11.98",
            "revenue": 472141
        },
        "2004-04": {
            "month": "2004-04",
            "price": "12.05",
            "revenue": 442197
        },
        "2004-05": {
            "month": "2004-05",
            "price": "10.66",
            "revenue": 468492
        },
        "2004-06": {
            "month": "2004-06",
            "price": "10.85",
            "revenue": 451775
        },
        "2004-07": {
            "month": "2004-07",
            "price": "10.26",
            "revenue": 443813
        },
        "2004-08": {
            "month": "2004-08",
            "price": "9.34",
            "revenue": 484304
        },
        "2004-09": {
            "month": "2004-09",
            "price": "10.59",
            "revenue": 494914
        },
        "2004-10": {
            "month": "2004-10",
            "price": "10.48",
            "revenue": 477270
        },
        "2004-11": {
            "month": "2004-11",
            "price": "10.24",
            "revenue": 460026
        },
        "2004-12": {
            "month": "2004-12",
            "price": "10.48",
            "revenue": 453048
        },
        "2005-01": {
            "month": "2005-01",
            "price": "10.75",
            "revenue": 448076
        },
        "2005-02": {
            "month": "2005-02",
            "price": "10.36",
            "revenue": 350465
        },
        "2005-03": {
            "month": "2005-03",
            "price": "9.84",
            "revenue": 465475
        },
        "2005-04": {
            "month": "2005-04",
            "price": "8.72",
            "revenue": 418771
        },
        "2005-05": {
            "month": "2005-05",
            "price": "8.05",
            "revenue": 432819
        },
        "2005-06": {
            "month": "2005-06",
            "price": "8.50",
            "revenue": 421304
        },
        "2005-07": {
            "month": "2005-07",
            "price": "7.74",
            "revenue": 446909
        },
        "2005-08": {
            "month": "2005-08",
            "price": "7.34",
            "revenue": 478514
        },
        "2005-09": {
            "month": "2005-09",
            "price": "7.39",
            "revenue": 449955
        },
        "2005-10": {
            "month": "2005-10",
            "price": "7.10",
            "revenue": 462503
        },
        "2005-11": {
            "month": "2005-11",
            "price": "7.14",
            "revenue": 449292
        },
        "2005-12": {
            "month": "2005-12",
            "price": "7.48",
            "revenue": 411095
        },
        "2006-01": {
            "month": "2006-01",
            "price": "7.51",
            "revenue": 424892
        },
        "2006-02": {
            "month": "2006-02",
            "price": "7.43",
            "revenue": 331837
        },
        "2006-03": {
            "month": "2006-03",
            "price": "7.45",
            "revenue": 448618
        },
        "2006-04": {
            "month": "2006-04",
            "price": "8.89",
            "revenue": 410974
        },
        "2006-05": {
            "month": "2006-05",
            "price": "10.22",
            "revenue": 432448
        },
        "2006-06": {
            "month": "2006-06",
            "price": "9.17",
            "revenue": 458097
        },
        "2006-07": {
            "month": "2006-07",
            "price": "8.73",
            "revenue": 437978
        },
        "2006-08": {
            "month": "2006-08",
            "price": "9.60",
            "revenue": 450209
        },
        "2006-09": {
            "month": "2006-09",
            "price": "9.90",
            "revenue": 443550
        },
        "2006-10": {
            "month": "2006-10",
            "price": "12.16",
            "revenue": 457038
        },
        "2006-11": {
            "month": "2006-11",
            "price": "14.81",
            "revenue": 459180
        },
        "2006-12": {
            "month": "2006-12",
            "price": "15.35",
            "revenue": 447022
        },
        "2007-01": {
            "month": "2007-01",
            "price": "16.20",
            "revenue": 480255
        },
        "2007-02": {
            "month": "2007-02",
            "price": "16.34",
            "revenue": 384253
        },
        "2007-03": {
            "month": "2007-03",
            "price": "15.31",
            "revenue": 487608
        },
        "2007-04": {
            "month": "2007-04",
            "price": "16.41",
            "revenue": 471104
        },
        "2007-05": {
            "month": "2007-05",
            "price": "14.92",
            "revenue": 507146
        },
        "2007-06": {
            "month": "2007-06",
            "price": "15.03",
            "revenue": 476673
        },
        "2007-07": {
            "month": "2007-07",
            "price": "16.63",
            "revenue": 527317
        },
        "2007-08": {
            "month": "2007-08",
            "price": "14.66",
            "revenue": 549432
        },
        "2007-09": {
            "month": "2007-09",
            "price": "13.87",
            "revenue": 492570
        },
        "2007-10": {
            "month": "2007-10",
            "price": "14.38",
            "revenue": 560166
        },
        "2007-11": {
            "month": "2007-11",
            "price": "12.59",
            "revenue": 544869
        },
        "2007-12": {
            "month": "2007-12",
            "price": "11.41",
            "revenue": 468656
        },
        "2008-01": {
            "month": "2008-01",
            "price": "11.20",
            "revenue": 585633
        },
        "2008-02": {
            "month": "2008-02",
            "price": "11.44",
            "revenue": 523331
        },
        "2008-03": {
            "month": "2008-03",
            "price": "12.55",
            "revenue": 688124
        },
        "2008-04": {
            "month": "2008-04",
            "price": "13.41",
            "revenue": 697303
        },
        "2008-05": {
            "month": "2008-05",
            "price": "13.53",
            "revenue": 587122
        },
        "2008-06": {
            "month": "2008-06",
            "price": "11.76",
            "revenue": 513577
        },
        "2008-07": {
            "month": "2008-07",
            "price": "10.33",
            "revenue": 519656
        },
        "2008-08": {
            "month": "2008-08",
            "price": "9.38",
            "revenue": 520431
        },
        "2008-09": {
            "month": "2008-09",
            "price": "7.76",
            "revenue": 473920
        },
        "2008-10": {
            "month": "2008-10",
            "price": "6.63",
            "revenue": 545677
        },
        "2008-11": {
            "month": "2008-11",
            "price": "6.25",
            "revenue": 320405
        },
        "2008-12": {
            "month": "2008-12",
            "price": "6.06",
            "revenue": 366227
        },
        "2009-01": {
            "month": "2009-01",
            "price": "6.03",
            "revenue": 263945
        },
        "2009-02": {
            "month": "2009-02",
            "price": "5.95",
            "revenue": 298163
        },
        "2009-03": {
            "month": "2009-03",
            "price": "6.25",
            "revenue": 329666
        },
        "2009-04": {
            "month": "2009-04",
            "price": "7.33",
            "revenue": 309014
        },
        "2009-05": {
            "month": "2009-05",
            "price": "8.05",
            "revenue": 337603
        },
        "2009-06": {
            "month": "2009-06",
            "price": "7.97",
            "revenue": 368336
        },
        "2009-07": {
            "month": "2009-07",
            "price": "8.07",
            "revenue": 384604
        },
        "2009-08": {
            "month": "2009-08",
            "price": "9.71",
            "revenue": 1094716
        },
        "2009-09": {
            "month": "2009-09",
            "price": "11.43",
            "revenue": 1254681
        },
        "2009-10": {
            "month": "2009-10",
            "price": "11.18",
            "revenue": 1185773
        },
        "2009-11": {
            "month": "2009-11",
            "price": "10.61",
            "revenue": 1066588
        },
        "2009-12": {
            "month": "2009-12",
            "price": "10.83",
            "revenue": 1302771
        },
        "2010-01": {
            "month": "2010-01",
            "price": "10.86",
            "revenue": 1527766
        },
        "2010-02": {
            "month": "2010-02",
            "price": "9.86",
            "revenue": 1289543
        },
        "2010-03": {
            "month": "2010-03",
            "price": "10.28",
            "revenue": 1835243
        },
        "2010-04": {
            "month": "2010-04",
            "price": "10.83",
            "revenue": 1656932
        },
        "2010-05": {
            "month": "2010-05",
            "price": "9.90",
            "revenue": 1821982
        },
        "2010-06": {
            "month": "2010-06",
            "price": "9.76",
            "revenue": 1860301
        },
        "2010-07": {
            "month": "2010-07",
            "price": "10.18",
            "revenue": 1869048
        },
        "2010-08": {
            "month": "2010-08",
            "price": "10.63",
            "revenue": 2061583
        },
        "2010-09": {
            "month": "2010-09",
            "price": "10.46",
            "revenue": 1960851
        },
        "2010-10": {
            "month": "2010-10",
            "price": "11.91",
            "revenue": 1933056
        },
        "2010-11": {
            "month": "2010-11",
            "price": "12.17",
            "revenue": 2130363
        },
        "2010-12": {
            "month": "2010-12",
            "price": "12.31",
            "revenue": 2040789
        },
        "2011-01": {
            "month": "2011-01",
            "price": "12.64",
            "revenue": 2012159
        },
        "2011-02": {
            "month": "2011-02",
            "price": "11.84",
            "revenue": 1508466
        },
        "2011-03": {
            "month": "2011-03",
            "price": "11.45",
            "revenue": 1992028
        },
        "2011-04": {
            "month": "2011-04",
            "price": "11.89",
            "revenue": 1964460
        },
        "2011-05": {
            "month": "2011-05",
            "price": "11.40",
            "revenue": 2067302
        },
        "2011-06": {
            "month": "2011-06",
            "price": "11.18",
            "revenue": 2048411
        },
        "2011-07": {
            "month": "2011-07",
            "price": "10.69",
            "revenue": 2127946
        },
        "2011-08": {
            "month": "2011-08",
            "price": "9.73",
            "revenue": 2180949
        },
        "2011-09": {
            "month": "2011-09",
            "price": "9.47",
            "revenue": 2264634
        },
        "2011-10": {
            "month": "2011-10",
            "price": "9.35",
            "revenue": 2014982
        },
        "2011-11": {
            "month": "2011-11",
            "price": "9.25",
            "revenue": 2093851
        },
        "2011-12": {
            "month": "2011-12",
            "price": "8.57",
            "revenue": 2041084
        },
        "2012-01": {
            "month": "2012-01",
            "price": "8.50",
            "revenue": 1557668
        },
        "2012-02": {
            "month": "2012-02",
            "price": "9.41",
            "revenue": 1656608
        },
        "2012-03": {
            "month": "2012-03",
            "price": "9.64",
            "revenue": 1987297
        },
        "2012-04": {
            "month": "2012-04",
            "price": "8.73",
            "revenue": 1795899
        },
        "2012-05": {
            "month": "2012-05",
            "price": "8.16",
            "revenue": 1858436
        },
        "2012-06": {
            "month": "2012-06",
            "price": "7.78",
            "revenue": 1740648
        },
        "2012-07": {
            "month": "2012-07",
            "price": "7.63",
            "revenue": 1911278
        },
        "2012-08": {
            "month": "2012-08",
            "price": "7.76",
            "revenue": 1872057
        },
        "2012-09": {
            "month": "2012-09",
            "price": "7.97",
            "revenue": 1894220
        },
        "2012-10": {
            "month": "2012-10",
            "price": "7.82",
            "revenue": 1896605
        },
        "2012-11": {
            "month": "2012-11",
            "price": "7.65",
            "revenue": 1980350
        },
        "2012-12": {
            "month": "2012-12",
            "price": "7.99",
            "revenue": 1905502
        },
        "2013-01": {
            "month": "2013-01",
            "price": "8.15",
            "revenue": 2030363
        },
        "2013-02": {
            "month": "2013-02",
            "price": "8.16",
            "revenue": 1390062
        },
        "2013-03": {
            "month": "2013-03",
            "price": "8.32",
            "revenue": 1906206
        },
        "2013-04": {
            "month": "2013-04",
            "price": "9.05",
            "revenue": 1846667
        },
        "2013-05": {
            "month": "2013-05",
            "price": "9.97",
            "revenue": 1887378
        },
        "2013-06": {
            "month": "2013-06",
            "price": "10.30",
            "revenue": 1768171
        },
        "2013-07": {
            "month": "2013-07",
            "price": "10.92",
            "revenue": 2214698
        },
        "2013-08": {
            "month": "2013-08",
            "price": "11.30",
            "revenue": 2288247
        },
        "2013-09": {
            "month": "2013-09",
            "price": "11.24",
            "revenue": 2228151
        },
        "2013-10": {
            "month": "2013-10",
            "price": "11.42",
            "revenue": 2185454
        },
        "2013-11": {
            "month": "2013-11",
            "price": "12.17",
            "revenue": 2189116
        },
        "2013-12": {
            "month": "2013-12",
            "price": "14.70",
            "revenue": 2331012
        },
        "2014-01": {
            "month": "2014-01",
            "price": "15.63",
            "revenue": 2104769
        },
        "2014-02": {
            "month": "2014-02",
            "price": "15.81",
            "revenue": 2084977
        },
        "2014-03": {
            "month": "2014-03",
            "price": "14.64",
            "revenue": 2246041
        },
        "2014-04": {
            "month": "2014-04",
            "price": "14.04",
            "revenue": 2315840
        },
        "2014-05": {
            "month": "2014-05",
            "price": "13.96",
            "revenue": 2283818
        },
        "2014-06": {
            "month": "2014-06",
            "price": "15.16",
            "revenue": 2273350
        },
        "2014-07": {
            "month": "2014-07",
            "price": "15.60",
            "revenue": 2447560
        },
        "2014-08": {
            "month": "2014-08",
            "price": "15.60",
            "revenue": 2367505
        },
        "2014-09": {
            "month": "2014-09",
            "price": "15.90",
            "revenue": 2330672
        },
        "2014-10": {
            "month": "2014-10",
            "price": "15.08",
            "revenue": 2294907
        },
        "2014-11": {
            "month": "2014-11",
            "price": "14.93",
            "revenue": 2287204
        },
        "2014-12": {
            "month": "2014-12",
            "price": "14.49",
            "revenue": 2403051
        },
        "2015-01": {
            "month": "2015-01",
            "price": "13.96",
            "revenue": 2416347
        },
        "2015-02": {
            "month": "2015-02",
            "price": "13.07",
            "revenue": 1732001
        },
        "2015-03": {
            "month": "2015-03",
            "price": "12.55",
            "revenue": 2419829
        },
        "2015-04": {
            "month": "2015-04",
            "price": "13.38",
            "revenue": 2301527
        },
        "2015-05": {
            "month": "2015-05",
            "price": "13.00",
            "revenue": 2352111
        },
        "2015-06": {
            "month": "2015-06",
            "price": "12.44",
            "revenue": 2221480
        },
        "2015-07": {
            "month": "2015-07",
            "price": "12.10",
            "revenue": 2374042
        },
        "2015-08": {
            "month": "2015-08",
            "price": "11.30",
            "revenue": 2266691
        },
        "2015-09": {
            "month": "2015-09",
            "price": "10.60",
            "revenue": 2322576
        },
        "2015-10": {
            "month": "2015-10",
            "price": "11.33",
            "revenue": 2247966
        },
        "2015-11": {
            "month": "2015-11",
            "price": "11.45",
            "revenue": 2026863
        },
        "2015-12": {
            "month": "2015-12",
            "price": "10.67",
            "revenue": 2171308
        },
        "2016-01": {
            "month": "2016-01",
            "price": "10.08",
            "revenue": 2386168
        },
        "2016-02": {
            "month": "2016-02",
            "price": "10.36",
            "revenue": 1969718
        },
        "2016-03": {
            "month": "2016-03",
            "price": "11.81",
            "revenue": 2915955
        },
        "2016-04": {
            "month": "2016-04",
            "price": "13.61",
            "revenue": 2686354
        },
        "2016-05": {
            "month": "2016-05",
            "price": "13.35",
            "revenue": 2789414
        },
        "2016-06": {
            "month": "2016-06",
            "price": "14.50",
            "revenue": 2722725
        },
        "2016-07": {
            "month": "2016-07",
            "price": "15.82",
            "revenue": 2671054
        },
        "2016-08": {
            "month": "2016-08",
            "price": "15.87",
            "revenue": 2610094
        },
        "2016-09": {
            "month": "2016-09",
            "price": "15.61",
            "revenue": 2541006
        },
        "2016-10": {
            "month": "2016-10",
            "price": "15.16",
            "revenue": 2723560
        },
        "2016-11": {
            "month": "2016-11",
            "price": "15.18",
            "revenue": 2847687
        },
        "2016-12": {
            "month": "2016-12",
            "price": "15.91",
            "revenue": 3532375
        },
        "2017-01": {
            "month": "2017-01",
            "price": "21.19",
            "revenue": 3198728
        },
        "2017-02": {
            "month": "2017-02",
            "price": "28.06",
            "revenue": 3254710
        },
        "2017-03": {
            "month": "2017-03",
            "price": "29.25",
            "revenue": 3256588
        },
        "2017-04": {
            "month": "2017-04",
            "price": "26.28",
            "revenue": 3015112
        },
        "2017-05": {
            "month": "2017-05",
            "price": "28.23",
            "revenue": 3128838
        },
        "2017-06": {
            "month": "2017-06",
            "price": "33.13",
            "revenue": 3333392
        },
        "2017-07": {
            "month": "2017-07",
            "price": "34.93",
            "revenue": 3506814
        },
        "2017-08": {
            "month": "2017-08",
            "price": "41.40",
            "revenue": 4157657
        },
        "2017-09": {
            "month": "2017-09",
            "price": "48.11",
            "revenue": 5099755
        },
        "2017-10": {
            "month": "2017-10",
            "price": "44.29",
            "revenue": 5441764
        },
        "2017-11": {
            "month": "2017-11",
            "price": "42.58",
            "revenue": 4024796
        },
        "2017-12": {
            "month": "2017-12",
            "price": "39.75",
            "revenue": 4784325
        },
        "2018-01": {
            "month": "2018-01",
            "price": "37.20",
            "revenue": 4072865
        },
        "2018-02": {
            "month": "2018-02",
            "price": "33.38",
            "revenue": 2605677
        },
        "2018-03": {
            "month": "2018-03",
            "price": "35.29",
            "revenue": 4561907
        },
        "2018-04": {
            "month": "2018-04",
            "price": "35.02",
            "revenue": 4827849
        },
        "2018-05": {
            "month": "2018-05",
            "price": "33.95",
            "revenue": 5177952
        },
        "2018-06": {
            "month": "2018-06",
            "price": "29.92",
            "revenue": 4919817
        },
        "2018-07": {
            "month": "2018-07",
            "price": "24.84",
            "revenue": 4737451
        },
        "2018-08": {
            "month": "2018-08",
            "price": "23.49",
            "revenue": 4808658
        },
        "2018-09": {
            "month": "2018-09",
            "price": "21.45",
            "revenue": 3894740
        },
        "2018-10": {
            "month": "2018-10",
            "price": "17.55",
            "revenue": 4104461
        },
        "2018-11": {
            "month": "2018-11",
            "price": "16.30",
            "revenue": 4142124
        },
        "2018-12": {
            "month": "2018-12",
            "price": "15.61",
            "revenue": 4313124
        },
        "2019-01": {
            "month": "2019-01",
            "price": "14.38",
            "revenue": 4335397
        },
        "2019-02": {
            "month": "2019-02",
            "price": "16.99",
            "revenue": 3068908
        },
        "2019-03": {
            "month": "2019-03",
            "price": "18.08",
            "revenue": 3995465
        },
        "2019-04": {
            "month": "2019-04",
            "price": "16.98",
            "revenue": 4151146
        },
        "2019-05": {
            "month": "2019-05",
            "price": "15.89",
            "revenue": 3899568
        },
        "2019-06": {
            "month": "2019-06",
            "price": "14.52",
            "revenue": 3751126
        },
        "2019-07": {
            "month": "2019-07",
            "price": "15.05",
            "revenue": 3927758
        },
        "2019-08": {
            "month": "2019-08",
            "price": "13.91",
            "revenue": 3863274
        },
        "2019-09": {
            "month": "2019-09",
            "price": "14.41",
            "revenue": 4003633
        },
        "2019-10": {
            "month": "2019-10",
            "price": "13.67",
            "revenue": 3976955
        },
        "2019-11": {
            "month": "2019-11",
            "price": "13.30",
            "revenue": 4254721
        },
        "2019-12": {
            "month": "2019-12",
            "price": "14.09",
            "revenue": 4421436
        },
        "2020-01": {
            "month": "2020-01",
            "price": "15.11",
            "revenue": 3049782
        },
        "2020-02": {
            "month": "2020-02",
            "price": "15.04",
            "revenue": 1489095
        },
        "2020-03": {
            "month": "2020-03",
            "price": "13.81",
            "revenue": 2414572
        },
        "2020-04": {
            "month": "2020-04",
            "price": "12.70",
            "revenue": 2904885
        },
        "2020-05": {
            "month": "2020-05",
            "price": "12.52",
            "revenue": 3237743
        },
        "2020-06": {
            "month": "2020-06",
            "price": "14.00",
            "revenue": 3533899
        },
        "2020-07": {
            "month": "2020-07",
            "price": "14.48",
            "revenue": 3862177
        },
        "2020-08": {
            "month": "2020-08",
            "price": "14.85",
            "revenue": 3862390
        },
        "2020-09": {
            "month": "2020-09",
            "price": "17.40",
            "revenue": 4189910
        },
        "2020-10": {
            "month": "2020-10",
            "price": "16.58",
            "revenue": 4179763
        },
        "2020-11": {
            "month": "2020-11",
            "price": "16.99",
            "revenue": 4305485
        },
        "2020-12": {
            "month": "2020-12",
            "price": "21.02",
            "revenue": 4420225
        },
        "2021-01": {
            "month": "2021-01",
            "price": "20.96",
            "revenue": 4645758
        },
        "2021-02": {
            "month": "2021-02",
            "price": "22.56",
            "revenue": 3251924
        },
        "2021-03": {
            "month": "2021-03",
            "price": "25.15",
            "revenue": 3255271
        },
        "2021-04": {
            "month": "2021-04",
            "price": "27.47",
            "revenue": 3813448
        },
        "2021-05": {
            "month": "2021-05",
            "price": "23.72",
            "revenue": 5212273
        },
        "2021-06": {
            "month": "2021-06",
            "price": "26.69",
            "revenue": 4924748
        },
        "2021-07": {
            "month": "2021-07",
            "price": "29.16",
            "revenue": 5037131
        },
        "2021-08": {
            "month": "2021-08",
            "price": "28.34",
            "revenue": 5428788
        },
        "2021-09": {
            "month": "2021-09",
            "price": "27.02",
            "revenue": 5159719
        },
        "2021-10": {
            "month": "2021-10",
            "price": "24.12",
            "revenue": 5275903
        },
        "2021-11": {
            "month": "2021-11",
            "price": "25.02",
            "revenue": 5329272
        },
        "2021-12": {
            "month": "2021-12",
            "price": "24.11",
            "revenue": 5235978
        },
        "2022-01": {
            "month": "2022-01",
            "price": "23.18",
            "revenue": 4635420
        },
        "2022-02": {
            "month": "2022-02",
            "price": "22.58",
            "revenue": 3471768
        },
        "2022-03": {
            "month": "2022-03",
            "price": "20.96",
            "revenue": 5440234
        },
        "2022-04": {
            "month": "2022-04",
            "price": "20.81",
            "revenue": 4354354
        },
        "2022-05": {
            "month": "2022-05",
            "price": "18.55",
            "revenue": 4262581
        },
        "2022-06": {
            "month": "2022-06",
            "price": "17.65",
            "revenue": 4601755
        },
        "2022-07": {
            "month": "2022-07",
            "price": "15.49",
            "revenue": 3733965
        },
        "2022-08": {
            "month": "2022-08",
            "price": "15.45",
            "revenue": 4420610
        },
        "2022-09": {
            "month": "2022-09",
            "price": "15.23",
            "revenue": 4587310
        },
        "2022-10": {
            "month": "2022-10",
            "price": "15.12",
            "revenue": 4707322
        },
        "2022-11": {
            "month": "2022-11",
            "price": "15.91",
            "revenue": 4356263
        },
        "2022-12": {
            "month": "2022-12",
            "price": "15.69",
            "revenue": 4351120
        },
        "2023-01": {
            "month": "2023-01",
            "price": "17.35",
            "revenue": 2890777
        },
        "2023-02": {
            "month": "2023-02",
            "price": "18.46",
            "revenue": 3720614
        },
        "2023-03": {
            "month": "2023-03",
            "price": "17.36",
            "revenue": 4227451
        },
        "2023-04": {
            "month": "2023-04",
            "price": "17.47",
            "revenue": 4192691
        }
    }
}
