{
    "summary": {
        "stock_name": "中鋼",
        "stock_id": "2002",
        "category": "鋼鐵",
        "main_business": "鋼品設計製造買賣儲運及其他相關業務(含輕金屬,尖端材料)<br>鋼廠之籌建<br>鋼鐵及相關工業之工程顧問管理諮詢",
        "website_url": "http://www.csc.com.tw",
        "ceo": "王錫欽",
        "pe_ratio": 73,
        "report_year_from": 2001,
        "report_year_to": 2023,
        "age": 22,
        "eps_negative_percentage": 4,
        "eps_growth_avg": {
            "last_all": 9.92,
            "last_2y": -20.4,
            "last_4y": -16.29,
            "last_8y": -0.31,
            "last_12y": 4.91,
            "last_16y": -1.19,
            "last_20y": 9.92,
            "at_2006_last_3y": 25.05,
            "at_2007_last_3y": 6.53,
            "at_2008_last_3y": -15.55,
            "at_2009_last_3y": -21.01,
            "at_2010_last_3y": 8.75,
            "at_2011_last_3y": -10.39,
            "at_2012_last_3y": -15.24,
            "at_2013_last_3y": 16.67,
            "at_2014_last_3y": 3.49,
            "at_2015_last_3y": -0.38,
            "at_2016_last_3y": 42.97,
            "at_2017_last_3y": 19.67,
            "at_2018_last_3y": 21.06,
            "at_2019_last_3y": 21.63,
            "at_2020_last_3y": -25.74,
            "at_2021_last_3y": -2.44,
            "at_2022_last_3y": -31.28,
            "at_2023_last_3y": -31.28,
            "at_2006_last_all": 40.04,
            "at_2007_last_all": 37.69,
            "at_2008_last_all": 24.58,
            "at_2009_last_all": 18.06,
            "at_2010_last_all": 26.14,
            "at_2011_last_all": 18.45,
            "at_2012_last_all": 10.1,
            "at_2013_last_all": 17.59,
            "at_2014_last_all": 19.17,
            "at_2015_last_all": 13.07,
            "at_2016_last_all": 18.87,
            "at_2017_last_all": 18.11,
            "at_2018_last_all": 19.61,
            "at_2019_last_all": 14.97,
            "at_2020_last_all": 9.48,
            "at_2021_last_all": 14,
            "at_2022_last_all": 9.92,
            "at_2023_last_all": 9.92
        },
        "latest_eps": 0.41,
        "latest_price": 29.85,
        "latest_roe": 1.63,
        "latest_gross_margin": 3.71,
        "latest_equity": 356872393,
        "latest_revenue": 91345952,
        "latest_gross_profit": 3388219,
        "latest_net_income": -93129,
        "latest_debt_ratio": 47.36,
        "latest_current_ratio": 114.01,
        "latest_account_receivable_turnover_ratio": 6.88,
        "latest_inventory_turnover_ratio": 0.67,
        "latest_reinvestment_rate": -30.34,
        "latest_research_to_sale_ratio": 0.64
    },
    "eps_dividends": {
        "1992": {
            "cash": 1.09,
            "stock": 0.2,
            "eps": 0
        },
        "1993": {
            "cash": 0.66,
            "stock": 0.2,
            "eps": 0
        },
        "1994": {
            "cash": 1.09,
            "stock": 0,
            "eps": 0
        },
        "1995": {
            "cash": 1.47,
            "stock": 0,
            "eps": 0
        },
        "1996": {
            "cash": 1.25,
            "stock": 0.25,
            "eps": 0
        },
        "1997": {
            "cash": 1.1,
            "stock": 1,
            "eps": 0
        },
        "1999": {
            "cash": 2.5,
            "stock": 0.5,
            "eps": 0
        },
        "2000": {
            "cash": 1.3,
            "stock": 0.2,
            "eps": 0
        },
        "2001": {
            "cash": 1.5,
            "stock": 0.3,
            "eps": 0.84
        },
        "2002": {
            "cash": 0.8,
            "stock": 0.2,
            "eps": 1.87
        },
        "2003": {
            "cash": 1.4,
            "stock": 0.15,
            "eps": 4
        },
        "2004": {
            "cash": 3,
            "stock": 0.35,
            "eps": 5.37
        },
        "2005": {
            "cash": 3.9,
            "stock": 0.5,
            "eps": 5.06
        },
        "2006": {
            "cash": 3.75,
            "stock": 0.35,
            "eps": 3.63
        },
        "2007": {
            "cash": 2.78,
            "stock": 0.3,
            "eps": 4.57
        },
        "2008": {
            "cash": 3.5,
            "stock": 0.3,
            "eps": 2.1
        },
        "2009": {
            "cash": 1.3,
            "stock": 0.43,
            "eps": 1.52
        },
        "2010": {
            "cash": 1.01,
            "stock": 0.33,
            "eps": 2.9
        },
        "2011": {
            "cash": 3,
            "stock": 0.65,
            "eps": 1.43
        },
        "2012": {
            "cash": 0,
            "stock": 0,
            "eps": 0.38
        },
        "2013": {
            "cash": 0.4,
            "stock": 0.1,
            "eps": 1.05
        },
        "2014": {
            "cash": 0.7,
            "stock": 0.2,
            "eps": 1.45
        },
        "2015": {
            "cash": 1,
            "stock": 0,
            "eps": 0.49
        },
        "2016": {
            "cash": 0.5,
            "stock": 0,
            "eps": 1.03
        },
        "2017": {
            "cash": 0.85,
            "stock": 0,
            "eps": 1.1
        },
        "2018": {
            "cash": 0.88,
            "stock": 0,
            "eps": 1.58
        },
        "2019": {
            "cash": 1,
            "stock": 0,
            "eps": 0.57
        },
        "2020": {
            "cash": 0.5,
            "stock": 0,
            "eps": 0.06
        },
        "2021": {
            "cash": 0.3,
            "stock": 0,
            "eps": 4.03
        },
        "2022": {
            "cash": 3.1,
            "stock": 0,
            "eps": 1.14
        },
        "2023": {
            "cash": 1,
            "stock": 0,
            "eps": -0.05
        }
    },
    "dividends": {
        "1992-09-25": {
            "cash": 1.09,
            "stock": 0.2
        },
        "1993-09-24": {
            "cash": 0.66,
            "stock": 0.2
        },
        "1994-09-22": {
            "cash": 1.09,
            "stock": 0
        },
        "1995-10-20": {
            "cash": 1.47,
            "stock": 0
        },
        "1996-11-06": {
            "cash": 1.25,
            "stock": 0.25
        },
        "1997-12-30": {
            "cash": 1.1,
            "stock": 1
        },
        "1999-04-30": {
            "cash": 2.5,
            "stock": 0.5
        },
        "2000-06-08": {
            "cash": 1.3,
            "stock": 0.2
        },
        "2001-05-31": {
            "cash": 1.5,
            "stock": 0.3
        },
        "2002-06-20": {
            "cash": 0.8,
            "stock": 0.2
        },
        "2003-06-18": {
            "cash": 1.4,
            "stock": 0.15
        },
        "2004-03-19": {
            "cash": 3,
            "stock": 0.35
        },
        "2005-03-17": {
            "cash": 3.9,
            "stock": 0.5
        },
        "2006-03-21": {
            "cash": 3.75,
            "stock": 0.35
        },
        "2007-03-28": {
            "cash": 2.78,
            "stock": 0.3
        },
        "2008-03-19": {
            "cash": 3.5,
            "stock": 0.3
        },
        "2009-03-25": {
            "cash": 1.3,
            "stock": 0.43
        },
        "2010-03-25": {
            "cash": 1.01,
            "stock": 0.33
        },
        "2011-01-01": {
            "cash": 1.01,
            "stock": 0.15
        },
        "2011-02-22": {
            "cash": 1.99,
            "stock": 0.5
        },
        "2013-03-22": {
            "cash": 0.4,
            "stock": 0.1
        },
        "2014-09-16": {
            "cash": 0.7,
            "stock": 0.2
        },
        "2015-08-26": {
            "cash": 1,
            "stock": 0
        },
        "2016-08-25": {
            "cash": 0.5,
            "stock": 0
        },
        "2017-08-25": {
            "cash": 0.85,
            "stock": 0
        },
        "2018-08-24": {
            "cash": 0.88,
            "stock": 0
        },
        "2019-08-27": {
            "cash": 1,
            "stock": 0
        },
        "2020-08-27": {
            "cash": 0.5,
            "stock": 0
        },
        "2021-09-17": {
            "cash": 0.3,
            "stock": 0
        },
        "2022-08-26": {
            "cash": 3.1,
            "stock": 0
        },
        "2023-02-24": {
            "cash": 1,
            "stock": 0
        }
    },
    "prices": {
        "200101": "19.42",
        "200102": "20.69",
        "200103": "20.45",
        "200104": "18.68",
        "200105": "19.19",
        "200106": "17.57",
        "200107": "14.02",
        "200108": "12.65",
        "200109": "12.31",
        "200110": "12.95",
        "200111": "13.32",
        "200112": "14.10",
        "200201": "14.48",
        "200202": "17.72",
        "200203": "16.78",
        "200204": "16.58",
        "200205": "16.13",
        "200206": "17.68",
        "200207": "17.18",
        "200208": "15.60",
        "200209": "15.82",
        "200210": "16.76",
        "200211": "18.98",
        "200212": "19.59",
        "200301": "22.45",
        "200302": "22.57",
        "200303": "20.32",
        "200304": "20.72",
        "200305": "20.16",
        "200306": "22.94",
        "200307": "25.50",
        "200308": "25.98",
        "200309": "26.76",
        "200310": "27.09",
        "200311": "27.60",
        "200312": "27.70",
        "200401": "29.45",
        "200402": "31.04",
        "200403": "33.93",
        "200404": "33.63",
        "200405": "29.23",
        "200406": "30.27",
        "200407": "31.70",
        "200408": "30.40",
        "200409": "33.47",
        "200410": "34.87",
        "200411": "34.43",
        "200412": "35.76",
        "200501": "35.33",
        "200502": "36.15",
        "200503": "36.01",
        "200504": "33.70",
        "200505": "31.95",
        "200506": "31.57",
        "200507": "31.50",
        "200508": "28.15",
        "200509": "29.30",
        "200510": "27.04",
        "200511": "26.50",
        "200512": "24.37",
        "200601": "25.70",
        "200602": "28.69",
        "200603": "29.35",
        "200604": "31.73",
        "200605": "31.40",
        "200606": "30.85",
        "200607": "30.37",
        "200608": "26.34",
        "200609": "27.52",
        "200610": "29.18",
        "200611": "31.49",
        "200612": "33.19",
        "200701": "33.53",
        "200702": "35.20",
        "200703": "36.56",
        "200704": "39.31",
        "200705": "39.69",
        "200706": "39.41",
        "200707": "42.95",
        "200708": "40.65",
        "200709": "44.52",
        "200710": "48.96",
        "200711": "42.98",
        "200712": "42.23",
        "200801": "44.02",
        "200802": "45.75",
        "200803": "46.55",
        "200804": "48.87",
        "200805": "51.55",
        "200806": "49.92",
        "200807": "46.41",
        "200808": "39.36",
        "200809": "35.20",
        "200810": "26.00",
        "200811": "23.32",
        "200812": "22.70",
        "200901": "23.53",
        "200902": "22.94",
        "200903": "22.30",
        "200904": "24.76",
        "200905": "26.94",
        "200906": "28.28",
        "200907": "29.17",
        "200908": "30.66",
        "200909": "30.37",
        "200910": "30.06",
        "200911": "30.07",
        "200912": "31.18",
        "201001": "33.86",
        "201002": "32.18",
        "201003": "32.94",
        "201004": "33.93",
        "201005": "31.29",
        "201006": "30.24",
        "201007": "30.45",
        "201008": "30.70",
        "201009": "31.84",
        "201010": "31.47",
        "201011": "31.70",
        "201012": "32.33",
        "201101": "33.39",
        "201102": "33.70",
        "201103": "34.29",
        "201104": "35.09",
        "201105": "34.88",
        "201106": "34.07",
        "201107": "32.90",
        "201108": "29.55",
        "201109": "29.89",
        "201110": "29.67",
        "201111": "28.85",
        "201112": "28.61",
        "201201": "28.96",
        "201202": "29.79",
        "201203": "30.15",
        "201204": "29.02",
        "201205": "28.34",
        "201206": "27.98",
        "201207": "27.20",
        "201208": "26.36",
        "201209": "26.01",
        "201210": "25.86",
        "201211": "25.37",
        "201212": "26.49",
        "201301": "27.72",
        "201302": "27.71",
        "201303": "26.89",
        "201304": "25.77",
        "201305": "25.87",
        "201306": "24.31",
        "201307": "24.83",
        "201308": "25.20",
        "201309": "25.88",
        "201310": "25.83",
        "201311": "25.23",
        "201312": "25.89",
        "201401": "26.43",
        "201402": "25.77",
        "201403": "25.51",
        "201404": "25.66",
        "201405": "25.17",
        "201406": "25.06",
        "201407": "25.32",
        "201408": "25.75",
        "201409": "26.11",
        "201410": "25.72",
        "201411": "25.96",
        "201412": "26.15",
        "201501": "26.48",
        "201502": "26.31",
        "201503": "25.69",
        "201504": "25.77",
        "201505": "25.60",
        "201506": "24.60",
        "201507": "23.68",
        "201508": "20.36",
        "201509": "19.42",
        "201510": "20.49",
        "201511": "19.18",
        "201512": "17.56",
        "201601": "17.46",
        "201602": "19.17",
        "201603": "22.15",
        "201604": "22.35",
        "201605": "20.39",
        "201606": "20.85",
        "201607": "21.90",
        "201608": "22.60",
        "201609": "22.08",
        "201610": "22.20",
        "201611": "24.09",
        "201612": "25.10",
        "201701": "24.92",
        "201702": "25.74",
        "201703": "25.62",
        "201704": "24.98",
        "201705": "24.33",
        "201706": "24.47",
        "201707": "25.42",
        "201708": "25.15",
        "201709": "24.81",
        "201710": "24.68",
        "201711": "24.52",
        "201712": "24.41",
        "201801": "25.08",
        "201802": "24.16",
        "201803": "23.67",
        "201804": "23.51",
        "201805": "23.38",
        "201806": "23.82",
        "201807": "24.04",
        "201808": "24.99",
        "201809": "24.89",
        "201810": "24.49",
        "201811": "24.16",
        "201812": "24.11",
        "201901": "24.89",
        "201902": "25.29",
        "201903": "25.02",
        "201904": "25.10",
        "201905": "24.46",
        "201906": "24.63",
        "201907": "24.64",
        "201908": "23.21",
        "201909": "23.22",
        "201910": "23.21",
        "201911": "23.55",
        "201912": "23.67",
        "202001": "23.80",
        "202002": "23.26",
        "202003": "20.70",
        "202004": "19.50",
        "202005": "19.73",
        "202006": "20.76",
        "202007": "20.54",
        "202008": "20.07",
        "202009": "20.59",
        "202010": "20.57",
        "202011": "21.74",
        "202012": "24.10",
        "202101": "24.59",
        "202102": "24.24",
        "202103": "25.35",
        "202104": "33.97",
        "202105": "37.22",
        "202106": "36.70",
        "202107": "37.02",
        "202108": "36.71",
        "202109": "37.58",
        "202110": "33.85",
        "202111": "33.42",
        "202112": "34.73",
        "202201": "34.51",
        "202202": "35.48",
        "202203": "38.92",
        "202204": "38.16",
        "202205": "34.25",
        "202206": "32.32",
        "202207": "29.22",
        "202208": "28.70",
        "202209": "28.46",
        "202210": "27.36",
        "202211": "28.18",
        "202212": "29.47",
        "202301": "30.84",
        "202302": "31.59",
        "202303": "30.92",
        "202304": "30.39",
        "202305": "29.34",
        "202306": "29.66"
    },
    "quarters": {
        "20011": {
            "year_quarter": 20011,
            "year": 2001,
            "quarter": 1,
            "eps": 0.2,
            "eps_growth_year": -77.01,
            "eps_4q": 1.45,
            "eps_4q_growth_year": -36.97,
            "roe": 1.31,
            "roe_4q": 1.31,
            "gross_profit": 3525758,
            "gross_margin": 15.25,
            "gross_margin_4q_avg": 15.25,
            "net_income": 1778907,
            "revenue": 23123263,
            "common_shares": 87483716,
            "book_valuer_per_share": 15.6,
            "book_valuer_per_share_4q_avg": 15.6,
            "equity": 136473350,
            "current_ratio": 197.09,
            "debt_ratio": 33.69,
            "inventory_turnover_ratio": 1.09,
            "account_receivable_turnover_ratio": null,
            "reinvestment_rate": null,
            "research_to_sale_ratio": null,
            "price_fair": 0,
            "eps_avg_yearly": 0,
            "eps_latest_yearly": 0,
            "eps_growth_yearly": 0
        },
        "20012": {
            "year_quarter": 20012,
            "year": 2001,
            "quarter": 2,
            "eps": 0.22,
            "eps_growth_year": -65.08,
            "eps_4q": 1.09,
            "eps_4q_growth_year": -56.32,
            "roe": 1.46,
            "roe_4q": 2.77,
            "gross_profit": 3223532,
            "gross_margin": 14.92,
            "gross_margin_4q_avg": 15.09,
            "net_income": 1908380,
            "revenue": 21612485,
            "common_shares": 87483716,
            "book_valuer_per_share": 14.29,
            "book_valuer_per_share_4q_avg": 14.95,
            "equity": 125027936,
            "current_ratio": 145.06,
            "debt_ratio": 39.62,
            "inventory_turnover_ratio": 1.08,
            "account_receivable_turnover_ratio": null,
            "reinvestment_rate": null,
            "research_to_sale_ratio": null,
            "price_fair": 0,
            "eps_avg_yearly": 0,
            "eps_latest_yearly": 0,
            "eps_growth_yearly": 0
        },
        "20013": {
            "year_quarter": 20013,
            "year": 2001,
            "quarter": 3,
            "eps": 0.2,
            "eps_growth_year": -41.18,
            "eps_4q": 0.92,
            "eps_4q_growth_year": -60.39,
            "roe": 1.43,
            "roe_4q": 4.199999999999999,
            "gross_profit": 2598930,
            "gross_margin": 13.55,
            "gross_margin_4q_avg": 14.57,
            "net_income": 1797971,
            "revenue": 19177893,
            "common_shares": 90611684,
            "book_valuer_per_share": 13.88,
            "book_valuer_per_share_4q_avg": 14.59,
            "equity": 125767735,
            "current_ratio": 176.98,
            "debt_ratio": 34.96,
            "inventory_turnover_ratio": 0.93,
            "account_receivable_turnover_ratio": null,
            "reinvestment_rate": null,
            "research_to_sale_ratio": null,
            "price_fair": 0,
            "eps_avg_yearly": 0,
            "eps_latest_yearly": 0,
            "eps_growth_yearly": 0
        },
        "20014": {
            "year_quarter": 20014,
            "year": 2001,
            "quarter": 4,
            "eps": 0.22,
            "eps_growth_year": -29.03,
            "eps_4q": 0.83,
            "eps_4q_growth_year": -60.15,
            "roe": 1.56,
            "roe_4q": 5.76,
            "gross_profit": 2529213,
            "gross_margin": 11.94,
            "gross_margin_4q_avg": 13.92,
            "net_income": 1974492,
            "revenue": 21187625,
            "common_shares": 90611684,
            "book_valuer_per_share": 13.98,
            "book_valuer_per_share_4q_avg": 14.44,
            "equity": 126765423,
            "current_ratio": 171.13,
            "debt_ratio": 38.24,
            "inventory_turnover_ratio": 0.96,
            "account_receivable_turnover_ratio": null,
            "reinvestment_rate": null,
            "research_to_sale_ratio": null,
            "price_fair": 0,
            "eps_avg_yearly": 0,
            "eps_latest_yearly": 0,
            "eps_growth_yearly": 0
        },
        "20021": {
            "year_quarter": 20021,
            "year": 2002,
            "quarter": 1,
            "eps": 0.16,
            "eps_growth_year": -20,
            "eps_4q": 0.81,
            "eps_4q_growth_year": -44.41,
            "roe": 1.11,
            "roe_4q": 5.56,
            "gross_profit": 2759047,
            "gross_margin": 13.09,
            "gross_margin_4q_avg": 13.38,
            "net_income": 1405137,
            "revenue": 21076045,
            "common_shares": 90611684,
            "book_valuer_per_share": 13.98,
            "book_valuer_per_share_4q_avg": 14.03,
            "equity": 126665741,
            "current_ratio": 155.72,
            "debt_ratio": 35.01,
            "inventory_turnover_ratio": 0.97,
            "account_receivable_turnover_ratio": null,
            "reinvestment_rate": null,
            "research_to_sale_ratio": null,
            "price_fair": 1.92,
            "eps_avg_yearly": 0.64,
            "eps_latest_yearly": 0.64,
            "eps_growth_yearly": -109.09
        },
        "20022": {
            "year_quarter": 20022,
            "year": 2002,
            "quarter": 2,
            "eps": 0.3,
            "eps_growth_year": 36.36,
            "eps_4q": 0.88,
            "eps_4q_growth_year": -19.01,
            "roe": 2.15,
            "roe_4q": 6.25,
            "gross_profit": 4796601,
            "gross_margin": 19.05,
            "gross_margin_4q_avg": 14.41,
            "net_income": 2677733,
            "revenue": 25182180,
            "common_shares": 90611684,
            "book_valuer_per_share": 13.47,
            "book_valuer_per_share_4q_avg": 13.83,
            "equity": 122022292,
            "current_ratio": 136.25,
            "debt_ratio": 36.24,
            "inventory_turnover_ratio": 1.24,
            "account_receivable_turnover_ratio": null,
            "reinvestment_rate": null,
            "research_to_sale_ratio": null,
            "price_fair": 32.2,
            "eps_avg_yearly": 0.92,
            "eps_latest_yearly": 1.2,
            "eps_growth_yearly": 120.45
        },
        "20023": {
            "year_quarter": 20023,
            "year": 2002,
            "quarter": 3,
            "eps": 0.55,
            "eps_growth_year": 175,
            "eps_4q": 1.21,
            "eps_4q_growth_year": 32.34,
            "roe": 4.03,
            "roe_4q": 8.85,
            "gross_profit": 7773569,
            "gross_margin": 29.69,
            "gross_margin_4q_avg": 18.44,
            "net_income": 5017065,
            "revenue": 26184982,
            "common_shares": 92679929,
            "book_valuer_per_share": 13.72,
            "book_valuer_per_share_4q_avg": 13.79,
            "equity": 127189574,
            "current_ratio": 166.37,
            "debt_ratio": 32.49,
            "inventory_turnover_ratio": 1.25,
            "account_receivable_turnover_ratio": null,
            "reinvestment_rate": null,
            "research_to_sale_ratio": null,
            "price_fair": 47.13,
            "eps_avg_yearly": 1.35,
            "eps_latest_yearly": 2.2,
            "eps_growth_yearly": 191.41
        },
        "20024": {
            "year_quarter": 20024,
            "year": 2002,
            "quarter": 4,
            "eps": 0.86,
            "eps_growth_year": 290.91,
            "eps_4q": 1.87,
            "eps_4q_growth_year": 125.13,
            "roe": 5.89,
            "roe_4q": 13.18,
            "gross_profit": 9498819,
            "gross_margin": 34.55,
            "gross_margin_4q_avg": 24.1,
            "net_income": 7739145,
            "revenue": 27496639,
            "common_shares": 92679939,
            "book_valuer_per_share": 14.57,
            "book_valuer_per_share_4q_avg": 13.94,
            "equity": 135579453,
            "current_ratio": 163.38,
            "debt_ratio": 37.15,
            "inventory_turnover_ratio": 1.09,
            "account_receivable_turnover_ratio": null,
            "reinvestment_rate": -6.4,
            "research_to_sale_ratio": null,
            "price_fair": 65.45,
            "eps_avg_yearly": 1.87,
            "eps_latest_yearly": 3.44,
            "eps_growth_yearly": 199.92
        },
        "20031": {
            "year_quarter": 20031,
            "year": 2003,
            "quarter": 1,
            "eps": 1,
            "eps_growth_year": 525,
            "eps_4q": 2.69,
            "eps_4q_growth_year": 233.33,
            "roe": 6.49,
            "roe_4q": 18.56,
            "gross_profit": 10576638,
            "gross_margin": 34.76,
            "gross_margin_4q_avg": 29.51,
            "net_income": 9134858,
            "revenue": 30426744,
            "common_shares": 92679989,
            "book_valuer_per_share": 15.74,
            "book_valuer_per_share_4q_avg": 14.38,
            "equity": 145917214,
            "current_ratio": 244.97,
            "debt_ratio": 26.81,
            "inventory_turnover_ratio": 1.13,
            "account_receivable_turnover_ratio": null,
            "reinvestment_rate": -37.41,
            "research_to_sale_ratio": null,
            "price_fair": 80.36,
            "eps_avg_yearly": 2.3,
            "eps_latest_yearly": 4,
            "eps_growth_yearly": 172.96
        },
        "20032": {
            "year_quarter": 20032,
            "year": 2003,
            "quarter": 2,
            "eps": 0.99,
            "eps_growth_year": 230,
            "eps_4q": 3.38,
            "eps_4q_growth_year": 283.82,
            "roe": 6.31,
            "roe_4q": 22.720000000000002,
            "gross_profit": 11653402,
            "gross_margin": 36.29,
            "gross_margin_4q_avg": 33.82,
            "net_income": 9075994,
            "revenue": 32114662,
            "common_shares": 92679989,
            "book_valuer_per_share": 15.3,
            "book_valuer_per_share_4q_avg": 14.83,
            "equity": 141807366,
            "current_ratio": 147.26,
            "debt_ratio": 31.42,
            "inventory_turnover_ratio": 1.28,
            "account_receivable_turnover_ratio": null,
            "reinvestment_rate": -34.86,
            "research_to_sale_ratio": null,
            "price_fair": 90.07,
            "eps_avg_yearly": 2.57,
            "eps_latest_yearly": 3.96,
            "eps_growth_yearly": 143.47
        },
        "20033": {
            "year_quarter": 20033,
            "year": 2003,
            "quarter": 3,
            "eps": 1.01,
            "eps_growth_year": 83.64,
            "eps_4q": 3.79,
            "eps_4q_growth_year": 211.92,
            "roe": 6.44,
            "roe_4q": 25.130000000000003,
            "gross_profit": 11844588,
            "gross_margin": 35.16,
            "gross_margin_4q_avg": 35.19,
            "net_income": 9438400,
            "revenue": 33686668,
            "common_shares": 94523237,
            "book_valuer_per_share": 16.03,
            "book_valuer_per_share_4q_avg": 15.41,
            "equity": 151481163,
            "current_ratio": 174.67,
            "debt_ratio": 27.23,
            "inventory_turnover_ratio": 1.35,
            "account_receivable_turnover_ratio": null,
            "reinvestment_rate": -33.98,
            "research_to_sale_ratio": null,
            "price_fair": 97.4,
            "eps_avg_yearly": 2.78,
            "eps_latest_yearly": 4.04,
            "eps_growth_yearly": 124.13
        },
        "20034": {
            "year_quarter": 20034,
            "year": 2003,
            "quarter": 4,
            "eps": 1,
            "eps_growth_year": 16.28,
            "eps_4q": 3.96,
            "eps_4q_growth_year": 111.81,
            "roe": 5.96,
            "roe_4q": 25.200000000000003,
            "gross_profit": 11923922,
            "gross_margin": 35.62,
            "gross_margin_4q_avg": 35.46,
            "net_income": 9329962,
            "revenue": 33474723,
            "common_shares": 94523237,
            "book_valuer_per_share": 17.04,
            "book_valuer_per_share_4q_avg": 16.03,
            "equity": 161420855,
            "current_ratio": 194.26,
            "debt_ratio": 32.28,
            "inventory_turnover_ratio": 1.14,
            "account_receivable_turnover_ratio": null,
            "reinvestment_rate": -10.89,
            "research_to_sale_ratio": null,
            "price_fair": 102.73,
            "eps_avg_yearly": 2.94,
            "eps_latest_yearly": 4,
            "eps_growth_yearly": 108.12
        },
        "20041": {
            "year_quarter": 20041,
            "year": 2004,
            "quarter": 1,
            "eps": 1.07,
            "eps_growth_year": 7,
            "eps_4q": 4.03,
            "eps_4q_growth_year": 49.91,
            "roe": 6.05,
            "roe_4q": 24.759999999999998,
            "gross_profit": 12280729,
            "gross_margin": 34.53,
            "gross_margin_4q_avg": 35.4,
            "net_income": 10058687,
            "revenue": 35560612,
            "common_shares": 94523237,
            "book_valuer_per_share": 18.09,
            "book_valuer_per_share_4q_avg": 16.62,
            "equity": 171021679,
            "current_ratio": 244.41,
            "debt_ratio": 24.9,
            "inventory_turnover_ratio": 1.09,
            "account_receivable_turnover_ratio": null,
            "reinvestment_rate": -30.67,
            "research_to_sale_ratio": null,
            "price_fair": 107.96,
            "eps_avg_yearly": 3.08,
            "eps_latest_yearly": 4.28,
            "eps_growth_yearly": 99.21
        },
        "20042": {
            "year_quarter": 20042,
            "year": 2004,
            "quarter": 2,
            "eps": 1.34,
            "eps_growth_year": 35.35,
            "eps_4q": 4.42,
            "eps_4q_growth_year": 30.86,
            "roe": 7.69,
            "roe_4q": 26.14,
            "gross_profit": 15716947,
            "gross_margin": 38.73,
            "gross_margin_4q_avg": 36.01,
            "net_income": 12540148,
            "revenue": 40583740,
            "common_shares": 94523237,
            "book_valuer_per_share": 16.39,
            "book_valuer_per_share_4q_avg": 16.89,
            "equity": 154963091,
            "current_ratio": 163.08,
            "debt_ratio": 33.14,
            "inventory_turnover_ratio": 1.13,
            "account_receivable_turnover_ratio": null,
            "reinvestment_rate": -25.93,
            "research_to_sale_ratio": null,
            "price_fair": 115.92,
            "eps_avg_yearly": 3.31,
            "eps_latest_yearly": 5.36,
            "eps_growth_yearly": 99.39
        },
        "20043": {
            "year_quarter": 20043,
            "year": 2004,
            "quarter": 3,
            "eps": 1.46,
            "eps_growth_year": 44.55,
            "eps_4q": 4.71,
            "eps_4q_growth_year": 24.43,
            "roe": 8.83,
            "roe_4q": 28.53,
            "gross_profit": 17912932,
            "gross_margin": 39.59,
            "gross_margin_4q_avg": 37.12,
            "net_income": 14333696,
            "revenue": 45247988,
            "common_shares": 98833518,
            "book_valuer_per_share": 17.17,
            "book_valuer_per_share_4q_avg": 17.17,
            "equity": 169719042,
            "current_ratio": 255.92,
            "debt_ratio": 23.91,
            "inventory_turnover_ratio": 1.15,
            "account_receivable_turnover_ratio": null,
            "reinvestment_rate": -21.15,
            "research_to_sale_ratio": null,
            "price_fair": 123.96,
            "eps_avg_yearly": 3.54,
            "eps_latest_yearly": 5.84,
            "eps_growth_yearly": 93.61
        },
        "20044": {
            "year_quarter": 20044,
            "year": 2004,
            "quarter": 4,
            "eps": 1.5,
            "eps_growth_year": 50,
            "eps_4q": 5.27,
            "eps_4q_growth_year": 33.03,
            "roe": 8.28,
            "roe_4q": 30.85,
            "gross_profit": 18048367,
            "gross_margin": 38.5,
            "gross_margin_4q_avg": 37.84,
            "net_income": 14684160,
            "revenue": 46877696,
            "common_shares": 98889368,
            "book_valuer_per_share": 18.62,
            "book_valuer_per_share_4q_avg": 17.57,
            "equity": 185054221,
            "current_ratio": 233.22,
            "debt_ratio": 28.61,
            "inventory_turnover_ratio": 1.06,
            "account_receivable_turnover_ratio": null,
            "reinvestment_rate": -2.23,
            "research_to_sale_ratio": null,
            "price_fair": 131.13,
            "eps_avg_yearly": 3.75,
            "eps_latest_yearly": 6,
            "eps_growth_yearly": 86.72
        },
        "20051": {
            "year_quarter": 20051,
            "year": 2005,
            "quarter": 1,
            "eps": 1.57,
            "eps_growth_year": 46.73,
            "eps_4q": 5.81,
            "eps_4q_growth_year": 44.09,
            "roe": 7.99,
            "roe_4q": 32.79,
            "gross_profit": 20442408,
            "gross_margin": 43,
            "gross_margin_4q_avg": 39.96,
            "net_income": 15390141,
            "revenue": 47543273,
            "common_shares": 98903988,
            "book_valuer_per_share": 20.24,
            "book_valuer_per_share_4q_avg": 18.11,
            "equity": 200147715,
            "current_ratio": 292.49,
            "debt_ratio": 21.24,
            "inventory_turnover_ratio": 0.97,
            "account_receivable_turnover_ratio": null,
            "reinvestment_rate": -13.03,
            "research_to_sale_ratio": null,
            "price_fair": 137.95,
            "eps_avg_yearly": 3.94,
            "eps_latest_yearly": 6.28,
            "eps_growth_yearly": 81.49
        },
        "20052": {
            "year_quarter": 20052,
            "year": 2005,
            "quarter": 2,
            "eps": 1.78,
            "eps_growth_year": 32.84,
            "eps_4q": 6.32,
            "eps_4q_growth_year": 43.07,
            "roe": 9.2,
            "roe_4q": 34.3,
            "gross_profit": 22527296,
            "gross_margin": 43.78,
            "gross_margin_4q_avg": 41.22,
            "net_income": 17395160,
            "revenue": 51459972,
            "common_shares": 98903998,
            "book_valuer_per_share": 17.99,
            "book_valuer_per_share_4q_avg": 18.51,
            "equity": 177907549,
            "current_ratio": 128.73,
            "debt_ratio": 35.21,
            "inventory_turnover_ratio": 1.07,
            "account_receivable_turnover_ratio": null,
            "reinvestment_rate": -9.08,
            "research_to_sale_ratio": null,
            "price_fair": 145.9,
            "eps_avg_yearly": 4.17,
            "eps_latest_yearly": 7.12,
            "eps_growth_yearly": 79.49
        },
        "20053": {
            "year_quarter": 20053,
            "year": 2005,
            "quarter": 3,
            "eps": 1.24,
            "eps_growth_year": -15.07,
            "eps_4q": 5.78,
            "eps_4q_growth_year": 22.65,
            "roe": 7.01,
            "roe_4q": 32.480000000000004,
            "gross_profit": 15930416,
            "gross_margin": 34.54,
            "gross_margin_4q_avg": 39.96,
            "net_income": 12966245,
            "revenue": 46117597,
            "common_shares": 105459606,
            "book_valuer_per_share": 18.2,
            "book_valuer_per_share_4q_avg": 18.76,
            "equity": 191896048,
            "current_ratio": 186.27,
            "debt_ratio": 21.96,
            "inventory_turnover_ratio": 0.96,
            "account_receivable_turnover_ratio": null,
            "reinvestment_rate": -6.13,
            "research_to_sale_ratio": null,
            "price_fair": 147.75,
            "eps_avg_yearly": 4.22,
            "eps_latest_yearly": 4.96,
            "eps_growth_yearly": 66.1
        },
        "20054": {
            "year_quarter": 20054,
            "year": 2005,
            "quarter": 4,
            "eps": 0.47,
            "eps_growth_year": -68.67,
            "eps_4q": 4.86,
            "eps_4q_growth_year": -7.77,
            "roe": 2.36,
            "roe_4q": 26.560000000000002,
            "gross_profit": 8425757,
            "gross_margin": 20.45,
            "gross_margin_4q_avg": 35.44,
            "net_income": 4895093,
            "revenue": 41196827,
            "common_shares": 105459736,
            "book_valuer_per_share": 18.64,
            "book_valuer_per_share_4q_avg": 18.77,
            "equity": 223282462,
            "current_ratio": 183.9,
            "debt_ratio": 34.3,
            "inventory_turnover_ratio": 0.71,
            "account_receivable_turnover_ratio": null,
            "reinvestment_rate": 22.99,
            "research_to_sale_ratio": null,
            "price_fair": 142.63,
            "eps_avg_yearly": 4.08,
            "eps_latest_yearly": 1.88,
            "eps_growth_yearly": 46.44
        },
        "20061": {
            "year_quarter": 20061,
            "year": 2006,
            "quarter": 1,
            "eps": 0.52,
            "eps_growth_year": -66.88,
            "eps_4q": 3.86,
            "eps_4q_growth_year": -33.55,
            "roe": 2.53,
            "roe_4q": 21.099999999999998,
            "gross_profit": 5688159,
            "gross_margin": 15.03,
            "gross_margin_4q_avg": 28.45,
            "net_income": 5488268,
            "revenue": 37846224,
            "common_shares": 105459746,
            "book_valuer_per_share": 19.92,
            "book_valuer_per_share_4q_avg": 18.69,
            "equity": 210112233,
            "current_ratio": 179.6,
            "debt_ratio": 20.18,
            "inventory_turnover_ratio": 0.7,
            "account_receivable_turnover_ratio": null,
            "reinvestment_rate": -3.08,
            "research_to_sale_ratio": null,
            "price_fair": 145.78,
            "eps_avg_yearly": 4.17,
            "eps_latest_yearly": 2.08,
            "eps_growth_yearly": 55.92
        },
        "20062": {
            "year_quarter": 20062,
            "year": 2006,
            "quarter": 2,
            "eps": 0.8,
            "eps_growth_year": -55.06,
            "eps_4q": 3.03,
            "eps_4q_growth_year": -52.07,
            "roe": 4.34,
            "roe_4q": 16.24,
            "gross_profit": 8690419,
            "gross_margin": 20.6,
            "gross_margin_4q_avg": 22.66,
            "net_income": 8371388,
            "revenue": 42189312,
            "common_shares": 105459746,
            "book_valuer_per_share": 16.68,
            "book_valuer_per_share_4q_avg": 18.36,
            "equity": 175932774,
            "current_ratio": 115.49,
            "debt_ratio": 34.76,
            "inventory_turnover_ratio": 1.04,
            "account_receivable_turnover_ratio": null,
            "reinvestment_rate": -1.45,
            "research_to_sale_ratio": null,
            "price_fair": 150.15,
            "eps_avg_yearly": 4.29,
            "eps_latest_yearly": 3.2,
            "eps_growth_yearly": 47.51
        },
        "20063": {
            "year_quarter": 20063,
            "year": 2006,
            "quarter": 3,
            "eps": 1.17,
            "eps_growth_year": -5.65,
            "eps_4q": 2.88,
            "eps_4q_growth_year": -50.12,
            "roe": 7,
            "roe_4q": 16.23,
            "gross_profit": 13656710,
            "gross_margin": 28.72,
            "gross_margin_4q_avg": 21.2,
            "net_income": 12809106,
            "revenue": 47557601,
            "common_shares": 110537546,
            "book_valuer_per_share": 17.18,
            "book_valuer_per_share_4q_avg": 18.11,
            "equity": 189893092,
            "current_ratio": 142.02,
            "debt_ratio": 24.36,
            "inventory_turnover_ratio": 1.07,
            "account_receivable_turnover_ratio": null,
            "reinvestment_rate": 0.99,
            "research_to_sale_ratio": null,
            "price_fair": 155.58,
            "eps_avg_yearly": 4.45,
            "eps_latest_yearly": 4.68,
            "eps_growth_yearly": 38.24
        },
        "20064": {
            "year_quarter": 20064,
            "year": 2006,
            "quarter": 4,
            "eps": 1.14,
            "eps_growth_year": 142.55,
            "eps_4q": 3.57,
            "eps_4q_growth_year": -26.5,
            "roe": 5.89,
            "roe_4q": 19.76,
            "gross_profit": 15406687,
            "gross_margin": 30.77,
            "gross_margin_4q_avg": 23.78,
            "net_income": 12489822,
            "revenue": 50065096,
            "common_shares": 110537576,
            "book_valuer_per_share": 18.41,
            "book_valuer_per_share_4q_avg": 18.05,
            "equity": 234130291,
            "current_ratio": 211.55,
            "debt_ratio": 32.38,
            "inventory_turnover_ratio": 0.78,
            "account_receivable_turnover_ratio": null,
            "reinvestment_rate": 21.86,
            "research_to_sale_ratio": null,
            "price_fair": 151.27,
            "eps_avg_yearly": 4.52,
            "eps_latest_yearly": 4.56,
            "eps_growth_yearly": 23.5
        },
        "20071": {
            "year_quarter": 20071,
            "year": 2007,
            "quarter": 1,
            "eps": 1.19,
            "eps_growth_year": 128.85,
            "eps_4q": 4.25,
            "eps_4q_growth_year": 9.98,
            "roe": 5.81,
            "roe_4q": 23.04,
            "gross_profit": 14270666,
            "gross_margin": 29.05,
            "gross_margin_4q_avg": 27.29,
            "net_income": 13111518,
            "revenue": 49127693,
            "common_shares": 110537576,
            "book_valuer_per_share": 19.66,
            "book_valuer_per_share_4q_avg": 17.98,
            "equity": 217298709,
            "current_ratio": 235.8,
            "debt_ratio": 20.83,
            "inventory_turnover_ratio": 0.79,
            "account_receivable_turnover_ratio": null,
            "reinvestment_rate": 2.5,
            "research_to_sale_ratio": null,
            "price_fair": 139.3,
            "eps_avg_yearly": 4.56,
            "eps_latest_yearly": 4.76,
            "eps_growth_yearly": 20.53
        },
        "20072": {
            "year_quarter": 20072,
            "year": 2007,
            "quarter": 2,
            "eps": 1.19,
            "eps_growth_year": 48.75,
            "eps_4q": 4.68,
            "eps_4q_growth_year": 54.41,
            "roe": 6.29,
            "roe_4q": 24.99,
            "gross_profit": 14680240,
            "gross_margin": 28.74,
            "gross_margin_4q_avg": 29.32,
            "net_income": 13094633,
            "revenue": 51070928,
            "common_shares": 110537726,
            "book_valuer_per_share": 17.99,
            "book_valuer_per_share_4q_avg": 18.31,
            "equity": 198809573,
            "current_ratio": 144.62,
            "debt_ratio": 30.8,
            "inventory_turnover_ratio": 1.09,
            "account_receivable_turnover_ratio": null,
            "reinvestment_rate": 3.53,
            "research_to_sale_ratio": null,
            "price_fair": 141.98,
            "eps_avg_yearly": 4.61,
            "eps_latest_yearly": 4.76,
            "eps_growth_yearly": 20.78
        },
        "20073": {
            "year_quarter": 20073,
            "year": 2007,
            "quarter": 3,
            "eps": 1.06,
            "eps_growth_year": -9.4,
            "eps_4q": 4.45,
            "eps_4q_growth_year": 54.25,
            "roe": 5.92,
            "roe_4q": 23.91,
            "gross_profit": 13236599,
            "gross_margin": 25.43,
            "gross_margin_4q_avg": 28.5,
            "net_income": 12110145,
            "revenue": 52050533,
            "common_shares": 114948570,
            "book_valuer_per_share": 18.28,
            "book_valuer_per_share_4q_avg": 18.59,
            "equity": 210164686,
            "current_ratio": 205.69,
            "debt_ratio": 21.7,
            "inventory_turnover_ratio": 1.12,
            "account_receivable_turnover_ratio": null,
            "reinvestment_rate": 5.54,
            "research_to_sale_ratio": null,
            "price_fair": 127.39,
            "eps_avg_yearly": 4.63,
            "eps_latest_yearly": 4.24,
            "eps_growth_yearly": 17.54
        },
        "20074": {
            "year_quarter": 20074,
            "year": 2007,
            "quarter": 4,
            "eps": 1.13,
            "eps_growth_year": -0.88,
            "eps_4q": 4.47,
            "eps_4q_growth_year": 25.18,
            "roe": 5.56,
            "roe_4q": 23.58,
            "gross_profit": 13026050,
            "gross_margin": 23.4,
            "gross_margin_4q_avg": 26.66,
            "net_income": 12947578,
            "revenue": 55669798,
            "common_shares": 114963350,
            "book_valuer_per_share": 19.37,
            "book_valuer_per_share_4q_avg": 18.83,
            "equity": 255929796,
            "current_ratio": 206.4,
            "debt_ratio": 29.87,
            "inventory_turnover_ratio": 0.86,
            "account_receivable_turnover_ratio": null,
            "reinvestment_rate": 36.84,
            "research_to_sale_ratio": null,
            "price_fair": 137.13,
            "eps_avg_yearly": 4.66,
            "eps_latest_yearly": 4.52,
            "eps_growth_yearly": 19.44
        },
        "20081": {
            "year_quarter": 20081,
            "year": 2008,
            "quarter": 1,
            "eps": 1.02,
            "eps_growth_year": -14.29,
            "eps_4q": 3.85,
            "eps_4q_growth_year": -9.44,
            "roe": 5.06,
            "roe_4q": 22.83,
            "gross_profit": 20884719,
            "gross_margin": 22.86,
            "gross_margin_4q_avg": 25.11,
            "net_income": 13227989,
            "revenue": 91377405,
            "common_shares": 114964990,
            "book_valuer_per_share": 20.32,
            "book_valuer_per_share_4q_avg": 18.99,
            "equity": 267016883,
            "current_ratio": 182.12,
            "debt_ratio": 31.36,
            "inventory_turnover_ratio": 1.12,
            "account_receivable_turnover_ratio": null,
            "reinvestment_rate": 50.34,
            "research_to_sale_ratio": null,
            "price_fair": 117.33,
            "eps_avg_yearly": 4.65,
            "eps_latest_yearly": 4.08,
            "eps_growth_yearly": 15.26
        },
        "20082": {
            "year_quarter": 20082,
            "year": 2008,
            "quarter": 2,
            "eps": 1.33,
            "eps_growth_year": 11.76,
            "eps_4q": 4.02,
            "eps_4q_growth_year": -14.18,
            "roe": 6.81,
            "roe_4q": 23.35,
            "gross_profit": 27034522,
            "gross_margin": 25.17,
            "gross_margin_4q_avg": 24.22,
            "net_income": 17202253,
            "revenue": 107393583,
            "common_shares": 114969210,
            "book_valuer_per_share": 17.97,
            "book_valuer_per_share_4q_avg": 18.99,
            "equity": 238405546,
            "current_ratio": 119.72,
            "debt_ratio": 43,
            "inventory_turnover_ratio": 1.21,
            "account_receivable_turnover_ratio": null,
            "reinvestment_rate": 55.47,
            "research_to_sale_ratio": null,
            "price_fair": 123.25,
            "eps_avg_yearly": 4.64,
            "eps_latest_yearly": 5.32,
            "eps_growth_yearly": 16.55
        },
        "20083": {
            "year_quarter": 20083,
            "year": 2008,
            "quarter": 3,
            "eps": 1.06,
            "eps_growth_year": 0,
            "eps_4q": 4.04,
            "eps_4q_growth_year": -9.1,
            "roe": 5.6,
            "roe_4q": 23.029999999999998,
            "gross_profit": 26359094,
            "gross_margin": 19.93,
            "gross_margin_4q_avg": 22.84,
            "net_income": 13747958,
            "revenue": 132257254,
            "common_shares": 119815480,
            "book_valuer_per_share": 18.31,
            "book_valuer_per_share_4q_avg": 18.99,
            "equity": 252851663,
            "current_ratio": 138.22,
            "debt_ratio": 38.79,
            "inventory_turnover_ratio": 1.28,
            "account_receivable_turnover_ratio": null,
            "reinvestment_rate": 62.23,
            "research_to_sale_ratio": null,
            "price_fair": 87.38,
            "eps_avg_yearly": 4.54,
            "eps_latest_yearly": 4.24,
            "eps_growth_yearly": 9.24
        },
        "20084": {
            "year_quarter": 20084,
            "year": 2008,
            "quarter": 4,
            "eps": -1.31,
            "eps_growth_year": -215.93,
            "eps_4q": 2,
            "eps_4q_growth_year": -55.25,
            "roe": -7.8,
            "roe_4q": 9.669999999999998,
            "gross_profit": -22755938,
            "gross_margin": -41.92,
            "gross_margin_4q_avg": 6.51,
            "net_income": -19812690,
            "revenue": 54289093,
            "common_shares": 125575411,
            "book_valuer_per_share": 19.01,
            "book_valuer_per_share_4q_avg": 18.9,
            "equity": 254983167,
            "current_ratio": 139.02,
            "debt_ratio": 44.82,
            "inventory_turnover_ratio": 0.87,
            "account_receivable_turnover_ratio": 10.39,
            "reinvestment_rate": 88.97,
            "research_to_sale_ratio": null,
            "price_fair": 85,
            "eps_avg_yearly": 4.45,
            "eps_latest_yearly": 4.24,
            "eps_growth_yearly": 9.12
        },
        "20091": {
            "year_quarter": 20091,
            "year": 2009,
            "quarter": 1,
            "eps": -0.59,
            "eps_growth_year": -157.84,
            "eps_4q": 0.41,
            "eps_4q_growth_year": -89.35,
            "roe": -3.25,
            "roe_4q": 1.3599999999999985,
            "gross_profit": -8336416,
            "gross_margin": -14.78,
            "gross_margin_4q_avg": -2.9,
            "net_income": -8193561,
            "revenue": 56396060,
            "common_shares": 125575411,
            "book_valuer_per_share": 18.47,
            "book_valuer_per_share_4q_avg": 18.44,
            "equity": 249443853,
            "current_ratio": 127.45,
            "debt_ratio": 46.08,
            "inventory_turnover_ratio": 0.85,
            "account_receivable_turnover_ratio": 5.6,
            "reinvestment_rate": 123.77,
            "research_to_sale_ratio": null,
            "price_fair": 79.55,
            "eps_avg_yearly": 4.31,
            "eps_latest_yearly": 4.24,
            "eps_growth_yearly": 8.44
        },
        "20092": {
            "year_quarter": 20092,
            "year": 2009,
            "quarter": 2,
            "eps": 0.06,
            "eps_growth_year": -95.49,
            "eps_4q": -0.45,
            "eps_4q_growth_year": -111.31,
            "roe": 0.51,
            "roe_4q": -4.9399999999999995,
            "gross_profit": 1722670,
            "gross_margin": 3.02,
            "gross_margin_4q_avg": -8.44,
            "net_income": 1231026,
            "revenue": 56947710,
            "common_shares": 125575431,
            "book_valuer_per_share": 17.04,
            "book_valuer_per_share_4q_avg": 18.21,
            "equity": 229528233,
            "current_ratio": 106.42,
            "debt_ratio": 46.8,
            "inventory_turnover_ratio": 0.93,
            "account_receivable_turnover_ratio": 6.72,
            "reinvestment_rate": 145.47,
            "research_to_sale_ratio": null,
            "price_fair": 61.36,
            "eps_avg_yearly": 4.1,
            "eps_latest_yearly": 4.24,
            "eps_growth_yearly": 4.97
        },
        "20093": {
            "year_quarter": 20093,
            "year": 2009,
            "quarter": 3,
            "eps": 0.82,
            "eps_growth_year": -22.64,
            "eps_4q": -0.82,
            "eps_4q_growth_year": -120.27,
            "roe": 4.88,
            "roe_4q": -5.66,
            "gross_profit": 15258807,
            "gross_margin": 23.83,
            "gross_margin_4q_avg": -7.46,
            "net_income": 11545531,
            "revenue": 64040017,
            "common_shares": 130945189,
            "book_valuer_per_share": 17.16,
            "book_valuer_per_share_4q_avg": 17.92,
            "equity": 243489979,
            "current_ratio": 97.75,
            "debt_ratio": 45.91,
            "inventory_turnover_ratio": 0.97,
            "account_receivable_turnover_ratio": 8.2,
            "reinvestment_rate": 161.09,
            "research_to_sale_ratio": null,
            "price_fair": 138.92,
            "eps_avg_yearly": 3.97,
            "eps_latest_yearly": 3.28,
            "eps_growth_yearly": 404.05
        },
        "20094": {
            "year_quarter": 20094,
            "year": 2009,
            "quarter": 4,
            "eps": 1.23,
            "eps_growth_year": null,
            "eps_4q": 1.53,
            "eps_4q_growth_year": -23.6,
            "roe": 6.79,
            "roe_4q": 8.93,
            "gross_profit": 18861235,
            "gross_margin": 25.58,
            "gross_margin_4q_avg": 9.41,
            "net_income": 17223799,
            "revenue": 73728509,
            "common_shares": 130945189,
            "book_valuer_per_share": 18.93,
            "book_valuer_per_share_4q_avg": 17.9,
            "equity": 263789884,
            "current_ratio": 119.38,
            "debt_ratio": 43.89,
            "inventory_turnover_ratio": 1.08,
            "account_receivable_turnover_ratio": 17.04,
            "reinvestment_rate": 127.33,
            "research_to_sale_ratio": null,
            "price_fair": 147.11,
            "eps_avg_yearly": 4.2,
            "eps_latest_yearly": 4.92,
            "eps_growth_yearly": 438.54
        },
        "20101": {
            "year_quarter": 20101,
            "year": 2010,
            "quarter": 1,
            "eps": 0.86,
            "eps_growth_year": null,
            "eps_4q": 2.95,
            "eps_4q_growth_year": 621.6,
            "roe": 4.89,
            "roe_4q": 17.07,
            "gross_profit": 19113734,
            "gross_margin": 24.2,
            "gross_margin_4q_avg": 19.16,
            "net_income": 13210164,
            "revenue": 78980001,
            "common_shares": 130945189,
            "book_valuer_per_share": 19.73,
            "book_valuer_per_share_4q_avg": 18.22,
            "equity": 276146303,
            "current_ratio": 145.24,
            "debt_ratio": 44.41,
            "inventory_turnover_ratio": 1.22,
            "account_receivable_turnover_ratio": 8.5,
            "reinvestment_rate": 170.78,
            "research_to_sale_ratio": 0.46,
            "price_fair": 150.77,
            "eps_avg_yearly": 4.31,
            "eps_latest_yearly": 3.44,
            "eps_growth_yearly": 426.01
        },
        "20102": {
            "year_quarter": 20102,
            "year": 2010,
            "quarter": 2,
            "eps": 1,
            "eps_growth_year": 1559.36,
            "eps_4q": 3.89,
            "eps_4q_growth_year": null,
            "roe": 5.22,
            "roe_4q": 21.779999999999998,
            "gross_profit": 20142072,
            "gross_margin": 23.83,
            "gross_margin_4q_avg": 24.36,
            "net_income": 14391397,
            "revenue": 84519804,
            "common_shares": 130945189,
            "book_valuer_per_share": 19.68,
            "book_valuer_per_share_4q_avg": 18.88,
            "equity": 274927365,
            "current_ratio": 113.66,
            "debt_ratio": 46.78,
            "inventory_turnover_ratio": 1.13,
            "account_receivable_turnover_ratio": 7.52,
            "reinvestment_rate": 175.88,
            "research_to_sale_ratio": 0.5,
            "price_fair": 152.92,
            "eps_avg_yearly": 4.37,
            "eps_latest_yearly": 4,
            "eps_growth_yearly": 414.45
        },
        "20103": {
            "year_quarter": 20103,
            "year": 2010,
            "quarter": 3,
            "eps": 0.7,
            "eps_growth_year": -14.86,
            "eps_4q": 3.68,
            "eps_4q_growth_year": null,
            "roe": 3.44,
            "roe_4q": 20.34,
            "gross_profit": 14503621,
            "gross_margin": 15.88,
            "gross_margin_4q_avg": 22.37,
            "net_income": 9621869,
            "revenue": 91324849,
            "common_shares": 135279009,
            "book_valuer_per_share": 19.74,
            "book_valuer_per_share_4q_avg": 19.52,
            "equity": 284711880,
            "current_ratio": 119.92,
            "debt_ratio": 46.88,
            "inventory_turnover_ratio": 1.02,
            "account_receivable_turnover_ratio": 7.44,
            "reinvestment_rate": 186.67,
            "research_to_sale_ratio": 0.45,
            "price_fair": 147.86,
            "eps_avg_yearly": 4.22,
            "eps_latest_yearly": 2.8,
            "eps_growth_yearly": 390.99
        },
        "20104": {
            "year_quarter": 20104,
            "year": 2010,
            "quarter": 4,
            "eps": 0.34,
            "eps_growth_year": -72.18,
            "eps_4q": 2.84,
            "eps_4q_growth_year": 85.55,
            "roe": 1.55,
            "roe_4q": 15.100000000000001,
            "gross_profit": 9597034,
            "gross_margin": 10.06,
            "gross_margin_4q_avg": 18.49,
            "net_income": 4436093,
            "revenue": 95380770,
            "common_shares": 135279009,
            "book_valuer_per_share": 20.02,
            "book_valuer_per_share_4q_avg": 19.79,
            "equity": 288602532,
            "current_ratio": 116.09,
            "debt_ratio": 46.93,
            "inventory_turnover_ratio": 1.02,
            "account_receivable_turnover_ratio": 8.35,
            "reinvestment_rate": 159.48,
            "research_to_sale_ratio": 0.42,
            "price_fair": 139.25,
            "eps_avg_yearly": 3.98,
            "eps_latest_yearly": 1.36,
            "eps_growth_yearly": 375.96
        },
        "20111": {
            "year_quarter": 20111,
            "year": 2011,
            "quarter": 1,
            "eps": 0.5,
            "eps_growth_year": -41.86,
            "eps_4q": 2.51,
            "eps_4q_growth_year": -15.18,
            "roe": 2.65,
            "roe_4q": 12.86,
            "gross_profit": 12310047,
            "gross_margin": 12.62,
            "gross_margin_4q_avg": 15.6,
            "net_income": 7770017,
            "revenue": 97574993,
            "common_shares": 135279009,
            "book_valuer_per_share": 20.53,
            "book_valuer_per_share_4q_avg": 19.99,
            "equity": 296762799,
            "current_ratio": 116.44,
            "debt_ratio": 46.93,
            "inventory_turnover_ratio": 0.95,
            "account_receivable_turnover_ratio": 8.38,
            "reinvestment_rate": 221.43,
            "research_to_sale_ratio": 0.4,
            "price_fair": 131.82,
            "eps_avg_yearly": 3.77,
            "eps_latest_yearly": 2,
            "eps_growth_yearly": 389.09
        },
        "20112": {
            "year_quarter": 20112,
            "year": 2011,
            "quarter": 2,
            "eps": 0.65,
            "eps_growth_year": -34.29,
            "eps_4q": 2.2,
            "eps_4q_growth_year": -43.56,
            "roe": 3.1,
            "roe_4q": 10.74,
            "gross_profit": 13999307,
            "gross_margin": 13.61,
            "gross_margin_4q_avg": 13.04,
            "net_income": 8881004,
            "revenue": 102828104,
            "common_shares": 135279009,
            "book_valuer_per_share": 19.14,
            "book_valuer_per_share_4q_avg": 19.86,
            "equity": 276520017,
            "current_ratio": 98.6,
            "debt_ratio": 52.31,
            "inventory_turnover_ratio": 0.85,
            "account_receivable_turnover_ratio": 8.05,
            "reinvestment_rate": 233.66,
            "research_to_sale_ratio": 0.46,
            "price_fair": 126,
            "eps_avg_yearly": 3.6,
            "eps_latest_yearly": 2.6,
            "eps_growth_yearly": 398.32
        },
        "20113": {
            "year_quarter": 20113,
            "year": 2011,
            "quarter": 3,
            "eps": 0.32,
            "eps_growth_year": -54.11,
            "eps_4q": 1.67,
            "eps_4q_growth_year": -54.71,
            "roe": 1.8,
            "roe_4q": 9.100000000000001,
            "gross_profit": 9674830,
            "gross_margin": 9.35,
            "gross_margin_4q_avg": 11.41,
            "net_income": 5259124,
            "revenue": 103482963,
            "common_shares": 150462093,
            "book_valuer_per_share": 19.25,
            "book_valuer_per_share_4q_avg": 19.74,
            "equity": 308140342,
            "current_ratio": 120.83,
            "debt_ratio": 48.67,
            "inventory_turnover_ratio": 0.8,
            "account_receivable_turnover_ratio": 7.99,
            "reinvestment_rate": 255.3,
            "research_to_sale_ratio": 0.41,
            "price_fair": 118.03,
            "eps_avg_yearly": 3.37,
            "eps_latest_yearly": 1.28,
            "eps_growth_yearly": 386.06
        },
        "20114": {
            "year_quarter": 20114,
            "year": 2011,
            "quarter": 4,
            "eps": -0.04,
            "eps_growth_year": -111.36,
            "eps_4q": 1.32,
            "eps_4q_growth_year": -53.44,
            "roe": -0.35,
            "roe_4q": 7.200000000000001,
            "gross_profit": 613281,
            "gross_margin": 0.63,
            "gross_margin_4q_avg": 9.05,
            "net_income": -1079955,
            "revenue": 97140556,
            "common_shares": 150462093,
            "book_valuer_per_share": 19.51,
            "book_valuer_per_share_4q_avg": 19.61,
            "equity": 312107937,
            "current_ratio": 118.68,
            "debt_ratio": 48.98,
            "inventory_turnover_ratio": 0.81,
            "account_receivable_turnover_ratio": 7.49,
            "reinvestment_rate": 230.63,
            "research_to_sale_ratio": 0.47,
            "price_fair": 114.68,
            "eps_avg_yearly": 3.28,
            "eps_latest_yearly": 1.28,
            "eps_growth_yearly": 416.03
        },
        "20121": {
            "year_quarter": 20121,
            "year": 2012,
            "quarter": 1,
            "eps": -0.05,
            "eps_growth_year": -110,
            "eps_4q": 0.82,
            "eps_4q_growth_year": -67.25,
            "roe": -0.1,
            "roe_4q": 4.45,
            "gross_profit": 2875814,
            "gross_margin": 3.06,
            "gross_margin_4q_avg": 6.66,
            "net_income": -323122,
            "revenue": 93926017,
            "common_shares": 150462093,
            "book_valuer_per_share": 19.48,
            "book_valuer_per_share_4q_avg": 19.35,
            "equity": 313562599,
            "current_ratio": 120.49,
            "debt_ratio": 49.31,
            "inventory_turnover_ratio": 0.81,
            "account_receivable_turnover_ratio": 6.84,
            "reinvestment_rate": 263.81,
            "research_to_sale_ratio": 0.43,
            "price_fair": 112.13,
            "eps_avg_yearly": 3.2,
            "eps_latest_yearly": 1.28,
            "eps_growth_yearly": 457.39
        },
        "20122": {
            "year_quarter": 20122,
            "year": 2012,
            "quarter": 2,
            "eps": 0.18,
            "eps_growth_year": -72.45,
            "eps_4q": 0.41,
            "eps_4q_growth_year": -81.19,
            "roe": 0.99,
            "roe_4q": 2.34,
            "gross_profit": 6778018,
            "gross_margin": 7.01,
            "gross_margin_4q_avg": 5.01,
            "net_income": 3052491,
            "revenue": 96712805,
            "common_shares": 150462093,
            "book_valuer_per_share": 18.61,
            "book_valuer_per_share_4q_avg": 19.21,
            "equity": 300303920,
            "current_ratio": 107.52,
            "debt_ratio": 51.75,
            "inventory_turnover_ratio": 0.86,
            "account_receivable_turnover_ratio": 6.75,
            "reinvestment_rate": 315.36,
            "research_to_sale_ratio": 0.46,
            "price_fair": 104.72,
            "eps_avg_yearly": 2.99,
            "eps_latest_yearly": 1.28,
            "eps_growth_yearly": 490.97
        },
        "20123": {
            "year_quarter": 20123,
            "year": 2012,
            "quarter": 3,
            "eps": 0.12,
            "eps_growth_year": -61.13,
            "eps_4q": 0.22,
            "eps_4q_growth_year": -87.04,
            "roe": 0.41,
            "roe_4q": 0.9499999999999998,
            "gross_profit": 4270076,
            "gross_margin": 5.1,
            "gross_margin_4q_avg": 3.95,
            "net_income": 1234983,
            "revenue": 83807822,
            "common_shares": 152724765,
            "book_valuer_per_share": 18.48,
            "book_valuer_per_share_4q_avg": 19.02,
            "equity": 301940720,
            "current_ratio": 108.48,
            "debt_ratio": 51.6,
            "inventory_turnover_ratio": 0.79,
            "account_receivable_turnover_ratio": 5.98,
            "reinvestment_rate": 372.37,
            "research_to_sale_ratio": 0.47,
            "price_fair": 91.56,
            "eps_avg_yearly": 2.62,
            "eps_latest_yearly": 0.48,
            "eps_growth_yearly": 485.76
        },
        "20124": {
            "year_quarter": 20124,
            "year": 2012,
            "quarter": 4,
            "eps": 0.13,
            "eps_growth_year": null,
            "eps_4q": 0.39,
            "eps_4q_growth_year": -70.61,
            "roe": 0.8,
            "roe_4q": 2.1,
            "gross_profit": 5450936,
            "gross_margin": 6.48,
            "gross_margin_4q_avg": 5.41,
            "net_income": 2425155,
            "revenue": 84090058,
            "common_shares": 152724765,
            "book_valuer_per_share": 18.56,
            "book_valuer_per_share_4q_avg": 18.78,
            "equity": 305499358,
            "current_ratio": 113.02,
            "debt_ratio": 50.56,
            "inventory_turnover_ratio": 0.85,
            "account_receivable_turnover_ratio": 6.21,
            "reinvestment_rate": 237.57,
            "research_to_sale_ratio": 0.52,
            "price_fair": 84.89,
            "eps_avg_yearly": 2.43,
            "eps_latest_yearly": 0.52,
            "eps_growth_yearly": 444.63
        },
        "20131": {
            "year_quarter": 20131,
            "year": 2013,
            "quarter": 1,
            "eps": 0.25,
            "eps_growth_year": null,
            "eps_4q": 0.69,
            "eps_4q_growth_year": -15.98,
            "roe": 1.58,
            "roe_4q": 3.7800000000000002,
            "gross_profit": 9094418,
            "gross_margin": 10.28,
            "gross_margin_4q_avg": 7.22,
            "net_income": 4877566,
            "revenue": 88460515,
            "common_shares": 152724765,
            "book_valuer_per_share": 18.78,
            "book_valuer_per_share_4q_avg": 18.61,
            "equity": 310059002,
            "current_ratio": 87.85,
            "debt_ratio": 51.78,
            "inventory_turnover_ratio": 1,
            "account_receivable_turnover_ratio": 6.75,
            "reinvestment_rate": 213.69,
            "research_to_sale_ratio": 0.48,
            "price_fair": 80.73,
            "eps_avg_yearly": 2.31,
            "eps_latest_yearly": 1,
            "eps_growth_yearly": 438.34
        },
        "20132": {
            "year_quarter": 20132,
            "year": 2013,
            "quarter": 2,
            "eps": 0.32,
            "eps_growth_year": 77.54,
            "eps_4q": 0.84,
            "eps_4q_growth_year": 102.82,
            "roe": 1.74,
            "roe_4q": 4.53,
            "gross_profit": 9938186,
            "gross_margin": 11.73,
            "gross_margin_4q_avg": 8.4,
            "net_income": 5357631,
            "revenue": 84695287,
            "common_shares": 152724765,
            "book_valuer_per_share": 18.66,
            "book_valuer_per_share_4q_avg": 18.62,
            "equity": 306518330,
            "current_ratio": 84.34,
            "debt_ratio": 53.65,
            "inventory_turnover_ratio": 0.95,
            "account_receivable_turnover_ratio": 6.54,
            "reinvestment_rate": 206.53,
            "research_to_sale_ratio": 0.63,
            "price_fair": 77.97,
            "eps_avg_yearly": 2.23,
            "eps_latest_yearly": 1.28,
            "eps_growth_yearly": 413.24
        },
        "20133": {
            "year_quarter": 20133,
            "year": 2013,
            "quarter": 3,
            "eps": 0.25,
            "eps_growth_year": 100.78,
            "eps_4q": 0.96,
            "eps_4q_growth_year": 342.59,
            "roe": 1.39,
            "roe_4q": 5.51,
            "gross_profit": 9319142,
            "gross_margin": 10.68,
            "gross_margin_4q_avg": 9.79,
            "net_income": 4284317,
            "revenue": 87260040,
            "common_shares": 154255840,
            "book_valuer_per_share": 18.77,
            "book_valuer_per_share_4q_avg": 18.69,
            "equity": 311521072,
            "current_ratio": 92.39,
            "debt_ratio": 53.66,
            "inventory_turnover_ratio": 0.94,
            "account_receivable_turnover_ratio": 7.07,
            "reinvestment_rate": 214.08,
            "research_to_sale_ratio": 0.52,
            "price_fair": 54.93,
            "eps_avg_yearly": 2.05,
            "eps_latest_yearly": 1,
            "eps_growth_yearly": 16.77
        },
        "20134": {
            "year_quarter": 20134,
            "year": 2013,
            "quarter": 4,
            "eps": 0.23,
            "eps_growth_year": 74.13,
            "eps_4q": 1.06,
            "eps_4q_growth_year": 172.19,
            "roe": 1.22,
            "roe_4q": 5.93,
            "gross_profit": 9332664,
            "gross_margin": 10.68,
            "gross_margin_4q_avg": 10.84,
            "net_income": 3834953,
            "revenue": 87412996,
            "common_shares": 154255840,
            "book_valuer_per_share": 19.11,
            "book_valuer_per_share_4q_avg": 18.83,
            "equity": 319369715,
            "current_ratio": 109.92,
            "debt_ratio": 53.17,
            "inventory_turnover_ratio": 0.94,
            "account_receivable_turnover_ratio": 7.23,
            "reinvestment_rate": 222.69,
            "research_to_sale_ratio": 0.51,
            "price_fair": 5.23,
            "eps_avg_yearly": 1.74,
            "eps_latest_yearly": 0.92,
            "eps_growth_yearly": -1.08
        },
        "20141": {
            "year_quarter": 20141,
            "year": 2014,
            "quarter": 1,
            "eps": 0.24,
            "eps_growth_year": -4,
            "eps_4q": 1.05,
            "eps_4q_growth_year": 51.76,
            "roe": 1.33,
            "roe_4q": 5.68,
            "gross_profit": 8108604,
            "gross_margin": 8.77,
            "gross_margin_4q_avg": 10.47,
            "net_income": 4277394,
            "revenue": 92415530,
            "common_shares": 154255840,
            "book_valuer_per_share": 19.39,
            "book_valuer_per_share_4q_avg": 18.98,
            "equity": 324505648,
            "current_ratio": 112.49,
            "debt_ratio": 52.94,
            "inventory_turnover_ratio": 1.03,
            "account_receivable_turnover_ratio": 6.83,
            "reinvestment_rate": 227.66,
            "research_to_sale_ratio": 0.48,
            "price_fair": 30.32,
            "eps_avg_yearly": 1.55,
            "eps_latest_yearly": 0.96,
            "eps_growth_yearly": 9.51
        },
        "20142": {
            "year_quarter": 20142,
            "year": 2014,
            "quarter": 2,
            "eps": 0.34,
            "eps_growth_year": 6.25,
            "eps_4q": 1.06,
            "eps_4q_growth_year": 26.92,
            "roe": 1.78,
            "roe_4q": 5.72,
            "gross_profit": 10423424,
            "gross_margin": 11.31,
            "gross_margin_4q_avg": 10.36,
            "net_income": 5695341,
            "revenue": 92161647,
            "common_shares": 154255840,
            "book_valuer_per_share": 19.04,
            "book_valuer_per_share_4q_avg": 19.08,
            "equity": 317106833,
            "current_ratio": 107.01,
            "debt_ratio": 54.31,
            "inventory_turnover_ratio": 1.03,
            "account_receivable_turnover_ratio": 6.66,
            "reinvestment_rate": 228.87,
            "research_to_sale_ratio": 0.56,
            "price_fair": 36.91,
            "eps_avg_yearly": 1.35,
            "eps_latest_yearly": 1.36,
            "eps_growth_yearly": 17.33
        },
        "20143": {
            "year_quarter": 20143,
            "year": 2014,
            "quarter": 3,
            "eps": 0.43,
            "eps_growth_year": 72,
            "eps_4q": 1.23,
            "eps_4q_growth_year": 28.31,
            "roe": 2.22,
            "roe_4q": 6.55,
            "gross_profit": 12031189,
            "gross_margin": 13.04,
            "gross_margin_4q_avg": 10.95,
            "net_income": 7120772,
            "revenue": 92268397,
            "common_shares": 157348610,
            "book_valuer_per_share": 19.08,
            "book_valuer_per_share_4q_avg": 19.16,
            "equity": 324161291,
            "current_ratio": 101.93,
            "debt_ratio": 52.63,
            "inventory_turnover_ratio": 1.04,
            "account_receivable_turnover_ratio": 6.86,
            "reinvestment_rate": 219.95,
            "research_to_sale_ratio": 0.58,
            "price_fair": 44.37,
            "eps_avg_yearly": 1.27,
            "eps_latest_yearly": 1.72,
            "eps_growth_yearly": 34.7
        },
        "20144": {
            "year_quarter": 20144,
            "year": 2014,
            "quarter": 4,
            "eps": 0.44,
            "eps_growth_year": 88.03,
            "eps_4q": 1.44,
            "eps_4q_growth_year": 35.97,
            "roe": 2.16,
            "roe_4q": 7.490000000000001,
            "gross_profit": 13325253,
            "gross_margin": 14.86,
            "gross_margin_4q_avg": 12,
            "net_income": 7103769,
            "revenue": 89665123,
            "common_shares": 157348610,
            "book_valuer_per_share": 19.72,
            "book_valuer_per_share_4q_avg": 19.31,
            "equity": 334687871,
            "current_ratio": 112.82,
            "debt_ratio": 50.98,
            "inventory_turnover_ratio": 0.97,
            "account_receivable_turnover_ratio": 6.73,
            "reinvestment_rate": 202.31,
            "research_to_sale_ratio": 0.59,
            "price_fair": 45.45,
            "eps_avg_yearly": 1.3,
            "eps_latest_yearly": 1.76,
            "eps_growth_yearly": 51.24
        },
        "20151": {
            "year_quarter": 20151,
            "year": 2015,
            "quarter": 1,
            "eps": 0.36,
            "eps_growth_year": 50,
            "eps_4q": 1.56,
            "eps_4q_growth_year": 49.14,
            "roe": 1.42,
            "roe_4q": 7.580000000000001,
            "gross_profit": 9865002,
            "gross_margin": 12.21,
            "gross_margin_4q_avg": 12.86,
            "net_income": 4794629,
            "revenue": 80803702,
            "common_shares": 157348610,
            "book_valuer_per_share": 20.05,
            "book_valuer_per_share_4q_avg": 19.47,
            "equity": 338596752,
            "current_ratio": 108.43,
            "debt_ratio": 50.39,
            "inventory_turnover_ratio": 0.86,
            "account_receivable_turnover_ratio": 6.54,
            "reinvestment_rate": 181.21,
            "research_to_sale_ratio": 0.63,
            "price_fair": 43.94,
            "eps_avg_yearly": 1.26,
            "eps_latest_yearly": 1.44,
            "eps_growth_yearly": 31.17
        },
        "20152": {
            "year_quarter": 20152,
            "year": 2015,
            "quarter": 2,
            "eps": 0.18,
            "eps_growth_year": -47.06,
            "eps_4q": 1.41,
            "eps_4q_growth_year": 32.6,
            "roe": 1,
            "roe_4q": 6.800000000000001,
            "gross_profit": 7257332,
            "gross_margin": 9.87,
            "gross_margin_4q_avg": 12.5,
            "net_income": 3315961,
            "revenue": 73562673,
            "common_shares": 157348610,
            "book_valuer_per_share": 19.11,
            "book_valuer_per_share_4q_avg": 19.49,
            "equity": 321645858,
            "current_ratio": 96.68,
            "debt_ratio": 52.64,
            "inventory_turnover_ratio": 0.81,
            "account_receivable_turnover_ratio": 6.13,
            "reinvestment_rate": 180.56,
            "research_to_sale_ratio": 0.65,
            "price_fair": 18.38,
            "eps_avg_yearly": 1.11,
            "eps_latest_yearly": 0.72,
            "eps_growth_yearly": 6.55
        },
        "20153": {
            "year_quarter": 20153,
            "year": 2015,
            "quarter": 3,
            "eps": 0.05,
            "eps_growth_year": -88.37,
            "eps_4q": 1.03,
            "eps_4q_growth_year": -16.11,
            "roe": 0.35,
            "roe_4q": 4.93,
            "gross_profit": 4204706,
            "gross_margin": 6.21,
            "gross_margin_4q_avg": 10.79,
            "net_income": 1141327,
            "revenue": 67693680,
            "common_shares": 157348610,
            "book_valuer_per_share": 19.09,
            "book_valuer_per_share_4q_avg": 19.49,
            "equity": 321672685,
            "current_ratio": 92.27,
            "debt_ratio": 52.98,
            "inventory_turnover_ratio": 0.82,
            "account_receivable_turnover_ratio": 5.71,
            "reinvestment_rate": 211.5,
            "research_to_sale_ratio": 0.71,
            "price_fair": 3.08,
            "eps_avg_yearly": 1.03,
            "eps_latest_yearly": 0.2,
            "eps_growth_yearly": -0.05
        },
        "20154": {
            "year_quarter": 20154,
            "year": 2015,
            "quarter": 4,
            "eps": -0.1,
            "eps_growth_year": -122.41,
            "eps_4q": 0.49,
            "eps_4q_growth_year": -65.68,
            "roe": -0.51,
            "roe_4q": 2.26,
            "gross_profit": 74291,
            "gross_margin": 0.12,
            "gross_margin_4q_avg": 7.1,
            "net_income": -1632498,
            "revenue": 62993821,
            "common_shares": 157348610,
            "book_valuer_per_share": 19.04,
            "book_valuer_per_share_4q_avg": 19.32,
            "equity": 320724833,
            "current_ratio": 100.58,
            "debt_ratio": 52.71,
            "inventory_turnover_ratio": 0.87,
            "account_receivable_turnover_ratio": 5.27,
            "reinvestment_rate": 180.69,
            "research_to_sale_ratio": 0.77,
            "price_fair": 3.08,
            "eps_avg_yearly": 1.03,
            "eps_latest_yearly": 0.2,
            "eps_growth_yearly": -0.05
        },
        "20161": {
            "year_quarter": 20161,
            "year": 2016,
            "quarter": 1,
            "eps": 0.03,
            "eps_growth_year": -91.67,
            "eps_4q": 0.17,
            "eps_4q_growth_year": -89.36,
            "roe": 0.23,
            "roe_4q": 1.0699999999999998,
            "gross_profit": 4171215,
            "gross_margin": 6.42,
            "gross_margin_4q_avg": 5.66,
            "net_income": 730347,
            "revenue": 64958543,
            "common_shares": 157348610,
            "book_valuer_per_share": 19.06,
            "book_valuer_per_share_4q_avg": 19.08,
            "equity": 321422294,
            "current_ratio": 86.87,
            "debt_ratio": 52.09,
            "inventory_turnover_ratio": 0.93,
            "account_receivable_turnover_ratio": 5.26,
            "reinvestment_rate": 173.66,
            "research_to_sale_ratio": 0.79,
            "price_fair": 3.08,
            "eps_avg_yearly": 1.03,
            "eps_latest_yearly": 0.2,
            "eps_growth_yearly": -0.05
        },
        "20162": {
            "year_quarter": 20162,
            "year": 2016,
            "quarter": 2,
            "eps": 0.34,
            "eps_growth_year": 88.89,
            "eps_4q": 0.32,
            "eps_4q_growth_year": -77.06,
            "roe": 1.99,
            "roe_4q": 2.06,
            "gross_profit": 11714284,
            "gross_margin": 16.2,
            "gross_margin_4q_avg": 7.24,
            "net_income": 6350625,
            "revenue": 72332708,
            "common_shares": 157348610,
            "book_valuer_per_share": 18.87,
            "book_valuer_per_share_4q_avg": 19.02,
            "equity": 317443915,
            "current_ratio": 91.9,
            "debt_ratio": 52.73,
            "inventory_turnover_ratio": 0.96,
            "account_receivable_turnover_ratio": 5.84,
            "reinvestment_rate": 136.43,
            "research_to_sale_ratio": 0.73,
            "price_fair": 36.8,
            "eps_avg_yearly": 1.05,
            "eps_latest_yearly": 1.36,
            "eps_growth_yearly": 295.19
        },
        "20163": {
            "year_quarter": 20163,
            "year": 2016,
            "quarter": 3,
            "eps": 0.43,
            "eps_growth_year": 760,
            "eps_4q": 0.71,
            "eps_4q_growth_year": -31.21,
            "roe": 2.38,
            "roe_4q": 4.090000000000001,
            "gross_profit": 12845878,
            "gross_margin": 17.46,
            "gross_margin_4q_avg": 10.05,
            "net_income": 7629895,
            "revenue": 73593230,
            "common_shares": 157348610,
            "book_valuer_per_share": 19.31,
            "book_valuer_per_share_4q_avg": 19.07,
            "equity": 324918787,
            "current_ratio": 95.65,
            "debt_ratio": 51.53,
            "inventory_turnover_ratio": 0.91,
            "account_receivable_turnover_ratio": 5.9,
            "reinvestment_rate": 101.29,
            "research_to_sale_ratio": 0.66,
            "price_fair": 39.9,
            "eps_avg_yearly": 1.14,
            "eps_latest_yearly": 1.72,
            "eps_growth_yearly": 312.28
        },
        "20164": {
            "year_quarter": 20164,
            "year": 2016,
            "quarter": 4,
            "eps": 0.23,
            "eps_growth_year": null,
            "eps_4q": 1.04,
            "eps_4q_growth_year": 110.9,
            "roe": 1.37,
            "roe_4q": 5.970000000000001,
            "gross_profit": 10991931,
            "gross_margin": 13.38,
            "gross_margin_4q_avg": 13.37,
            "net_income": 4476457,
            "revenue": 82171323,
            "common_shares": 157348610,
            "book_valuer_per_share": 19.58,
            "book_valuer_per_share_4q_avg": 19.21,
            "equity": 329579693,
            "current_ratio": 113.73,
            "debt_ratio": 51.25,
            "inventory_turnover_ratio": 0.96,
            "account_receivable_turnover_ratio": 6.32,
            "reinvestment_rate": 80.57,
            "research_to_sale_ratio": 0.79,
            "price_fair": 40.9,
            "eps_avg_yearly": 1.17,
            "eps_latest_yearly": 0.92,
            "eps_growth_yearly": 296.61
        },
        "20171": {
            "year_quarter": 20171,
            "year": 2017,
            "quarter": 1,
            "eps": 0.24,
            "eps_growth_year": 700,
            "eps_4q": 1.25,
            "eps_4q_growth_year": 652.02,
            "roe": 1.42,
            "roe_4q": 7.16,
            "gross_profit": 9951522,
            "gross_margin": 11.99,
            "gross_margin_4q_avg": 14.76,
            "net_income": 4680799,
            "revenue": 82984349,
            "common_shares": 157348610,
            "book_valuer_per_share": 19.71,
            "book_valuer_per_share_4q_avg": 19.37,
            "equity": 331794662,
            "current_ratio": 101.68,
            "debt_ratio": 50.91,
            "inventory_turnover_ratio": 0.89,
            "account_receivable_turnover_ratio": 6.26,
            "reinvestment_rate": 41.02,
            "research_to_sale_ratio": 0.6,
            "price_fair": 40.8,
            "eps_avg_yearly": 1.17,
            "eps_latest_yearly": 0.96,
            "eps_growth_yearly": 271.48
        },
        "20172": {
            "year_quarter": 20172,
            "year": 2017,
            "quarter": 2,
            "eps": 0.22,
            "eps_growth_year": -35.29,
            "eps_4q": 1.13,
            "eps_4q_growth_year": 247.78,
            "roe": 1.22,
            "roe_4q": 6.39,
            "gross_profit": 8780066,
            "gross_margin": 10.35,
            "gross_margin_4q_avg": 13.3,
            "net_income": 4005105,
            "revenue": 84864916,
            "common_shares": 157348610,
            "book_valuer_per_share": 19.17,
            "book_valuer_per_share_4q_avg": 19.44,
            "equity": 322534635,
            "current_ratio": 96.38,
            "debt_ratio": 52.98,
            "inventory_turnover_ratio": 0.87,
            "account_receivable_turnover_ratio": 6.52,
            "reinvestment_rate": 16.99,
            "research_to_sale_ratio": 0.63,
            "price_fair": 39.8,
            "eps_avg_yearly": 1.14,
            "eps_latest_yearly": 0.88,
            "eps_growth_yearly": 261.1
        },
        "20173": {
            "year_quarter": 20173,
            "year": 2017,
            "quarter": 3,
            "eps": 0.23,
            "eps_growth_year": -46.51,
            "eps_4q": 0.92,
            "eps_4q_growth_year": 30.44,
            "roe": 1.31,
            "roe_4q": 5.32,
            "gross_profit": 8405393,
            "gross_margin": 9.45,
            "gross_margin_4q_avg": 11.29,
            "net_income": 4248765,
            "revenue": 88917499,
            "common_shares": 157348610,
            "book_valuer_per_share": 19.41,
            "book_valuer_per_share_4q_avg": 19.47,
            "equity": 327096755,
            "current_ratio": 92.6,
            "debt_ratio": 51.4,
            "inventory_turnover_ratio": 0.91,
            "account_receivable_turnover_ratio": 6.2,
            "reinvestment_rate": -10.04,
            "research_to_sale_ratio": 0.58,
            "price_fair": 39.6,
            "eps_avg_yearly": 1.13,
            "eps_latest_yearly": 0.92,
            "eps_growth_yearly": 268.65
        },
        "20174": {
            "year_quarter": 20174,
            "year": 2017,
            "quarter": 4,
            "eps": 0.41,
            "eps_growth_year": 73.68,
            "eps_4q": 1.1,
            "eps_4q_growth_year": 5.39,
            "roe": 2.28,
            "roe_4q": 6.2299999999999995,
            "gross_profit": 12202168,
            "gross_margin": 13.52,
            "gross_margin_4q_avg": 11.33,
            "net_income": 7496521,
            "revenue": 90245238,
            "common_shares": 157348610,
            "book_valuer_per_share": 19.67,
            "book_valuer_per_share_4q_avg": 19.49,
            "equity": 331951987,
            "current_ratio": 104.62,
            "debt_ratio": 50.29,
            "inventory_turnover_ratio": 0.9,
            "account_receivable_turnover_ratio": 5.57,
            "reinvestment_rate": -25.67,
            "research_to_sale_ratio": 0.58,
            "price_fair": 41.4,
            "eps_avg_yearly": 1.18,
            "eps_latest_yearly": 1.64,
            "eps_growth_yearly": 293.29
        },
        "20181": {
            "year_quarter": 20181,
            "year": 2018,
            "quarter": 1,
            "eps": 0.3,
            "eps_growth_year": 25,
            "eps_4q": 1.15,
            "eps_4q_growth_year": -7.53,
            "roe": 1.63,
            "roe_4q": 6.4399999999999995,
            "gross_profit": 9610131,
            "gross_margin": 10.29,
            "gross_margin_4q_avg": 10.9,
            "net_income": 5459349,
            "revenue": 93389662,
            "common_shares": 157348610,
            "book_valuer_per_share": 19.91,
            "book_valuer_per_share_4q_avg": 19.54,
            "equity": 336332188,
            "current_ratio": 93.5,
            "debt_ratio": 49.44,
            "inventory_turnover_ratio": 0.96,
            "account_receivable_turnover_ratio": 5.88,
            "reinvestment_rate": -126.78,
            "research_to_sale_ratio": 0.57,
            "price_fair": 42,
            "eps_avg_yearly": 1.2,
            "eps_latest_yearly": 1.2,
            "eps_growth_yearly": 284.38
        },
        "20182": {
            "year_quarter": 20182,
            "year": 2018,
            "quarter": 2,
            "eps": 0.42,
            "eps_growth_year": 90.91,
            "eps_4q": 1.36,
            "eps_4q_growth_year": 20.91,
            "roe": 2.27,
            "roe_4q": 7.49,
            "gross_profit": 12522726,
            "gross_margin": 12.48,
            "gross_margin_4q_avg": 11.44,
            "net_income": 7593712,
            "revenue": 100324415,
            "common_shares": 157348610,
            "book_valuer_per_share": 19.62,
            "book_valuer_per_share_4q_avg": 19.65,
            "equity": 331594180,
            "current_ratio": 91.83,
            "debt_ratio": 51.7,
            "inventory_turnover_ratio": 1,
            "account_receivable_turnover_ratio": 6.03,
            "reinvestment_rate": -125.13,
            "research_to_sale_ratio": 0.52,
            "price_fair": 42.8,
            "eps_avg_yearly": 1.22,
            "eps_latest_yearly": 1.68,
            "eps_growth_yearly": 283.91
        },
        "20183": {
            "year_quarter": 20183,
            "year": 2018,
            "quarter": 3,
            "eps": 0.47,
            "eps_growth_year": 104.35,
            "eps_4q": 1.6,
            "eps_4q_growth_year": 73.11,
            "roe": 2.43,
            "roe_4q": 8.61,
            "gross_profit": 14217845,
            "gross_margin": 13.84,
            "gross_margin_4q_avg": 12.53,
            "net_income": 8180249,
            "revenue": 102731612,
            "common_shares": 157348610,
            "book_valuer_per_share": 20.16,
            "book_valuer_per_share_4q_avg": 19.84,
            "equity": 340892777,
            "current_ratio": 97.7,
            "debt_ratio": 49.51,
            "inventory_turnover_ratio": 0.98,
            "account_receivable_turnover_ratio": 5.63,
            "reinvestment_rate": -131.88,
            "research_to_sale_ratio": 0.55,
            "price_fair": 43.2,
            "eps_avg_yearly": 1.23,
            "eps_latest_yearly": 1.88,
            "eps_growth_yearly": 279.75
        },
        "20184": {
            "year_quarter": 20184,
            "year": 2018,
            "quarter": 4,
            "eps": 0.39,
            "eps_growth_year": -3.29,
            "eps_4q": 1.59,
            "eps_4q_growth_year": 44.7,
            "roe": 1.95,
            "roe_4q": 8.280000000000001,
            "gross_profit": 12487700,
            "gross_margin": 11.98,
            "gross_margin_4q_avg": 12.15,
            "net_income": 6653299,
            "revenue": 104219368,
            "common_shares": 157348610,
            "book_valuer_per_share": 20.25,
            "book_valuer_per_share_4q_avg": 19.99,
            "equity": 342797718,
            "current_ratio": 112.21,
            "debt_ratio": 49.18,
            "inventory_turnover_ratio": 0.95,
            "account_receivable_turnover_ratio": 5.69,
            "reinvestment_rate": -140.79,
            "research_to_sale_ratio": 0.54,
            "price_fair": 42.7,
            "eps_avg_yearly": 1.22,
            "eps_latest_yearly": 1.56,
            "eps_growth_yearly": 274.22
        },
        "20191": {
            "year_quarter": 20191,
            "year": 2019,
            "quarter": 1,
            "eps": 0.23,
            "eps_growth_year": -23.33,
            "eps_4q": 1.52,
            "eps_4q_growth_year": 31.73,
            "roe": 1.2,
            "roe_4q": 7.85,
            "gross_profit": 9271354,
            "gross_margin": 9.63,
            "gross_margin_4q_avg": 11.98,
            "net_income": 4143104,
            "revenue": 96229631,
            "common_shares": 157348610,
            "book_valuer_per_share": 20.51,
            "book_valuer_per_share_4q_avg": 20.14,
            "equity": 347635470,
            "current_ratio": 110.07,
            "debt_ratio": 49.28,
            "inventory_turnover_ratio": 0.86,
            "account_receivable_turnover_ratio": 5.41,
            "reinvestment_rate": -146.76,
            "research_to_sale_ratio": 0.61,
            "price_fair": 41.4,
            "eps_avg_yearly": 1.18,
            "eps_latest_yearly": 0.92,
            "eps_growth_yearly": 267.69
        },
        "20192": {
            "year_quarter": 20192,
            "year": 2019,
            "quarter": 2,
            "eps": 0.23,
            "eps_growth_year": -45.24,
            "eps_4q": 1.33,
            "eps_4q_growth_year": -2.48,
            "roe": 1.23,
            "roe_4q": 6.8100000000000005,
            "gross_profit": 9233048,
            "gross_margin": 9.73,
            "gross_margin_4q_avg": 11.3,
            "net_income": 4234789,
            "revenue": 94880949,
            "common_shares": 157348610,
            "book_valuer_per_share": 20.02,
            "book_valuer_per_share_4q_avg": 20.24,
            "equity": 338985067,
            "current_ratio": 99.79,
            "debt_ratio": 51.72,
            "inventory_turnover_ratio": 0.84,
            "account_receivable_turnover_ratio": 5.72,
            "reinvestment_rate": -139.59,
            "research_to_sale_ratio": 0.53,
            "price_fair": 41.9,
            "eps_avg_yearly": 1.2,
            "eps_latest_yearly": 0.92,
            "eps_growth_yearly": 281.98
        },
        "20193": {
            "year_quarter": 20193,
            "year": 2019,
            "quarter": 3,
            "eps": 0.14,
            "eps_growth_year": -70.21,
            "eps_4q": 1,
            "eps_4q_growth_year": -37.62,
            "roe": 0.78,
            "roe_4q": 5.16,
            "gross_profit": 6377352,
            "gross_margin": 7.03,
            "gross_margin_4q_avg": 9.59,
            "net_income": 2658511,
            "revenue": 90695068,
            "common_shares": 157348610,
            "book_valuer_per_share": 19.95,
            "book_valuer_per_share_4q_avg": 20.18,
            "equity": 338494722,
            "current_ratio": 101.73,
            "debt_ratio": 50.47,
            "inventory_turnover_ratio": 0.8,
            "account_receivable_turnover_ratio": 5.89,
            "reinvestment_rate": -168.16,
            "research_to_sale_ratio": 0.62,
            "price_fair": 42.8,
            "eps_avg_yearly": 1.22,
            "eps_latest_yearly": 0.56,
            "eps_growth_yearly": 291.43
        },
        "20194": {
            "year_quarter": 20194,
            "year": 2019,
            "quarter": 4,
            "eps": -0.03,
            "eps_growth_year": -108.73,
            "eps_4q": 0.57,
            "eps_4q_growth_year": -63.97,
            "roe": -0.21,
            "roe_4q": 3,
            "gross_profit": 2946134,
            "gross_margin": 3.49,
            "gross_margin_4q_avg": 7.47,
            "net_income": -705946,
            "revenue": 84435087,
            "common_shares": 157348610,
            "book_valuer_per_share": 19.58,
            "book_valuer_per_share_4q_avg": 20.02,
            "equity": 332214510,
            "current_ratio": 108.11,
            "debt_ratio": 50.17,
            "inventory_turnover_ratio": 0.79,
            "account_receivable_turnover_ratio": 6.09,
            "reinvestment_rate": -167.73,
            "research_to_sale_ratio": 0.6,
            "price_fair": 42.8,
            "eps_avg_yearly": 1.22,
            "eps_latest_yearly": 0.56,
            "eps_growth_yearly": 291.43
        },
        "20201": {
            "year_quarter": 20201,
            "year": 2020,
            "quarter": 1,
            "eps": -0.15,
            "eps_growth_year": -165.22,
            "eps_4q": 0.19,
            "eps_4q_growth_year": -87.44,
            "roe": -0.65,
            "roe_4q": 1.15,
            "gross_profit": 913050,
            "gross_margin": 1.17,
            "gross_margin_4q_avg": 5.36,
            "net_income": -2118727,
            "revenue": 77918877,
            "common_shares": 157348610,
            "book_valuer_per_share": 19.07,
            "book_valuer_per_share_4q_avg": 19.66,
            "equity": 324554418,
            "current_ratio": 96.6,
            "debt_ratio": 50.57,
            "inventory_turnover_ratio": 0.79,
            "account_receivable_turnover_ratio": 6.29,
            "reinvestment_rate": -184.56,
            "research_to_sale_ratio": 0.6,
            "price_fair": 42.8,
            "eps_avg_yearly": 1.22,
            "eps_latest_yearly": 0.56,
            "eps_growth_yearly": 291.43
        },
        "20202": {
            "year_quarter": 20202,
            "year": 2020,
            "quarter": 2,
            "eps": -0.09,
            "eps_growth_year": -139.13,
            "eps_4q": -0.13,
            "eps_4q_growth_year": -109.94,
            "roe": -0.4,
            "roe_4q": -0.48,
            "gross_profit": 1917084,
            "gross_margin": 2.64,
            "gross_margin_4q_avg": 3.58,
            "net_income": -1294890,
            "revenue": 72609411,
            "common_shares": 157348610,
            "book_valuer_per_share": 18.63,
            "book_valuer_per_share_4q_avg": 19.31,
            "equity": 316065016,
            "current_ratio": 90.82,
            "debt_ratio": 51.23,
            "inventory_turnover_ratio": 0.76,
            "account_receivable_turnover_ratio": 6.51,
            "reinvestment_rate": -200.84,
            "research_to_sale_ratio": 0.63,
            "price_fair": 3.64,
            "eps_avg_yearly": 1.21,
            "eps_latest_yearly": 0.56,
            "eps_growth_yearly": -4.1
        },
        "20203": {
            "year_quarter": 20203,
            "year": 2020,
            "quarter": 3,
            "eps": -0.04,
            "eps_growth_year": -128.57,
            "eps_4q": -0.32,
            "eps_4q_growth_year": -131.77,
            "roe": -0.13,
            "roe_4q": -1.3900000000000001,
            "gross_profit": 3029479,
            "gross_margin": 3.95,
            "gross_margin_4q_avg": 2.81,
            "net_income": -409437,
            "revenue": 76649044,
            "common_shares": 157348610,
            "book_valuer_per_share": 18.48,
            "book_valuer_per_share_4q_avg": 18.94,
            "equity": 314522636,
            "current_ratio": 94.3,
            "debt_ratio": 50.4,
            "inventory_turnover_ratio": 0.86,
            "account_receivable_turnover_ratio": 7.17,
            "reinvestment_rate": -224.47,
            "research_to_sale_ratio": 0.62,
            "price_fair": 3.51,
            "eps_avg_yearly": 1.17,
            "eps_latest_yearly": 0.56,
            "eps_growth_yearly": -13.26
        },
        "20204": {
            "year_quarter": 20204,
            "year": 2020,
            "quarter": 4,
            "eps": 0.34,
            "eps_growth_year": null,
            "eps_4q": 0.06,
            "eps_4q_growth_year": -89.94,
            "roe": 1.91,
            "roe_4q": 0.7299999999999999,
            "gross_profit": 9257907,
            "gross_margin": 10.57,
            "gross_margin_4q_avg": 4.58,
            "net_income": 6080887,
            "revenue": 87605969,
            "common_shares": 157348610,
            "book_valuer_per_share": 18.98,
            "book_valuer_per_share_4q_avg": 18.79,
            "equity": 323106981,
            "current_ratio": 104.44,
            "debt_ratio": 49.2,
            "inventory_turnover_ratio": 1,
            "account_receivable_turnover_ratio": 7.19,
            "reinvestment_rate": -215.03,
            "research_to_sale_ratio": 0.62,
            "price_fair": 14.84,
            "eps_avg_yearly": 1.19,
            "eps_latest_yearly": 0.56,
            "eps_growth_yearly": 2.44
        },
        "20211": {
            "year_quarter": 20211,
            "year": 2021,
            "quarter": 1,
            "eps": 0.58,
            "eps_growth_year": null,
            "eps_4q": 0.8,
            "eps_4q_growth_year": 318.42,
            "roe": 3.28,
            "roe_4q": 4.659999999999999,
            "gross_profit": 15973300,
            "gross_margin": 16.33,
            "gross_margin_4q_avg": 8.37,
            "net_income": 10807742,
            "revenue": 97821598,
            "common_shares": 157348610,
            "book_valuer_per_share": 19.86,
            "book_valuer_per_share_4q_avg": 18.99,
            "equity": 335556624,
            "current_ratio": 108.08,
            "debt_ratio": 48.21,
            "inventory_turnover_ratio": 1,
            "account_receivable_turnover_ratio": 6.94,
            "reinvestment_rate": -185.31,
            "research_to_sale_ratio": 0.55,
            "price_fair": 46.07,
            "eps_avg_yearly": 1.32,
            "eps_latest_yearly": 2.32,
            "eps_growth_yearly": 26.53
        },
        "20212": {
            "year_quarter": 20212,
            "year": 2021,
            "quarter": 2,
            "eps": 1.02,
            "eps_growth_year": null,
            "eps_4q": 1.92,
            "eps_4q_growth_year": null,
            "roe": 5.31,
            "roe_4q": 10.37,
            "gross_profit": 24637787,
            "gross_margin": 21.34,
            "gross_margin_4q_avg": 13.05,
            "net_income": 18097068,
            "revenue": 115448026,
            "common_shares": 157348610,
            "book_valuer_per_share": 20.53,
            "book_valuer_per_share_4q_avg": 19.46,
            "equity": 346278007,
            "current_ratio": 114.5,
            "debt_ratio": 47.27,
            "inventory_turnover_ratio": 0.97,
            "account_receivable_turnover_ratio": 7.42,
            "reinvestment_rate": -152.4,
            "research_to_sale_ratio": 0.53,
            "price_fair": 56.25,
            "eps_avg_yearly": 1.61,
            "eps_latest_yearly": 4.08,
            "eps_growth_yearly": 57.15
        },
        "20213": {
            "year_quarter": 20213,
            "year": 2021,
            "quarter": 3,
            "eps": 1.28,
            "eps_growth_year": null,
            "eps_4q": 3.27,
            "eps_4q_growth_year": null,
            "roe": 5.93,
            "roe_4q": 16.429999999999996,
            "gross_profit": 28634453,
            "gross_margin": 22.8,
            "gross_margin_4q_avg": 17.76,
            "net_income": 21220307,
            "revenue": 125578297,
            "common_shares": 157348610,
            "book_valuer_per_share": 21.98,
            "book_valuer_per_share_4q_avg": 20.34,
            "equity": 369778330,
            "current_ratio": 117.82,
            "debt_ratio": 45.48,
            "inventory_turnover_ratio": 0.87,
            "account_receivable_turnover_ratio": 7.56,
            "reinvestment_rate": -122.36,
            "research_to_sale_ratio": 0.5,
            "price_fair": 69.62,
            "eps_avg_yearly": 1.99,
            "eps_latest_yearly": 5.12,
            "eps_growth_yearly": 64.76
        },
        "20214": {
            "year_quarter": 20214,
            "year": 2021,
            "quarter": 4,
            "eps": 1.15,
            "eps_growth_year": 238.97,
            "eps_4q": 4.08,
            "eps_4q_growth_year": 6995.25,
            "roe": 4.96,
            "roe_4q": 19.48,
            "gross_profit": 26069071,
            "gross_margin": 20.13,
            "gross_margin_4q_avg": 20.15,
            "net_income": 18780955,
            "revenue": 129479580,
            "common_shares": 157348610,
            "book_valuer_per_share": 22.88,
            "book_valuer_per_share_4q_avg": 21.31,
            "equity": 386955020,
            "current_ratio": 129.69,
            "debt_ratio": 43.76,
            "inventory_turnover_ratio": 0.82,
            "account_receivable_turnover_ratio": 7.38,
            "reinvestment_rate": -108.02,
            "research_to_sale_ratio": 0.51,
            "price_fair": 79.04,
            "eps_avg_yearly": 2.26,
            "eps_latest_yearly": 4.6,
            "eps_growth_yearly": 32.61
        },
        "20221": {
            "year_quarter": 20221,
            "year": 2022,
            "quarter": 1,
            "eps": 0.7,
            "eps_growth_year": 20.69,
            "eps_4q": 4.19,
            "eps_4q_growth_year": 424.27,
            "roe": 2.96,
            "roe_4q": 19.16,
            "gross_profit": 16777971,
            "gross_margin": 14.56,
            "gross_margin_4q_avg": 19.71,
            "net_income": 11708436,
            "revenue": 115211993,
            "common_shares": 157348610,
            "book_valuer_per_share": 23.8,
            "book_valuer_per_share_4q_avg": 22.3,
            "equity": 403823410,
            "current_ratio": 133.69,
            "debt_ratio": 42.75,
            "inventory_turnover_ratio": 0.73,
            "account_receivable_turnover_ratio": 6.57,
            "reinvestment_rate": -38.5,
            "research_to_sale_ratio": 0.46,
            "price_fair": 84.13,
            "eps_avg_yearly": 2.4,
            "eps_latest_yearly": 2.8,
            "eps_growth_yearly": 28.14
        },
        "20222": {
            "year_quarter": 20222,
            "year": 2022,
            "quarter": 2,
            "eps": 0.65,
            "eps_growth_year": -36.27,
            "eps_4q": 3.82,
            "eps_4q_growth_year": 98.59,
            "roe": 2.89,
            "roe_4q": 16.74,
            "gross_profit": 16305867,
            "gross_margin": 12.2,
            "gross_margin_4q_avg": 17.42,
            "net_income": 11028380,
            "revenue": 133637840,
            "common_shares": 157348610,
            "book_valuer_per_share": 21.14,
            "book_valuer_per_share_4q_avg": 22.45,
            "equity": 360099900,
            "current_ratio": 108.75,
            "debt_ratio": 50.15,
            "inventory_turnover_ratio": 0.8,
            "account_receivable_turnover_ratio": 7.55,
            "reinvestment_rate": -37.96,
            "research_to_sale_ratio": 0.46,
            "price_fair": 52.22,
            "eps_avg_yearly": 2.49,
            "eps_latest_yearly": 2.6,
            "eps_growth_yearly": 11
        },
        "20223": {
            "year_quarter": 20223,
            "year": 2022,
            "quarter": 3,
            "eps": 0.12,
            "eps_growth_year": -90.62,
            "eps_4q": 2.65,
            "eps_4q_growth_year": -18.89,
            "roe": 0.35,
            "roe_4q": 11.16,
            "gross_profit": 2184695,
            "gross_margin": 2.07,
            "gross_margin_4q_avg": 12.24,
            "net_income": 1252116,
            "revenue": 105340451,
            "common_shares": 157348610,
            "book_valuer_per_share": 21.38,
            "book_valuer_per_share_4q_avg": 22.3,
            "equity": 364204360,
            "current_ratio": 119.85,
            "debt_ratio": 49.15,
            "inventory_turnover_ratio": 0.69,
            "account_receivable_turnover_ratio": 6.17,
            "reinvestment_rate": -32.65,
            "research_to_sale_ratio": 0.44,
            "price_fair": 7.08,
            "eps_avg_yearly": 2.36,
            "eps_latest_yearly": 0.48,
            "eps_growth_yearly": -22.98
        },
        "20224": {
            "year_quarter": 20224,
            "year": 2022,
            "quarter": 4,
            "eps": -0.33,
            "eps_growth_year": -128.54,
            "eps_4q": 1.17,
            "eps_4q_growth_year": -71.34,
            "roe": -1.66,
            "roe_4q": 4.54,
            "gross_profit": -3366070,
            "gross_margin": -3.53,
            "gross_margin_4q_avg": 6.33,
            "net_income": -5993873,
            "revenue": 95377204,
            "common_shares": 157348610,
            "book_valuer_per_share": 20.97,
            "book_valuer_per_share_4q_avg": 21.82,
            "equity": 356845444,
            "current_ratio": 126.39,
            "debt_ratio": 47.81,
            "inventory_turnover_ratio": 0.71,
            "account_receivable_turnover_ratio": 6.58,
            "reinvestment_rate": -33.17,
            "research_to_sale_ratio": 0.57,
            "price_fair": 7.32,
            "eps_avg_yearly": 2.44,
            "eps_latest_yearly": 0.48,
            "eps_growth_yearly": -18.47
        },
        "20231": {
            "year_quarter": 20231,
            "year": 2023,
            "quarter": 1,
            "eps": -0.05,
            "eps_growth_year": -107.14,
            "eps_4q": 0.41,
            "eps_4q_growth_year": -90.14,
            "roe": -0.03,
            "roe_4q": 1.5500000000000003,
            "gross_profit": 3388219,
            "gross_margin": 3.71,
            "gross_margin_4q_avg": 3.61,
            "net_income": -93129,
            "revenue": 91345952,
            "common_shares": 157348610,
            "book_valuer_per_share": 20.93,
            "book_valuer_per_share_4q_avg": 21.11,
            "equity": 356872393,
            "current_ratio": 114.01,
            "debt_ratio": 47.36,
            "inventory_turnover_ratio": 0.67,
            "account_receivable_turnover_ratio": 6.88,
            "reinvestment_rate": -30.34,
            "research_to_sale_ratio": 0.64,
            "price_fair": 7.83,
            "eps_avg_yearly": 2.61,
            "eps_latest_yearly": 0.48,
            "eps_growth_yearly": -2.29
        }
    },
    "months": {
        "2001-06": {
            "month": "2001-06",
            "price": "17.57",
            "revenue": 6823495
        },
        "2001-07": {
            "month": "2001-07",
            "price": "14.02",
            "revenue": 6360881
        },
        "2001-08": {
            "month": "2001-08",
            "price": "12.65",
            "revenue": 6631516
        },
        "2001-09": {
            "month": "2001-09",
            "price": "12.31",
            "revenue": 6185496
        },
        "2001-10": {
            "month": "2001-10",
            "price": "12.95",
            "revenue": 7115487
        },
        "2001-11": {
            "month": "2001-11",
            "price": "13.32",
            "revenue": 7577255
        },
        "2001-12": {
            "month": "2001-12",
            "price": "14.10",
            "revenue": 6494883
        },
        "2002-01": {
            "month": "2002-01",
            "price": "14.48",
            "revenue": 7054667
        },
        "2002-02": {
            "month": "2002-02",
            "price": "17.72",
            "revenue": 6739707
        },
        "2002-03": {
            "month": "2002-03",
            "price": "16.78",
            "revenue": 7281671
        },
        "2002-04": {
            "month": "2002-04",
            "price": "16.58",
            "revenue": 8044498
        },
        "2002-05": {
            "month": "2002-05",
            "price": "16.13",
            "revenue": 8844799
        },
        "2002-06": {
            "month": "2002-06",
            "price": "17.68",
            "revenue": 8292883
        },
        "2002-07": {
            "month": "2002-07",
            "price": "17.18",
            "revenue": 8891095
        },
        "2002-08": {
            "month": "2002-08",
            "price": "15.60",
            "revenue": 8457243
        },
        "2002-09": {
            "month": "2002-09",
            "price": "15.82",
            "revenue": 8723481
        },
        "2002-10": {
            "month": "2002-10",
            "price": "16.76",
            "revenue": 9334827
        },
        "2002-11": {
            "month": "2002-11",
            "price": "18.98",
            "revenue": 9143082
        },
        "2002-12": {
            "month": "2002-12",
            "price": "19.59",
            "revenue": 9018730
        },
        "2003-01": {
            "month": "2003-01",
            "price": "22.45",
            "revenue": 9560793
        },
        "2003-02": {
            "month": "2003-02",
            "price": "22.57",
            "revenue": 10229489
        },
        "2003-03": {
            "month": "2003-03",
            "price": "20.32",
            "revenue": 10636462
        },
        "2003-04": {
            "month": "2003-04",
            "price": "20.72",
            "revenue": 10699544
        },
        "2003-05": {
            "month": "2003-05",
            "price": "20.16",
            "revenue": 10807936
        },
        "2003-06": {
            "month": "2003-06",
            "price": "22.94",
            "revenue": 10607182
        },
        "2003-07": {
            "month": "2003-07",
            "price": "25.50",
            "revenue": 11427304
        },
        "2003-08": {
            "month": "2003-08",
            "price": "25.98",
            "revenue": 11192417
        },
        "2003-09": {
            "month": "2003-09",
            "price": "26.76",
            "revenue": 11066947
        },
        "2003-10": {
            "month": "2003-10",
            "price": "27.09",
            "revenue": 11808037
        },
        "2003-11": {
            "month": "2003-11",
            "price": "27.60",
            "revenue": 10793818
        },
        "2003-12": {
            "month": "2003-12",
            "price": "27.70",
            "revenue": 10872868
        },
        "2004-01": {
            "month": "2004-01",
            "price": "29.45",
            "revenue": 11935539
        },
        "2004-02": {
            "month": "2004-02",
            "price": "31.04",
            "revenue": 10992018
        },
        "2004-03": {
            "month": "2004-03",
            "price": "33.93",
            "revenue": 12633056
        },
        "2004-04": {
            "month": "2004-04",
            "price": "33.63",
            "revenue": 14272002
        },
        "2004-05": {
            "month": "2004-05",
            "price": "29.23",
            "revenue": 12991043
        },
        "2004-06": {
            "month": "2004-06",
            "price": "30.27",
            "revenue": 13320694
        },
        "2004-07": {
            "month": "2004-07",
            "price": "31.70",
            "revenue": 14939741
        },
        "2004-08": {
            "month": "2004-08",
            "price": "30.40",
            "revenue": 15362308
        },
        "2004-09": {
            "month": "2004-09",
            "price": "33.47",
            "revenue": 14945938
        },
        "2004-10": {
            "month": "2004-10",
            "price": "34.87",
            "revenue": 16056485
        },
        "2004-11": {
            "month": "2004-11",
            "price": "34.43",
            "revenue": 15896638
        },
        "2004-12": {
            "month": "2004-12",
            "price": "35.76",
            "revenue": 14917141
        },
        "2005-01": {
            "month": "2005-01",
            "price": "35.33",
            "revenue": 16161537
        },
        "2005-02": {
            "month": "2005-02",
            "price": "36.15",
            "revenue": 13836036
        },
        "2005-03": {
            "month": "2005-03",
            "price": "36.01",
            "revenue": 17545700
        },
        "2005-04": {
            "month": "2005-04",
            "price": "33.70",
            "revenue": 16998230
        },
        "2005-05": {
            "month": "2005-05",
            "price": "31.95",
            "revenue": 17531488
        },
        "2005-06": {
            "month": "2005-06",
            "price": "31.57",
            "revenue": 16930254
        },
        "2005-07": {
            "month": "2005-07",
            "price": "31.50",
            "revenue": 15408384
        },
        "2005-08": {
            "month": "2005-08",
            "price": "28.15",
            "revenue": 15196001
        },
        "2005-09": {
            "month": "2005-09",
            "price": "29.30",
            "revenue": 15513213
        },
        "2005-10": {
            "month": "2005-10",
            "price": "27.04",
            "revenue": 14124414
        },
        "2005-11": {
            "month": "2005-11",
            "price": "26.50",
            "revenue": 14057509
        },
        "2005-12": {
            "month": "2005-12",
            "price": "24.37",
            "revenue": 13014903
        },
        "2006-01": {
            "month": "2006-01",
            "price": "25.70",
            "revenue": 11911681
        },
        "2006-02": {
            "month": "2006-02",
            "price": "28.69",
            "revenue": 11633997
        },
        "2006-03": {
            "month": "2006-03",
            "price": "29.35",
            "revenue": 14300547
        },
        "2006-04": {
            "month": "2006-04",
            "price": "31.73",
            "revenue": 13095459
        },
        "2006-05": {
            "month": "2006-05",
            "price": "31.40",
            "revenue": 14209753
        },
        "2006-06": {
            "month": "2006-06",
            "price": "30.85",
            "revenue": 14884100
        },
        "2006-07": {
            "month": "2006-07",
            "price": "30.37",
            "revenue": 15064193
        },
        "2006-08": {
            "month": "2006-08",
            "price": "26.34",
            "revenue": 16036651
        },
        "2006-09": {
            "month": "2006-09",
            "price": "27.52",
            "revenue": 16693800
        },
        "2006-10": {
            "month": "2006-10",
            "price": "29.18",
            "revenue": 17049091
        },
        "2006-11": {
            "month": "2006-11",
            "price": "31.49",
            "revenue": 16453574
        },
        "2006-12": {
            "month": "2006-12",
            "price": "33.19",
            "revenue": 16325387
        },
        "2007-01": {
            "month": "2007-01",
            "price": "33.53",
            "revenue": 16458971
        },
        "2007-02": {
            "month": "2007-02",
            "price": "35.20",
            "revenue": 15777169
        },
        "2007-03": {
            "month": "2007-03",
            "price": "36.56",
            "revenue": 16891553
        },
        "2007-04": {
            "month": "2007-04",
            "price": "39.31",
            "revenue": 16375838
        },
        "2007-05": {
            "month": "2007-05",
            "price": "39.69",
            "revenue": 17029435
        },
        "2007-06": {
            "month": "2007-06",
            "price": "39.41",
            "revenue": 17665655
        },
        "2007-07": {
            "month": "2007-07",
            "price": "42.95",
            "revenue": 17044607
        },
        "2007-08": {
            "month": "2007-08",
            "price": "40.65",
            "revenue": 17595989
        },
        "2007-09": {
            "month": "2007-09",
            "price": "44.52",
            "revenue": 17409937
        },
        "2007-10": {
            "month": "2007-10",
            "price": "48.96",
            "revenue": 18445263
        },
        "2007-11": {
            "month": "2007-11",
            "price": "42.98",
            "revenue": 18246300
        },
        "2007-12": {
            "month": "2007-12",
            "price": "42.23",
            "revenue": 18978235
        },
        "2008-01": {
            "month": "2008-01",
            "price": "44.02",
            "revenue": 20039593
        },
        "2008-02": {
            "month": "2008-02",
            "price": "45.75",
            "revenue": 16866047
        },
        "2008-03": {
            "month": "2008-03",
            "price": "46.55",
            "revenue": 20447176
        },
        "2008-04": {
            "month": "2008-04",
            "price": "48.87",
            "revenue": 20426929
        },
        "2008-05": {
            "month": "2008-05",
            "price": "51.55",
            "revenue": 22836056
        },
        "2008-06": {
            "month": "2008-06",
            "price": "49.92",
            "revenue": 23707033
        },
        "2008-07": {
            "month": "2008-07",
            "price": "46.41",
            "revenue": 25996260
        },
        "2008-08": {
            "month": "2008-08",
            "price": "39.36",
            "revenue": 26520212
        },
        "2008-09": {
            "month": "2008-09",
            "price": "35.20",
            "revenue": 24369157
        },
        "2008-10": {
            "month": "2008-10",
            "price": "26.00",
            "revenue": 24618190
        },
        "2008-11": {
            "month": "2008-11",
            "price": "23.32",
            "revenue": 15385302
        },
        "2008-12": {
            "month": "2008-12",
            "price": "22.70",
            "revenue": 15146054
        },
        "2009-01": {
            "month": "2009-01",
            "price": "23.53",
            "revenue": 10287762
        },
        "2009-02": {
            "month": "2009-02",
            "price": "22.94",
            "revenue": 12445565
        },
        "2009-03": {
            "month": "2009-03",
            "price": "22.30",
            "revenue": 13870455
        },
        "2009-04": {
            "month": "2009-04",
            "price": "24.76",
            "revenue": 12112703
        },
        "2009-05": {
            "month": "2009-05",
            "price": "26.94",
            "revenue": 10963839
        },
        "2009-06": {
            "month": "2009-06",
            "price": "28.28",
            "revenue": 13597000
        },
        "2009-07": {
            "month": "2009-07",
            "price": "29.17",
            "revenue": 14997947
        },
        "2009-08": {
            "month": "2009-08",
            "price": "30.66",
            "revenue": 13226480
        },
        "2009-09": {
            "month": "2009-09",
            "price": "30.37",
            "revenue": 13842940
        },
        "2009-10": {
            "month": "2009-10",
            "price": "30.06",
            "revenue": 16359263
        },
        "2009-11": {
            "month": "2009-11",
            "price": "30.07",
            "revenue": 15736223
        },
        "2009-12": {
            "month": "2009-12",
            "price": "31.18",
            "revenue": 17968711
        },
        "2010-01": {
            "month": "2010-01",
            "price": "33.86",
            "revenue": 18540248
        },
        "2010-02": {
            "month": "2010-02",
            "price": "32.18",
            "revenue": 15344569
        },
        "2010-03": {
            "month": "2010-03",
            "price": "32.94",
            "revenue": 19355784
        },
        "2010-04": {
            "month": "2010-04",
            "price": "33.93",
            "revenue": 18968466
        },
        "2010-05": {
            "month": "2010-05",
            "price": "31.29",
            "revenue": 20585933
        },
        "2010-06": {
            "month": "2010-06",
            "price": "30.24",
            "revenue": 19713618
        },
        "2010-07": {
            "month": "2010-07",
            "price": "30.45",
            "revenue": 22021578
        },
        "2010-08": {
            "month": "2010-08",
            "price": "30.70",
            "revenue": 22232265
        },
        "2010-09": {
            "month": "2010-09",
            "price": "31.84",
            "revenue": 20704309
        },
        "2010-10": {
            "month": "2010-10",
            "price": "31.47",
            "revenue": 21039448
        },
        "2010-11": {
            "month": "2010-11",
            "price": "31.70",
            "revenue": 21036268
        },
        "2010-12": {
            "month": "2010-12",
            "price": "32.33",
            "revenue": 19644434
        },
        "2011-01": {
            "month": "2011-01",
            "price": "33.39",
            "revenue": 19789877
        },
        "2011-02": {
            "month": "2011-02",
            "price": "33.70",
            "revenue": 16026288
        },
        "2011-03": {
            "month": "2011-03",
            "price": "34.29",
            "revenue": 20689920
        },
        "2011-04": {
            "month": "2011-04",
            "price": "35.09",
            "revenue": 21083385
        },
        "2011-05": {
            "month": "2011-05",
            "price": "34.88",
            "revenue": 21189637
        },
        "2011-06": {
            "month": "2011-06",
            "price": "34.07",
            "revenue": 21355208
        },
        "2011-07": {
            "month": "2011-07",
            "price": "32.90",
            "revenue": 20681002
        },
        "2011-08": {
            "month": "2011-08",
            "price": "29.55",
            "revenue": 20695928
        },
        "2011-09": {
            "month": "2011-09",
            "price": "29.89",
            "revenue": 20495055
        },
        "2011-10": {
            "month": "2011-10",
            "price": "29.67",
            "revenue": 19593035
        },
        "2011-11": {
            "month": "2011-11",
            "price": "28.85",
            "revenue": 20459607
        },
        "2011-12": {
            "month": "2011-12",
            "price": "28.61",
            "revenue": 18317075
        },
        "2012-01": {
            "month": "2012-01",
            "price": "28.96",
            "revenue": 16446145
        },
        "2012-02": {
            "month": "2012-02",
            "price": "29.79",
            "revenue": 17066878
        },
        "2012-03": {
            "month": "2012-03",
            "price": "30.15",
            "revenue": 20093004
        },
        "2012-04": {
            "month": "2012-04",
            "price": "29.02",
            "revenue": 19460115
        },
        "2012-05": {
            "month": "2012-05",
            "price": "28.34",
            "revenue": 20091460
        },
        "2012-06": {
            "month": "2012-06",
            "price": "27.98",
            "revenue": 17517818
        },
        "2012-07": {
            "month": "2012-07",
            "price": "27.20",
            "revenue": 18112588
        },
        "2012-08": {
            "month": "2012-08",
            "price": "26.36",
            "revenue": 16828532
        },
        "2012-09": {
            "month": "2012-09",
            "price": "26.01",
            "revenue": 15200826
        },
        "2012-10": {
            "month": "2012-10",
            "price": "25.86",
            "revenue": 15736433
        },
        "2012-11": {
            "month": "2012-11",
            "price": "25.37",
            "revenue": 15399796
        },
        "2012-12": {
            "month": "2012-12",
            "price": "26.49",
            "revenue": 15239509
        },
        "2013-01": {
            "month": "2013-01",
            "price": "27.72",
            "revenue": 32510196
        },
        "2013-02": {
            "month": "2013-02",
            "price": "27.71",
            "revenue": 24709286
        },
        "2013-03": {
            "month": "2013-03",
            "price": "26.89",
            "revenue": 31241033
        },
        "2013-04": {
            "month": "2013-04",
            "price": "25.77",
            "revenue": 29628041
        },
        "2013-05": {
            "month": "2013-05",
            "price": "25.87",
            "revenue": 29192071
        },
        "2013-06": {
            "month": "2013-06",
            "price": "24.31",
            "revenue": 25875175
        },
        "2013-07": {
            "month": "2013-07",
            "price": "24.83",
            "revenue": 29445806
        },
        "2013-08": {
            "month": "2013-08",
            "price": "25.20",
            "revenue": 29104924
        },
        "2013-09": {
            "month": "2013-09",
            "price": "25.88",
            "revenue": 28709310
        },
        "2013-10": {
            "month": "2013-10",
            "price": "25.83",
            "revenue": 29690795
        },
        "2013-11": {
            "month": "2013-11",
            "price": "25.23",
            "revenue": 28609522
        },
        "2013-12": {
            "month": "2013-12",
            "price": "25.89",
            "revenue": 29110892
        },
        "2014-01": {
            "month": "2014-01",
            "price": "26.43",
            "revenue": 32313195
        },
        "2014-02": {
            "month": "2014-02",
            "price": "25.77",
            "revenue": 28559263
        },
        "2014-03": {
            "month": "2014-03",
            "price": "25.51",
            "revenue": 31543307
        },
        "2014-04": {
            "month": "2014-04",
            "price": "25.66",
            "revenue": 30762063
        },
        "2014-05": {
            "month": "2014-05",
            "price": "25.17",
            "revenue": 31012683
        },
        "2014-06": {
            "month": "2014-06",
            "price": "25.06",
            "revenue": 30386665
        },
        "2014-07": {
            "month": "2014-07",
            "price": "25.32",
            "revenue": 30642700
        },
        "2014-08": {
            "month": "2014-08",
            "price": "25.75",
            "revenue": 30768513
        },
        "2014-09": {
            "month": "2014-09",
            "price": "26.11",
            "revenue": 30857185
        },
        "2014-10": {
            "month": "2014-10",
            "price": "25.72",
            "revenue": 30687583
        },
        "2014-11": {
            "month": "2014-11",
            "price": "25.96",
            "revenue": 28830784
        },
        "2014-12": {
            "month": "2014-12",
            "price": "26.15",
            "revenue": 30160526
        },
        "2015-01": {
            "month": "2015-01",
            "price": "26.48",
            "revenue": 29403105
        },
        "2015-02": {
            "month": "2015-02",
            "price": "26.31",
            "revenue": 23583840
        },
        "2015-03": {
            "month": "2015-03",
            "price": "25.69",
            "revenue": 27816757
        },
        "2015-04": {
            "month": "2015-04",
            "price": "25.77",
            "revenue": 25352633
        },
        "2015-05": {
            "month": "2015-05",
            "price": "25.60",
            "revenue": 24191363
        },
        "2015-06": {
            "month": "2015-06",
            "price": "24.60",
            "revenue": 24018677
        },
        "2015-07": {
            "month": "2015-07",
            "price": "23.68",
            "revenue": 23940466
        },
        "2015-08": {
            "month": "2015-08",
            "price": "20.36",
            "revenue": 22628370
        },
        "2015-09": {
            "month": "2015-09",
            "price": "19.42",
            "revenue": 21124844
        },
        "2015-10": {
            "month": "2015-10",
            "price": "20.49",
            "revenue": 21125715
        },
        "2015-11": {
            "month": "2015-11",
            "price": "19.18",
            "revenue": 20302262
        },
        "2015-12": {
            "month": "2015-12",
            "price": "17.56",
            "revenue": 21592504
        },
        "2016-01": {
            "month": "2016-01",
            "price": "17.46",
            "revenue": 22238128
        },
        "2016-02": {
            "month": "2016-02",
            "price": "19.17",
            "revenue": 17998083
        },
        "2016-03": {
            "month": "2016-03",
            "price": "22.15",
            "revenue": 24722332
        },
        "2016-04": {
            "month": "2016-04",
            "price": "22.35",
            "revenue": 22882766
        },
        "2016-05": {
            "month": "2016-05",
            "price": "20.39",
            "revenue": 24478925
        },
        "2016-06": {
            "month": "2016-06",
            "price": "20.85",
            "revenue": 24971017
        },
        "2016-07": {
            "month": "2016-07",
            "price": "21.90",
            "revenue": 24499260
        },
        "2016-08": {
            "month": "2016-08",
            "price": "22.60",
            "revenue": 25709655
        },
        "2016-09": {
            "month": "2016-09",
            "price": "22.08",
            "revenue": 23384315
        },
        "2016-10": {
            "month": "2016-10",
            "price": "22.20",
            "revenue": 26031727
        },
        "2016-11": {
            "month": "2016-11",
            "price": "24.09",
            "revenue": 27841597
        },
        "2016-12": {
            "month": "2016-12",
            "price": "25.10",
            "revenue": 28285155
        },
        "2017-01": {
            "month": "2017-01",
            "price": "24.92",
            "revenue": 25157643
        },
        "2017-02": {
            "month": "2017-02",
            "price": "25.74",
            "revenue": 25868858
        },
        "2017-03": {
            "month": "2017-03",
            "price": "25.62",
            "revenue": 31957848
        },
        "2017-04": {
            "month": "2017-04",
            "price": "24.98",
            "revenue": 27886682
        },
        "2017-05": {
            "month": "2017-05",
            "price": "24.33",
            "revenue": 30165413
        },
        "2017-06": {
            "month": "2017-06",
            "price": "24.47",
            "revenue": 26812821
        },
        "2017-07": {
            "month": "2017-07",
            "price": "25.42",
            "revenue": 28479023
        },
        "2017-08": {
            "month": "2017-08",
            "price": "25.15",
            "revenue": 30630858
        },
        "2017-09": {
            "month": "2017-09",
            "price": "24.81",
            "revenue": 29807618
        },
        "2017-10": {
            "month": "2017-10",
            "price": "24.68",
            "revenue": 29603163
        },
        "2017-11": {
            "month": "2017-11",
            "price": "24.52",
            "revenue": 29678153
        },
        "2017-12": {
            "month": "2017-12",
            "price": "24.41",
            "revenue": 30963922
        },
        "2018-01": {
            "month": "2018-01",
            "price": "25.08",
            "revenue": 32819912
        },
        "2018-02": {
            "month": "2018-02",
            "price": "24.16",
            "revenue": 26665920
        },
        "2018-03": {
            "month": "2018-03",
            "price": "23.67",
            "revenue": 33903830
        },
        "2018-04": {
            "month": "2018-04",
            "price": "23.51",
            "revenue": 31934984
        },
        "2018-05": {
            "month": "2018-05",
            "price": "23.38",
            "revenue": 35003823
        },
        "2018-06": {
            "month": "2018-06",
            "price": "23.82",
            "revenue": 33385608
        },
        "2018-07": {
            "month": "2018-07",
            "price": "24.04",
            "revenue": 35015046
        },
        "2018-08": {
            "month": "2018-08",
            "price": "24.99",
            "revenue": 33779551
        },
        "2018-09": {
            "month": "2018-09",
            "price": "24.89",
            "revenue": 33937015
        },
        "2018-10": {
            "month": "2018-10",
            "price": "24.49",
            "revenue": 36437512
        },
        "2018-11": {
            "month": "2018-11",
            "price": "24.16",
            "revenue": 34532900
        },
        "2018-12": {
            "month": "2018-12",
            "price": "24.11",
            "revenue": 33248956
        },
        "2019-01": {
            "month": "2019-01",
            "price": "24.89",
            "revenue": 36077811
        },
        "2019-02": {
            "month": "2019-02",
            "price": "25.29",
            "revenue": 27212442
        },
        "2019-03": {
            "month": "2019-03",
            "price": "25.02",
            "revenue": 32939378
        },
        "2019-04": {
            "month": "2019-04",
            "price": "25.10",
            "revenue": 33167382
        },
        "2019-05": {
            "month": "2019-05",
            "price": "24.46",
            "revenue": 32365285
        },
        "2019-06": {
            "month": "2019-06",
            "price": "24.63",
            "revenue": 29348282
        },
        "2019-07": {
            "month": "2019-07",
            "price": "24.64",
            "revenue": 30766856
        },
        "2019-08": {
            "month": "2019-08",
            "price": "23.21",
            "revenue": 30997557
        },
        "2019-09": {
            "month": "2019-09",
            "price": "23.22",
            "revenue": 28930655
        },
        "2019-10": {
            "month": "2019-10",
            "price": "23.21",
            "revenue": 27677766
        },
        "2019-11": {
            "month": "2019-11",
            "price": "23.55",
            "revenue": 27653365
        },
        "2019-12": {
            "month": "2019-12",
            "price": "23.67",
            "revenue": 29103956
        },
        "2020-01": {
            "month": "2020-01",
            "price": "23.80",
            "revenue": 24103044
        },
        "2020-02": {
            "month": "2020-02",
            "price": "23.26",
            "revenue": 26060991
        },
        "2020-03": {
            "month": "2020-03",
            "price": "20.70",
            "revenue": 27754842
        },
        "2020-04": {
            "month": "2020-04",
            "price": "19.50",
            "revenue": 25434105
        },
        "2020-05": {
            "month": "2020-05",
            "price": "19.73",
            "revenue": 23257451
        },
        "2020-06": {
            "month": "2020-06",
            "price": "20.76",
            "revenue": 23917855
        },
        "2020-07": {
            "month": "2020-07",
            "price": "20.54",
            "revenue": 24688800
        },
        "2020-08": {
            "month": "2020-08",
            "price": "20.07",
            "revenue": 25832421
        },
        "2020-09": {
            "month": "2020-09",
            "price": "20.59",
            "revenue": 26127823
        },
        "2020-10": {
            "month": "2020-10",
            "price": "20.57",
            "revenue": 27088765
        },
        "2020-11": {
            "month": "2020-11",
            "price": "21.74",
            "revenue": 29909497
        },
        "2020-12": {
            "month": "2020-12",
            "price": "24.10",
            "revenue": 30607760
        },
        "2021-01": {
            "month": "2021-01",
            "price": "24.59",
            "revenue": 30818388
        },
        "2021-02": {
            "month": "2021-02",
            "price": "24.24",
            "revenue": 30108270
        },
        "2021-03": {
            "month": "2021-03",
            "price": "25.35",
            "revenue": 36894940
        },
        "2021-04": {
            "month": "2021-04",
            "price": "33.97",
            "revenue": 36906048
        },
        "2021-05": {
            "month": "2021-05",
            "price": "37.22",
            "revenue": 39718469
        },
        "2021-06": {
            "month": "2021-06",
            "price": "36.70",
            "revenue": 38823509
        },
        "2021-07": {
            "month": "2021-07",
            "price": "37.02",
            "revenue": 41883163
        },
        "2021-08": {
            "month": "2021-08",
            "price": "36.71",
            "revenue": 41713466
        },
        "2021-09": {
            "month": "2021-09",
            "price": "37.58",
            "revenue": 41981668
        },
        "2021-10": {
            "month": "2021-10",
            "price": "33.85",
            "revenue": 43199465
        },
        "2021-11": {
            "month": "2021-11",
            "price": "33.42",
            "revenue": 45282222
        },
        "2021-12": {
            "month": "2021-12",
            "price": "34.73",
            "revenue": 40998980
        },
        "2022-01": {
            "month": "2022-01",
            "price": "34.51",
            "revenue": 40027506
        },
        "2022-02": {
            "month": "2022-02",
            "price": "35.48",
            "revenue": 33521901
        },
        "2022-03": {
            "month": "2022-03",
            "price": "38.92",
            "revenue": 41662586
        },
        "2022-04": {
            "month": "2022-04",
            "price": "38.16",
            "revenue": 45410117
        },
        "2022-05": {
            "month": "2022-05",
            "price": "34.25",
            "revenue": 43482881
        },
        "2022-06": {
            "month": "2022-06",
            "price": "32.32",
            "revenue": 44744842
        },
        "2022-07": {
            "month": "2022-07",
            "price": "29.22",
            "revenue": 39157604
        },
        "2022-08": {
            "month": "2022-08",
            "price": "28.70",
            "revenue": 36270317
        },
        "2022-09": {
            "month": "2022-09",
            "price": "28.46",
            "revenue": 29912530
        },
        "2022-10": {
            "month": "2022-10",
            "price": "27.36",
            "revenue": 32387902
        },
        "2022-11": {
            "month": "2022-11",
            "price": "28.18",
            "revenue": 32018052
        },
        "2022-12": {
            "month": "2022-12",
            "price": "29.47",
            "revenue": 30971250
        },
        "2023-01": {
            "month": "2023-01",
            "price": "30.84",
            "revenue": 26244553
        },
        "2023-02": {
            "month": "2023-02",
            "price": "31.59",
            "revenue": 31254510
        },
        "2023-03": {
            "month": "2023-03",
            "price": "30.92",
            "revenue": 33846889
        },
        "2023-04": {
            "month": "2023-04",
            "price": "30.39",
            "revenue": 32379484
        },
        "2023-05": {
            "month": "2023-05",
            "price": "29.34",
            "revenue": 32760575
        }
    }
}
