{
    "summary": {
        "stock_name": "東和鋼鐵",
        "stock_id": "2006",
        "category": "鋼鐵",
        "main_business": "鋼筋、扁鐵、角鐵、盤元、其他鋼鐵製品之製造加工銷售<br>型鋼及合金鋼、工具鋼、高碳鋼、其他特殊鋼之製造加工銷售<br>輪船解體、舊船買賣.....等",
        "website_url": "http://www.tunghosteel.com",
        "ceo": "黃炳樺",
        "pe_ratio": 12,
        "report_year_from": 2001,
        "report_year_to": 2023,
        "age": 23,
        "eps_negative_percentage": 4,
        "eps_growth_avg": {
            "last_all": 18.58,
            "last_2y": 28.32,
            "last_4y": 52.45,
            "last_8y": 29.51,
            "last_12y": 23.07,
            "last_16y": 13.68,
            "last_20y": 18.58,
            "at_2006_last_3y": 39.45,
            "at_2007_last_3y": 30.43,
            "at_2008_last_3y": -10.53,
            "at_2009_last_3y": -15.2,
            "at_2010_last_3y": -16.85,
            "at_2011_last_3y": 5.89,
            "at_2012_last_3y": 13.15,
            "at_2013_last_3y": 29.24,
            "at_2014_last_3y": 8.58,
            "at_2015_last_3y": -11.71,
            "at_2016_last_3y": 1.56,
            "at_2017_last_3y": 0.47,
            "at_2018_last_3y": 0.84,
            "at_2019_last_3y": 15.44,
            "at_2020_last_3y": 35.87,
            "at_2021_last_3y": 51.62,
            "at_2022_last_3y": 60.99,
            "at_2023_last_3y": 46.24,
            "at_2024_last_3y": 46.24,
            "at_2006_last_all": 39.45,
            "at_2007_last_all": 33.36,
            "at_2008_last_all": 17.16,
            "at_2009_last_all": 8.25,
            "at_2010_last_all": 11.3,
            "at_2011_last_all": 21.15,
            "at_2012_last_all": 15.56,
            "at_2013_last_all": 15.88,
            "at_2014_last_all": 10.39,
            "at_2015_last_all": 11.04,
            "at_2016_last_all": 11.56,
            "at_2017_last_all": 11.77,
            "at_2018_last_all": 8,
            "at_2019_last_all": 12.08,
            "at_2020_last_all": 16.96,
            "at_2021_last_all": 20.16,
            "at_2022_last_all": 18.6,
            "at_2023_last_all": 18.58,
            "at_2024_last_all": 18.58
        },
        "latest_eps": 6.48,
        "latest_price": 78.2,
        "latest_roe": 15.85,
        "latest_gross_margin": 14.97,
        "latest_equity": 31161178,
        "latest_revenue": 16510140,
        "latest_gross_profit": 2472132,
        "latest_net_income": 1357353,
        "latest_debt_ratio": 44.73,
        "latest_current_ratio": 139.4,
        "latest_account_receivable_turnover_ratio": 3.86,
        "latest_inventory_turnover_ratio": 0.71,
        "latest_reinvestment_rate": -2.74,
        "latest_research_to_sale_ratio": null
    },
    "eps_dividends": {
        "1989": {
            "cash": 0,
            "stock": 2.8,
            "eps": 0
        },
        "1990": {
            "cash": 0,
            "stock": 3.14,
            "eps": 0
        },
        "1991": {
            "cash": 0,
            "stock": 3.5,
            "eps": 0
        },
        "1992": {
            "cash": 1,
            "stock": 1.5,
            "eps": 0
        },
        "1993": {
            "cash": 1,
            "stock": 1.2,
            "eps": 0
        },
        "1994": {
            "cash": 0.7,
            "stock": 0.8,
            "eps": 0
        },
        "1995": {
            "cash": 0,
            "stock": 1,
            "eps": 0
        },
        "1996": {
            "cash": 0,
            "stock": 1,
            "eps": 0
        },
        "1997": {
            "cash": 0,
            "stock": 0.5,
            "eps": 0
        },
        "1998": {
            "cash": 0.5,
            "stock": 0.5,
            "eps": 0
        },
        "1999": {
            "cash": 0,
            "stock": 0.5,
            "eps": 0
        },
        "2001": {
            "cash": 0,
            "stock": 0,
            "eps": -0.56
        },
        "2002": {
            "cash": 0,
            "stock": 0.5,
            "eps": 0.51
        },
        "2003": {
            "cash": 0,
            "stock": 0.5,
            "eps": 0.74
        },
        "2004": {
            "cash": 0,
            "stock": 0.3,
            "eps": 4.44
        },
        "2005": {
            "cash": 1.5,
            "stock": 1,
            "eps": 3.26
        },
        "2006": {
            "cash": 2.59,
            "stock": 0,
            "eps": 4.54
        },
        "2007": {
            "cash": 3.1,
            "stock": 0,
            "eps": 4.95
        },
        "2008": {
            "cash": 3.2,
            "stock": 0,
            "eps": 1.79
        },
        "2009": {
            "cash": 1.5,
            "stock": 0.3,
            "eps": 0.98
        },
        "2010": {
            "cash": 1.02,
            "stock": 0,
            "eps": 1.3
        },
        "2011": {
            "cash": 2.8,
            "stock": 0,
            "eps": 2.73
        },
        "2012": {
            "cash": 0,
            "stock": 0,
            "eps": 1.78
        },
        "2013": {
            "cash": 1.3,
            "stock": 0,
            "eps": 2.12
        },
        "2014": {
            "cash": 1.6,
            "stock": 0,
            "eps": 1.06
        },
        "2015": {
            "cash": 1.3,
            "stock": 0,
            "eps": 1.26
        },
        "2016": {
            "cash": 1.1,
            "stock": 0,
            "eps": 1.49
        },
        "2017": {
            "cash": 1.3,
            "stock": 0,
            "eps": 1.71
        },
        "2018": {
            "cash": 1.4,
            "stock": 0,
            "eps": 0.88
        },
        "2019": {
            "cash": 1.2,
            "stock": 0,
            "eps": 1.56
        },
        "2020": {
            "cash": 1.35,
            "stock": 0,
            "eps": 3.46
        },
        "2021": {
            "cash": 1.5,
            "stock": 0,
            "eps": 6.15
        },
        "2022": {
            "cash": 6.4,
            "stock": 0,
            "eps": 5.47
        },
        "2023": {
            "cash": 3.5,
            "stock": 0,
            "eps": 6.47
        },
        "2024": {
            "cash": 4.2,
            "stock": 0,
            "eps": 0
        }
    },
    "dividends": {
        "1989-04-24": {
            "cash": 0,
            "stock": 2.8
        },
        "1990-05-17": {
            "cash": 0,
            "stock": 3.14
        },
        "1991-08-27": {
            "cash": 0,
            "stock": 3.5
        },
        "1992-05-14": {
            "cash": 1,
            "stock": 1.5
        },
        "1993-04-27": {
            "cash": 1,
            "stock": 1.2
        },
        "1994-04-08": {
            "cash": 0.7,
            "stock": 0.8
        },
        "1995-04-06": {
            "cash": 0,
            "stock": 1
        },
        "1996-05-23": {
            "cash": 0,
            "stock": 1
        },
        "1997-05-20": {
            "cash": 0,
            "stock": 0.5
        },
        "1998-05-13": {
            "cash": 0.5,
            "stock": 0.5
        },
        "1999-04-08": {
            "cash": 0,
            "stock": 0.5
        },
        "2002-06-27": {
            "cash": 0,
            "stock": 0.5
        },
        "2003-04-25": {
            "cash": 0,
            "stock": 0.5
        },
        "2004-03-26": {
            "cash": 0,
            "stock": 0.3
        },
        "2005-03-04": {
            "cash": 1.5,
            "stock": 1
        },
        "2006-04-11": {
            "cash": 2.59,
            "stock": 0
        },
        "2007-04-03": {
            "cash": 3.1,
            "stock": 0
        },
        "2008-03-19": {
            "cash": 3.2,
            "stock": 0
        },
        "2009-04-14": {
            "cash": 1.5,
            "stock": 0.3
        },
        "2010-04-26": {
            "cash": 1.02,
            "stock": 0
        },
        "2011-01-01": {
            "cash": 1.6,
            "stock": 0
        },
        "2011-04-25": {
            "cash": 1.2,
            "stock": 0
        },
        "2013-03-29": {
            "cash": 1.3,
            "stock": 0
        },
        "2014-09-02": {
            "cash": 1.6,
            "stock": 0
        },
        "2015-08-27": {
            "cash": 1.3,
            "stock": 0
        },
        "2016-08-19": {
            "cash": 1.1,
            "stock": 0
        },
        "2017-09-08": {
            "cash": 1.3,
            "stock": 0
        },
        "2018-08-03": {
            "cash": 1.4,
            "stock": 0
        },
        "2019-08-16": {
            "cash": 1.2,
            "stock": 0
        },
        "2020-07-17": {
            "cash": 1.35,
            "stock": 0
        },
        "2021-07-22": {
            "cash": 1.5,
            "stock": 0
        },
        "2022-04-29": {
            "cash": 6.4,
            "stock": 0
        },
        "2023-05-04": {
            "cash": 3.5,
            "stock": 0
        },
        "2024-04-26": {
            "cash": 4.2,
            "stock": 0
        }
    },
    "prices": {
        "200101": "11.51",
        "200102": "12.08",
        "200103": "11.36",
        "200104": "10.62",
        "200105": "9.74",
        "200106": "9.03",
        "200107": "8.09",
        "200108": "8.35",
        "200109": "8.08",
        "200110": "7.89",
        "200111": "7.87",
        "200112": "8.39",
        "200201": "8.31",
        "200202": "8.63",
        "200203": "10.44",
        "200204": "11.15",
        "200205": "10.95",
        "200206": "11.00",
        "200207": "10.34",
        "200208": "9.86",
        "200209": "9.04",
        "200210": "8.25",
        "200211": "9.80",
        "200212": "11.03",
        "200301": "14.24",
        "200302": "13.11",
        "200303": "10.53",
        "200304": "10.12",
        "200305": "8.52",
        "200306": "9.93",
        "200307": "11.85",
        "200308": "12.14",
        "200309": "10.93",
        "200310": "11.69",
        "200311": "11.75",
        "200312": "13.04",
        "200401": "14.66",
        "200402": "17.46",
        "200403": "19.37",
        "200404": "21.75",
        "200405": "21.71",
        "200406": "23.98",
        "200407": "26.63",
        "200408": "25.64",
        "200409": "30.39",
        "200410": "29.78",
        "200411": "25.07",
        "200412": "25.66",
        "200501": "25.37",
        "200502": "26.12",
        "200503": "24.97",
        "200504": "22.46",
        "200505": "20.96",
        "200506": "21.08",
        "200507": "19.20",
        "200508": "19.22",
        "200509": "21.86",
        "200510": "18.24",
        "200511": "18.04",
        "200512": "18.15",
        "200601": "19.45",
        "200602": "21.84",
        "200603": "22.80",
        "200604": "29.09",
        "200605": "29.88",
        "200606": "27.40",
        "200607": "26.43",
        "200608": "24.00",
        "200609": "25.25",
        "200610": "27.89",
        "200611": "28.64",
        "200612": "30.29",
        "200701": "32.58",
        "200702": "34.62",
        "200703": "35.34",
        "200704": "38.65",
        "200705": "38.01",
        "200706": "37.70",
        "200707": "41.34",
        "200708": "41.07",
        "200709": "48.70",
        "200710": "51.64",
        "200711": "47.48",
        "200712": "51.13",
        "200801": "49.03",
        "200802": "49.06",
        "200803": "52.70",
        "200804": "58.01",
        "200805": "61.81",
        "200806": "57.91",
        "200807": "49.95",
        "200808": "41.32",
        "200809": "34.00",
        "200810": "21.11",
        "200811": "23.03",
        "200812": "20.27",
        "200901": "21.90",
        "200902": "23.17",
        "200903": "24.81",
        "200904": "29.47",
        "200905": "32.83",
        "200906": "32.66",
        "200907": "33.38",
        "200908": "35.28",
        "200909": "34.22",
        "200910": "33.86",
        "200911": "32.63",
        "200912": "33.34",
        "201001": "36.18",
        "201002": "35.13",
        "201003": "36.20",
        "201004": "35.38",
        "201005": "29.37",
        "201006": "26.35",
        "201007": "27.25",
        "201008": "29.42",
        "201009": "29.29",
        "201010": "29.14",
        "201011": "28.95",
        "201012": "30.97",
        "201101": "34.22",
        "201102": "33.14",
        "201103": "32.80",
        "201104": "33.86",
        "201105": "32.93",
        "201106": "32.05",
        "201107": "33.22",
        "201108": "31.14",
        "201109": "29.29",
        "201110": "26.14",
        "201111": "26.87",
        "201112": "26.41",
        "201201": "26.98",
        "201202": "29.76",
        "201203": "30.31",
        "201204": "28.50",
        "201205": "27.56",
        "201206": "28.29",
        "201207": "28.46",
        "201208": "28.06",
        "201209": "28.44",
        "201210": "28.55",
        "201211": "28.38",
        "201212": "29.22",
        "201301": "29.70",
        "201302": "29.34",
        "201303": "28.67",
        "201304": "28.80",
        "201305": "28.78",
        "201306": "27.29",
        "201307": "26.76",
        "201308": "24.62",
        "201309": "25.88",
        "201310": "26.70",
        "201311": "25.67",
        "201312": "26.25",
        "201401": "26.67",
        "201402": "26.19",
        "201403": "25.25",
        "201404": "25.88",
        "201405": "25.60",
        "201406": "25.62",
        "201407": "25.85",
        "201408": "25.15",
        "201409": "25.00",
        "201410": "24.22",
        "201411": "23.71",
        "201412": "23.56",
        "201501": "23.92",
        "201502": "23.72",
        "201503": "23.47",
        "201504": "23.83",
        "201505": "23.52",
        "201506": "22.85",
        "201507": "21.79",
        "201508": "18.48",
        "201509": "17.80",
        "201510": "18.25",
        "201511": "17.83",
        "201512": "16.78",
        "201601": "16.59",
        "201602": "18.94",
        "201603": "19.72",
        "201604": "20.44",
        "201605": "18.92",
        "201606": "18.91",
        "201607": "19.15",
        "201608": "18.51",
        "201609": "18.61",
        "201610": "19.39",
        "201611": "21.25",
        "201612": "21.56",
        "201701": "21.09",
        "201702": "22.73",
        "201703": "23.90",
        "201704": "24.09",
        "201705": "23.76",
        "201706": "23.99",
        "201707": "24.87",
        "201708": "24.21",
        "201709": "23.90",
        "201710": "24.01",
        "201711": "24.09",
        "201712": "24.09",
        "201801": "26.54",
        "201802": "25.43",
        "201803": "24.48",
        "201804": "24.82",
        "201805": "24.37",
        "201806": "23.99",
        "201807": "22.13",
        "201808": "22.54",
        "201809": "22.67",
        "201810": "22.07",
        "201811": "20.88",
        "201812": "20.05",
        "201901": "19.15",
        "201902": "20.12",
        "201903": "20.85",
        "201904": "21.74",
        "201905": "22.19",
        "201906": "22.79",
        "201907": "22.55",
        "201908": "20.96",
        "201909": "21.26",
        "201910": "21.56",
        "201911": "21.81",
        "201912": "22.78",
        "202001": "23.14",
        "202002": "22.65",
        "202003": "22.02",
        "202004": "22.04",
        "202005": "23.42",
        "202006": "23.14",
        "202007": "23.12",
        "202008": "24.91",
        "202009": "29.26",
        "202010": "29.26",
        "202011": "31.26",
        "202012": "35.06",
        "202101": "34.57",
        "202102": "33.85",
        "202103": "39.93",
        "202104": "54.43",
        "202105": "50.46",
        "202106": "49.10",
        "202107": "50.35",
        "202108": "44.54",
        "202109": "41.92",
        "202110": "39.10",
        "202111": "41.66",
        "202112": "64.48",
        "202201": "66.47",
        "202202": "70.49",
        "202203": "75.12",
        "202204": "67.68",
        "202205": "60.73",
        "202206": "61.94",
        "202207": "50.03",
        "202208": "53.60",
        "202209": "52.63",
        "202210": "52.51",
        "202211": "51.20",
        "202212": "52.32",
        "202301": "54.08",
        "202302": "57.31",
        "202303": "61.60",
        "202304": "58.00",
        "202305": "57.10",
        "202306": "58.06",
        "202307": "56.98",
        "202308": "59.51",
        "202309": "61.95",
        "202310": "61.63",
        "202311": "68.11",
        "202312": "71.03"
    },
    "quarters": {
        "20011": {
            "year_quarter": 20011,
            "year": 2001,
            "quarter": 1,
            "eps": 0.09,
            "eps_growth_year": -83.02,
            "eps_4q": 0.28,
            "eps_4q_growth_year": -40.79,
            "roe": 0.59,
            "roe_4q": 0.59,
            "gross_profit": 406178,
            "gross_margin": 12.04,
            "gross_margin_4q_avg": 12.04,
            "net_income": 63749,
            "net_income_4q": null,
            "revenue": 3373184,
            "revenue_4q": null,
            "common_shares": 6972595,
            "book_valuer_per_share": 15.26,
            "book_valuer_per_share_4q_avg": 15.26,
            "equity": 10640544,
            "current_ratio": 105.31,
            "debt_ratio": 56.55,
            "inventory_turnover_ratio": 0.79,
            "account_receivable_turnover_ratio": null,
            "reinvestment_rate": null,
            "research_to_sale_ratio": null,
            "price_fair": 0,
            "eps_avg_yearly": 0,
            "eps_latest_yearly": 0,
            "eps_growth_yearly": 0
        },
        "20012": {
            "year_quarter": 20012,
            "year": 2001,
            "quarter": 2,
            "eps": -0.27,
            "eps_growth_year": -268.75,
            "eps_4q": -0.15,
            "eps_4q_growth_year": -121,
            "roe": -1.76,
            "roe_4q": -1.17,
            "gross_profit": 334440,
            "gross_margin": 10.69,
            "gross_margin_4q_avg": 11.37,
            "net_income": -182743,
            "net_income_4q": null,
            "revenue": 3129532,
            "revenue_4q": null,
            "common_shares": 6801285,
            "book_valuer_per_share": 14.84,
            "book_valuer_per_share_4q_avg": 15.05,
            "equity": 10094757,
            "current_ratio": 87.14,
            "debt_ratio": 57.86,
            "inventory_turnover_ratio": 0.92,
            "account_receivable_turnover_ratio": null,
            "reinvestment_rate": null,
            "research_to_sale_ratio": null,
            "price_fair": 0,
            "eps_avg_yearly": 0,
            "eps_latest_yearly": 0,
            "eps_growth_yearly": 0
        },
        "20013": {
            "year_quarter": 20013,
            "year": 2001,
            "quarter": 3,
            "eps": -0.28,
            "eps_growth_year": null,
            "eps_4q": -0.22,
            "eps_4q_growth_year": -123.66,
            "roe": -1.89,
            "roe_4q": -3.06,
            "gross_profit": 240725,
            "gross_margin": 8.27,
            "gross_margin_4q_avg": 10.33,
            "net_income": -187688,
            "net_income_4q": null,
            "revenue": 2911619,
            "revenue_4q": null,
            "common_shares": 6801285,
            "book_valuer_per_share": 14.39,
            "book_valuer_per_share_4q_avg": 14.83,
            "equity": 9783695,
            "current_ratio": 85.73,
            "debt_ratio": 58.92,
            "inventory_turnover_ratio": 0.97,
            "account_receivable_turnover_ratio": null,
            "reinvestment_rate": null,
            "research_to_sale_ratio": null,
            "price_fair": 0,
            "eps_avg_yearly": 0,
            "eps_latest_yearly": 0,
            "eps_growth_yearly": 0
        },
        "20014": {
            "year_quarter": 20014,
            "year": 2001,
            "quarter": 4,
            "eps": -0.1,
            "eps_growth_year": -145.45,
            "eps_4q": -0.57,
            "eps_4q_growth_year": -178.41,
            "roe": -0.7,
            "roe_4q": -3.76,
            "gross_profit": 278107,
            "gross_margin": 8.04,
            "gross_margin_4q_avg": 9.76,
            "net_income": -67754,
            "net_income_4q": null,
            "revenue": 3458417,
            "revenue_4q": null,
            "common_shares": 6501285,
            "book_valuer_per_share": 14.79,
            "book_valuer_per_share_4q_avg": 14.82,
            "equity": 9616920,
            "current_ratio": 80.22,
            "debt_ratio": 59.28,
            "inventory_turnover_ratio": 1.4,
            "account_receivable_turnover_ratio": null,
            "reinvestment_rate": null,
            "research_to_sale_ratio": null,
            "price_fair": 0,
            "eps_avg_yearly": 0,
            "eps_latest_yearly": 0,
            "eps_growth_yearly": 0
        },
        "20021": {
            "year_quarter": 20021,
            "year": 2002,
            "quarter": 1,
            "eps": 0.02,
            "eps_growth_year": -77.78,
            "eps_4q": -0.76,
            "eps_4q_growth_year": -367.08,
            "roe": 0.12,
            "roe_4q": -4.2299999999999995,
            "gross_profit": 364217,
            "gross_margin": 9.47,
            "gross_margin_4q_avg": 9.12,
            "net_income": 11277,
            "net_income_4q": null,
            "revenue": 3845122,
            "revenue_4q": null,
            "common_shares": 6322395,
            "book_valuer_per_share": 14.7,
            "book_valuer_per_share_4q_avg": 14.68,
            "equity": 9296884,
            "current_ratio": 67.48,
            "debt_ratio": 59.78,
            "inventory_turnover_ratio": 1.88,
            "account_receivable_turnover_ratio": null,
            "reinvestment_rate": null,
            "research_to_sale_ratio": null,
            "price_fair": 0,
            "eps_avg_yearly": 0,
            "eps_latest_yearly": 0,
            "eps_growth_yearly": 0
        },
        "20022": {
            "year_quarter": 20022,
            "year": 2002,
            "quarter": 2,
            "eps": 0.15,
            "eps_growth_year": null,
            "eps_4q": -0.26,
            "eps_4q_growth_year": null,
            "roe": 0.94,
            "roe_4q": -1.5299999999999998,
            "gross_profit": 382325,
            "gross_margin": 9.53,
            "gross_margin_4q_avg": 8.83,
            "net_income": 89599,
            "net_income_4q": null,
            "revenue": 4010570,
            "revenue_4q": null,
            "common_shares": 6322395,
            "book_valuer_per_share": 15.52,
            "book_valuer_per_share_4q_avg": 14.85,
            "equity": 9813630,
            "current_ratio": 56.36,
            "debt_ratio": 58.06,
            "inventory_turnover_ratio": 2.03,
            "account_receivable_turnover_ratio": null,
            "reinvestment_rate": null,
            "research_to_sale_ratio": null,
            "price_fair": 21,
            "eps_avg_yearly": 0.6,
            "eps_latest_yearly": 0.6,
            "eps_growth_yearly": 2600
        },
        "20023": {
            "year_quarter": 20023,
            "year": 2002,
            "quarter": 3,
            "eps": 0.09,
            "eps_growth_year": null,
            "eps_4q": 0.14,
            "eps_4q_growth_year": null,
            "roe": 0.55,
            "roe_4q": 0.9099999999999999,
            "gross_profit": 485864,
            "gross_margin": 10.89,
            "gross_margin_4q_avg": 9.48,
            "net_income": 54533,
            "net_income_4q": null,
            "revenue": 4462643,
            "revenue_4q": null,
            "common_shares": 6633995,
            "book_valuer_per_share": 14.93,
            "book_valuer_per_share_4q_avg": 14.99,
            "equity": 9907093,
            "current_ratio": 57.91,
            "debt_ratio": 59.01,
            "inventory_turnover_ratio": 1.83,
            "account_receivable_turnover_ratio": null,
            "reinvestment_rate": null,
            "research_to_sale_ratio": null,
            "price_fair": 16.8,
            "eps_avg_yearly": 0.48,
            "eps_latest_yearly": 0.36,
            "eps_growth_yearly": 1220
        },
        "20024": {
            "year_quarter": 20024,
            "year": 2002,
            "quarter": 4,
            "eps": 0.25,
            "eps_growth_year": null,
            "eps_4q": 0.49,
            "eps_4q_growth_year": null,
            "roe": 1.62,
            "roe_4q": 3.23,
            "gross_profit": 508957,
            "gross_margin": 10.62,
            "gross_margin_4q_avg": 10.13,
            "net_income": 161984,
            "net_income_4q": null,
            "revenue": 4791521,
            "revenue_4q": null,
            "common_shares": 6633996,
            "book_valuer_per_share": 15.22,
            "book_valuer_per_share_4q_avg": 15.09,
            "equity": 10094555,
            "current_ratio": 90.47,
            "debt_ratio": 57.65,
            "inventory_turnover_ratio": 1.77,
            "account_receivable_turnover_ratio": null,
            "reinvestment_rate": -1807.62,
            "research_to_sale_ratio": null,
            "price_fair": 22.87,
            "eps_avg_yearly": 0.65,
            "eps_latest_yearly": 1,
            "eps_growth_yearly": 1050.37
        },
        "20031": {
            "year_quarter": 20031,
            "year": 2003,
            "quarter": 1,
            "eps": 0.28,
            "eps_growth_year": 1300,
            "eps_4q": 0.74,
            "eps_4q_growth_year": null,
            "roe": 1.81,
            "roe_4q": 4.92,
            "gross_profit": 491153,
            "gross_margin": 10.28,
            "gross_margin_4q_avg": 10.33,
            "net_income": 184908,
            "net_income_4q": null,
            "revenue": 4779601,
            "revenue_4q": null,
            "common_shares": 6633995,
            "book_valuer_per_share": 15.52,
            "book_valuer_per_share_4q_avg": 15.3,
            "equity": 10293449,
            "current_ratio": 92.77,
            "debt_ratio": 55.88,
            "inventory_turnover_ratio": 1.84,
            "account_receivable_turnover_ratio": null,
            "reinvestment_rate": -277.34,
            "research_to_sale_ratio": null,
            "price_fair": 26.95,
            "eps_avg_yearly": 0.77,
            "eps_latest_yearly": 1.12,
            "eps_growth_yearly": 799.78
        },
        "20032": {
            "year_quarter": 20032,
            "year": 2003,
            "quarter": 2,
            "eps": -0.02,
            "eps_growth_year": -113.33,
            "eps_4q": 0.59,
            "eps_4q_growth_year": null,
            "roe": -0.11,
            "roe_4q": 3.87,
            "gross_profit": 379671,
            "gross_margin": 9.17,
            "gross_margin_4q_avg": 10.24,
            "net_income": -11641,
            "net_income_4q": null,
            "revenue": 4138648,
            "revenue_4q": null,
            "common_shares": 6633995,
            "book_valuer_per_share": 15.47,
            "book_valuer_per_share_4q_avg": 15.29,
            "equity": 10260433,
            "current_ratio": 106.4,
            "debt_ratio": 57.83,
            "inventory_turnover_ratio": 1.28,
            "account_receivable_turnover_ratio": null,
            "reinvestment_rate": -281.78,
            "research_to_sale_ratio": null,
            "price_fair": 26.95,
            "eps_avg_yearly": 0.77,
            "eps_latest_yearly": 1.12,
            "eps_growth_yearly": 799.78
        },
        "20033": {
            "year_quarter": 20033,
            "year": 2003,
            "quarter": 3,
            "eps": 0.19,
            "eps_growth_year": 111.11,
            "eps_4q": 0.67,
            "eps_4q_growth_year": 362.25,
            "roe": 1.28,
            "roe_4q": 4.6,
            "gross_profit": 527515,
            "gross_margin": 10.16,
            "gross_margin_4q_avg": 10.06,
            "net_income": 133061,
            "net_income_4q": null,
            "revenue": 5191872,
            "revenue_4q": null,
            "common_shares": 6961832,
            "book_valuer_per_share": 15.01,
            "book_valuer_per_share_4q_avg": 15.31,
            "equity": 10449661,
            "current_ratio": 103.84,
            "debt_ratio": 55.64,
            "inventory_turnover_ratio": 1.4,
            "account_receivable_turnover_ratio": null,
            "reinvestment_rate": -178.98,
            "research_to_sale_ratio": null,
            "price_fair": 26.95,
            "eps_avg_yearly": 0.77,
            "eps_latest_yearly": 1.12,
            "eps_growth_yearly": 799.78
        },
        "20034": {
            "year_quarter": 20034,
            "year": 2003,
            "quarter": 4,
            "eps": 0.29,
            "eps_growth_year": 16,
            "eps_4q": 0.73,
            "eps_4q_growth_year": 49.93,
            "roe": 1.9,
            "roe_4q": 4.88,
            "gross_profit": 748923,
            "gross_margin": 13.33,
            "gross_margin_4q_avg": 10.74,
            "net_income": 199874,
            "net_income_4q": null,
            "revenue": 5616433,
            "revenue_4q": null,
            "common_shares": 6961832,
            "book_valuer_per_share": 15.28,
            "book_valuer_per_share_4q_avg": 15.32,
            "equity": 10638392,
            "current_ratio": 107.86,
            "debt_ratio": 55.82,
            "inventory_turnover_ratio": 1.43,
            "account_receivable_turnover_ratio": null,
            "reinvestment_rate": -377,
            "research_to_sale_ratio": null,
            "price_fair": 29.68,
            "eps_avg_yearly": 0.85,
            "eps_latest_yearly": 1.16,
            "eps_growth_yearly": 681.93
        },
        "20041": {
            "year_quarter": 20041,
            "year": 2004,
            "quarter": 1,
            "eps": 0.9,
            "eps_growth_year": 221.43,
            "eps_4q": 1.36,
            "eps_4q_growth_year": 82.99,
            "roe": 5.74,
            "roe_4q": 8.81,
            "gross_profit": 1142418,
            "gross_margin": 15.7,
            "gross_margin_4q_avg": 12.09,
            "net_income": 627821,
            "net_income_4q": null,
            "revenue": 7275948,
            "revenue_4q": null,
            "common_shares": 6961832,
            "book_valuer_per_share": 16.15,
            "book_valuer_per_share_4q_avg": 15.48,
            "equity": 11242991,
            "current_ratio": 115.96,
            "debt_ratio": 55.85,
            "inventory_turnover_ratio": 1.41,
            "account_receivable_turnover_ratio": null,
            "reinvestment_rate": -170.86,
            "research_to_sale_ratio": null,
            "price_fair": 45.73,
            "eps_avg_yearly": 1.31,
            "eps_latest_yearly": 3.6,
            "eps_growth_yearly": 708.5
        },
        "20042": {
            "year_quarter": 20042,
            "year": 2004,
            "quarter": 2,
            "eps": 1.18,
            "eps_growth_year": null,
            "eps_4q": 2.56,
            "eps_4q_growth_year": 335.54,
            "roe": 7.21,
            "roe_4q": 16.13,
            "gross_profit": 1949172,
            "gross_margin": 23.23,
            "gross_margin_4q_avg": 15.61,
            "net_income": 822102,
            "net_income_4q": null,
            "revenue": 8389350,
            "revenue_4q": null,
            "common_shares": 6961832,
            "book_valuer_per_share": 16.62,
            "book_valuer_per_share_4q_avg": 15.77,
            "equity": 11568792,
            "current_ratio": 113.07,
            "debt_ratio": 55.69,
            "inventory_turnover_ratio": 1.21,
            "account_receivable_turnover_ratio": null,
            "reinvestment_rate": -109.35,
            "research_to_sale_ratio": null,
            "price_fair": 62.8,
            "eps_avg_yearly": 1.79,
            "eps_latest_yearly": 4.72,
            "eps_growth_yearly": 625.07
        },
        "20043": {
            "year_quarter": 20043,
            "year": 2004,
            "quarter": 3,
            "eps": 1.49,
            "eps_growth_year": 684.21,
            "eps_4q": 3.79,
            "eps_4q_growth_year": 466.81,
            "roe": 8.82,
            "roe_4q": 23.67,
            "gross_profit": 1766642,
            "gross_margin": 21.02,
            "gross_margin_4q_avg": 18.32,
            "net_income": 1068631,
            "net_income_4q": null,
            "revenue": 8406546,
            "revenue_4q": null,
            "common_shares": 7170687,
            "book_valuer_per_share": 17.65,
            "book_valuer_per_share_4q_avg": 16.43,
            "equity": 12654883,
            "current_ratio": 124.89,
            "debt_ratio": 52.79,
            "inventory_turnover_ratio": 1.09,
            "account_receivable_turnover_ratio": null,
            "reinvestment_rate": -67.6,
            "research_to_sale_ratio": null,
            "price_fair": 81.03,
            "eps_avg_yearly": 2.32,
            "eps_latest_yearly": 5.96,
            "eps_growth_yearly": 560.07
        },
        "20044": {
            "year_quarter": 20044,
            "year": 2004,
            "quarter": 4,
            "eps": 0.87,
            "eps_growth_year": 200,
            "eps_4q": 4.37,
            "eps_4q_growth_year": 494.88,
            "roe": 4.85,
            "roe_4q": 26.619999999999997,
            "gross_profit": 1202585,
            "gross_margin": 16.69,
            "gross_margin_4q_avg": 19.16,
            "net_income": 626190,
            "net_income_4q": null,
            "revenue": 7204551,
            "revenue_4q": null,
            "common_shares": 7170687,
            "book_valuer_per_share": 18.38,
            "book_valuer_per_share_4q_avg": 17.2,
            "equity": 13180802,
            "current_ratio": 134.07,
            "debt_ratio": 48.12,
            "inventory_turnover_ratio": 0.96,
            "account_receivable_turnover_ratio": null,
            "reinvestment_rate": -114.49,
            "research_to_sale_ratio": null,
            "price_fair": 85.56,
            "eps_avg_yearly": 2.44,
            "eps_latest_yearly": 3.48,
            "eps_growth_yearly": 479.34
        },
        "20051": {
            "year_quarter": 20051,
            "year": 2005,
            "quarter": 1,
            "eps": 1.02,
            "eps_growth_year": 13.33,
            "eps_4q": 4.52,
            "eps_4q_growth_year": 231.98,
            "roe": 5.42,
            "roe_4q": 26.3,
            "gross_profit": 1290573,
            "gross_margin": 18.65,
            "gross_margin_4q_avg": 19.9,
            "net_income": 734149,
            "net_income_4q": null,
            "revenue": 6918778,
            "revenue_4q": null,
            "common_shares": 7170687,
            "book_valuer_per_share": 19.41,
            "book_valuer_per_share_4q_avg": 18.02,
            "equity": 13916314,
            "current_ratio": 147.33,
            "debt_ratio": 45.23,
            "inventory_turnover_ratio": 1,
            "account_receivable_turnover_ratio": null,
            "reinvestment_rate": -52,
            "research_to_sale_ratio": null,
            "price_fair": 91.28,
            "eps_avg_yearly": 2.61,
            "eps_latest_yearly": 4.08,
            "eps_growth_yearly": 438.31
        },
        "20052": {
            "year_quarter": 20052,
            "year": 2005,
            "quarter": 2,
            "eps": 0.74,
            "eps_growth_year": -37.29,
            "eps_4q": 3.83,
            "eps_4q_growth_year": 49.61,
            "roe": 4.28,
            "roe_4q": 23.369999999999997,
            "gross_profit": 1250979,
            "gross_margin": 18.68,
            "gross_margin_4q_avg": 18.76,
            "net_income": 581980,
            "net_income_4q": null,
            "revenue": 6697956,
            "revenue_4q": null,
            "common_shares": 7887756,
            "book_valuer_per_share": 16.82,
            "book_valuer_per_share_4q_avg": 18.07,
            "equity": 13266460,
            "current_ratio": 115.67,
            "debt_ratio": 46.36,
            "inventory_turnover_ratio": 1,
            "account_receivable_turnover_ratio": null,
            "reinvestment_rate": -48.53,
            "research_to_sale_ratio": null,
            "price_fair": 92.4,
            "eps_avg_yearly": 2.64,
            "eps_latest_yearly": 2.96,
            "eps_growth_yearly": 388.48
        },
        "20053": {
            "year_quarter": 20053,
            "year": 2005,
            "quarter": 3,
            "eps": 0.72,
            "eps_growth_year": -51.68,
            "eps_4q": 3.17,
            "eps_4q_growth_year": -16.44,
            "roe": 4.21,
            "roe_4q": 18.759999999999998,
            "gross_profit": 985443,
            "gross_margin": 16.33,
            "gross_margin_4q_avg": 17.59,
            "net_income": 571491,
            "net_income_4q": null,
            "revenue": 6033042,
            "revenue_4q": null,
            "common_shares": 7887756,
            "book_valuer_per_share": 17.64,
            "book_valuer_per_share_4q_avg": 18.06,
            "equity": 13911291,
            "current_ratio": 133.51,
            "debt_ratio": 41.52,
            "inventory_turnover_ratio": 0.99,
            "account_receivable_turnover_ratio": null,
            "reinvestment_rate": -43.31,
            "research_to_sale_ratio": null,
            "price_fair": 93.1,
            "eps_avg_yearly": 2.66,
            "eps_latest_yearly": 2.88,
            "eps_growth_yearly": 355.2
        },
        "20054": {
            "year_quarter": 20054,
            "year": 2005,
            "quarter": 4,
            "eps": 0.78,
            "eps_growth_year": -10.34,
            "eps_4q": 3.17,
            "eps_4q_growth_year": -27.33,
            "roe": 4.37,
            "roe_4q": 18.28,
            "gross_profit": 1259981,
            "gross_margin": 16.89,
            "gross_margin_4q_avg": 17.64,
            "net_income": 614779,
            "net_income_4q": null,
            "revenue": 7458740,
            "revenue_4q": null,
            "common_shares": 7687756,
            "book_valuer_per_share": 18.34,
            "book_valuer_per_share_4q_avg": 18.05,
            "equity": 14243657,
            "current_ratio": 130.9,
            "debt_ratio": 43.82,
            "inventory_turnover_ratio": 1.41,
            "account_receivable_turnover_ratio": null,
            "reinvestment_rate": -32.72,
            "research_to_sale_ratio": null,
            "price_fair": 94.34,
            "eps_avg_yearly": 2.7,
            "eps_latest_yearly": 3.12,
            "eps_growth_yearly": 330.45
        },
        "20061": {
            "year_quarter": 20061,
            "year": 2006,
            "quarter": 1,
            "eps": 0.78,
            "eps_growth_year": -23.53,
            "eps_4q": 3.09,
            "eps_4q_growth_year": -31.52,
            "roe": 4.17,
            "roe_4q": 17.03,
            "gross_profit": 1166330,
            "gross_margin": 17.05,
            "gross_margin_4q_avg": 17.24,
            "net_income": 596284,
            "net_income_4q": null,
            "revenue": 6839857,
            "revenue_4q": null,
            "common_shares": 7521496,
            "book_valuer_per_share": 19.06,
            "book_valuer_per_share_4q_avg": 17.97,
            "equity": 14334516,
            "current_ratio": 151.32,
            "debt_ratio": 38.04,
            "inventory_turnover_ratio": 1.54,
            "account_receivable_turnover_ratio": null,
            "reinvestment_rate": -37.16,
            "research_to_sale_ratio": null,
            "price_fair": 95.4,
            "eps_avg_yearly": 2.73,
            "eps_latest_yearly": 3.12,
            "eps_growth_yearly": 306.84
        },
        "20062": {
            "year_quarter": 20062,
            "year": 2006,
            "quarter": 2,
            "eps": 1.25,
            "eps_growth_year": 68.92,
            "eps_4q": 3.58,
            "eps_4q_growth_year": -6.61,
            "roe": 6.72,
            "roe_4q": 19.470000000000002,
            "gross_profit": 1616612,
            "gross_margin": 18.58,
            "gross_margin_4q_avg": 17.21,
            "net_income": 958234,
            "net_income_4q": null,
            "revenue": 8701768,
            "revenue_4q": null,
            "common_shares": 7997643,
            "book_valuer_per_share": 17.73,
            "book_valuer_per_share_4q_avg": 18.19,
            "equity": 14179761,
            "current_ratio": 106.06,
            "debt_ratio": 43.16,
            "inventory_turnover_ratio": 1.8,
            "account_receivable_turnover_ratio": null,
            "reinvestment_rate": -32.56,
            "research_to_sale_ratio": null,
            "price_fair": 106.4,
            "eps_avg_yearly": 3.04,
            "eps_latest_yearly": 5,
            "eps_growth_yearly": 138.34
        },
        "20063": {
            "year_quarter": 20063,
            "year": 2006,
            "quarter": 3,
            "eps": 1.17,
            "eps_growth_year": 62.5,
            "eps_4q": 3.96,
            "eps_4q_growth_year": 25.1,
            "roe": 6.15,
            "roe_4q": 21.41,
            "gross_profit": 1524972,
            "gross_margin": 16.96,
            "gross_margin_4q_avg": 17.37,
            "net_income": 909029,
            "net_income_4q": null,
            "revenue": 8990649,
            "revenue_4q": null,
            "common_shares": 7999870,
            "book_valuer_per_share": 19.21,
            "book_valuer_per_share_4q_avg": 18.59,
            "equity": 15366683,
            "current_ratio": 156.18,
            "debt_ratio": 41.67,
            "inventory_turnover_ratio": 1.55,
            "account_receivable_turnover_ratio": null,
            "reinvestment_rate": -25.29,
            "research_to_sale_ratio": null,
            "price_fair": 117.2,
            "eps_avg_yearly": 3.35,
            "eps_latest_yearly": 4.68,
            "eps_growth_yearly": 147.94
        },
        "20064": {
            "year_quarter": 20064,
            "year": 2006,
            "quarter": 4,
            "eps": 1.34,
            "eps_growth_year": 71.79,
            "eps_4q": 4.47,
            "eps_4q_growth_year": 40.83,
            "roe": 6.5,
            "roe_4q": 23.54,
            "gross_profit": 1727952,
            "gross_margin": 19.16,
            "gross_margin_4q_avg": 17.94,
            "net_income": 1054232,
            "net_income_4q": null,
            "revenue": 9019850,
            "revenue_4q": null,
            "common_shares": 8243471,
            "book_valuer_per_share": 20.53,
            "book_valuer_per_share_4q_avg": 19.13,
            "equity": 17055747,
            "current_ratio": 142.57,
            "debt_ratio": 40.37,
            "inventory_turnover_ratio": 1.4,
            "account_receivable_turnover_ratio": null,
            "reinvestment_rate": -15.84,
            "research_to_sale_ratio": null,
            "price_fair": 128.1,
            "eps_avg_yearly": 3.66,
            "eps_latest_yearly": 5.36,
            "eps_growth_yearly": 101.3
        },
        "20071": {
            "year_quarter": 20071,
            "year": 2007,
            "quarter": 1,
            "eps": 1.17,
            "eps_growth_year": 50,
            "eps_4q": 4.58,
            "eps_4q_growth_year": 47.93,
            "roe": 5.5,
            "roe_4q": 24.869999999999997,
            "gross_profit": 1707819,
            "gross_margin": 19.09,
            "gross_margin_4q_avg": 18.45,
            "net_income": 1003690,
            "net_income_4q": null,
            "revenue": 8946859,
            "revenue_4q": null,
            "common_shares": 8841304,
            "book_valuer_per_share": 21.98,
            "book_valuer_per_share_4q_avg": 19.86,
            "equity": 19434773,
            "current_ratio": 159.9,
            "debt_ratio": 31.62,
            "inventory_turnover_ratio": 1.39,
            "account_receivable_turnover_ratio": null,
            "reinvestment_rate": -16.8,
            "research_to_sale_ratio": null,
            "price_fair": 137,
            "eps_avg_yearly": 3.91,
            "eps_latest_yearly": 4.68,
            "eps_growth_yearly": 94.25
        },
        "20072": {
            "year_quarter": 20072,
            "year": 2007,
            "quarter": 2,
            "eps": 1.3,
            "eps_growth_year": 4,
            "eps_4q": 4.67,
            "eps_4q_growth_year": 30.62,
            "roe": 6.08,
            "roe_4q": 24.229999999999997,
            "gross_profit": 1917247,
            "gross_margin": 18.64,
            "gross_margin_4q_avg": 18.46,
            "net_income": 1144446,
            "net_income_4q": null,
            "revenue": 10287811,
            "revenue_4q": null,
            "common_shares": 9117400,
            "book_valuer_per_share": 19.99,
            "book_valuer_per_share_4q_avg": 20.43,
            "equity": 18222567,
            "current_ratio": 124.66,
            "debt_ratio": 37.18,
            "inventory_turnover_ratio": 1.52,
            "account_receivable_turnover_ratio": null,
            "reinvestment_rate": -14.98,
            "research_to_sale_ratio": null,
            "price_fair": 140,
            "eps_avg_yearly": 4,
            "eps_latest_yearly": 5.2,
            "eps_growth_yearly": 90.93
        },
        "20073": {
            "year_quarter": 20073,
            "year": 2007,
            "quarter": 3,
            "eps": 1.23,
            "eps_growth_year": 5.13,
            "eps_4q": 4.8,
            "eps_4q_growth_year": 21.21,
            "roe": 5.79,
            "roe_4q": 23.87,
            "gross_profit": 1746836,
            "gross_margin": 17.14,
            "gross_margin_4q_avg": 18.51,
            "net_income": 1102591,
            "net_income_4q": null,
            "revenue": 10190010,
            "revenue_4q": null,
            "common_shares": 9374474,
            "book_valuer_per_share": 21.22,
            "book_valuer_per_share_4q_avg": 20.93,
            "equity": 19889853,
            "current_ratio": 139.17,
            "debt_ratio": 32.9,
            "inventory_turnover_ratio": 1.29,
            "account_receivable_turnover_ratio": null,
            "reinvestment_rate": -12.68,
            "research_to_sale_ratio": null,
            "price_fair": 142.01,
            "eps_avg_yearly": 4.06,
            "eps_latest_yearly": 4.92,
            "eps_growth_yearly": 83.9
        },
        "20074": {
            "year_quarter": 20074,
            "year": 2007,
            "quarter": 4,
            "eps": 1.25,
            "eps_growth_year": -6.72,
            "eps_4q": 4.83,
            "eps_4q_growth_year": 7.99,
            "roe": 5.51,
            "roe_4q": 22.880000000000003,
            "gross_profit": 1742027,
            "gross_margin": 16.1,
            "gross_margin_4q_avg": 17.74,
            "net_income": 1135543,
            "net_income_4q": null,
            "revenue": 10821109,
            "revenue_4q": null,
            "common_shares": 9438124,
            "book_valuer_per_share": 22.45,
            "book_valuer_per_share_4q_avg": 21.41,
            "equity": 21321446,
            "current_ratio": 146.83,
            "debt_ratio": 35.35,
            "inventory_turnover_ratio": 1.2,
            "account_receivable_turnover_ratio": null,
            "reinvestment_rate": -7.49,
            "research_to_sale_ratio": null,
            "price_fair": 150.41,
            "eps_avg_yearly": 4.3,
            "eps_latest_yearly": 5,
            "eps_growth_yearly": 71.15
        },
        "20081": {
            "year_quarter": 20081,
            "year": 2008,
            "quarter": 1,
            "eps": 1.4,
            "eps_growth_year": 19.66,
            "eps_4q": 4.99,
            "eps_4q_growth_year": 9.01,
            "roe": 6.02,
            "roe_4q": 23.4,
            "gross_profit": 2067306,
            "gross_margin": 18.12,
            "gross_margin_4q_avg": 17.5,
            "net_income": 1321508,
            "net_income_4q": null,
            "revenue": 11407786,
            "revenue_4q": null,
            "common_shares": 9438124,
            "book_valuer_per_share": 23.78,
            "book_valuer_per_share_4q_avg": 21.86,
            "equity": 22577455,
            "current_ratio": 158.61,
            "debt_ratio": 33.1,
            "inventory_turnover_ratio": 1.17,
            "account_receivable_turnover_ratio": null,
            "reinvestment_rate": -5.47,
            "research_to_sale_ratio": null,
            "price_fair": 139.58,
            "eps_avg_yearly": 4.42,
            "eps_latest_yearly": 5.6,
            "eps_growth_yearly": 21.56
        },
        "20082": {
            "year_quarter": 20082,
            "year": 2008,
            "quarter": 2,
            "eps": 1.23,
            "eps_growth_year": -5.38,
            "eps_4q": 5.03,
            "eps_4q_growth_year": 7.63,
            "roe": 5.33,
            "roe_4q": 22.65,
            "gross_profit": 2265244,
            "gross_margin": 15.8,
            "gross_margin_4q_avg": 16.79,
            "net_income": 1156891,
            "net_income_4q": null,
            "revenue": 14341065,
            "revenue_4q": null,
            "common_shares": 9438124,
            "book_valuer_per_share": 21.87,
            "book_valuer_per_share_4q_avg": 22.33,
            "equity": 20857683,
            "current_ratio": 142.84,
            "debt_ratio": 50.69,
            "inventory_turnover_ratio": 1.19,
            "account_receivable_turnover_ratio": null,
            "reinvestment_rate": -2.85,
            "research_to_sale_ratio": null,
            "price_fair": 92.02,
            "eps_avg_yearly": 4.44,
            "eps_latest_yearly": 4.92,
            "eps_growth_yearly": 10.75
        },
        "20083": {
            "year_quarter": 20083,
            "year": 2008,
            "quarter": 3,
            "eps": 1.09,
            "eps_growth_year": -11.38,
            "eps_4q": 4.94,
            "eps_4q_growth_year": 2.78,
            "roe": 4.84,
            "roe_4q": 21.699999999999996,
            "gross_profit": 2293243,
            "gross_margin": 17.24,
            "gross_margin_4q_avg": 16.82,
            "net_income": 1028556,
            "net_income_4q": null,
            "revenue": 13304140,
            "revenue_4q": null,
            "common_shares": 9438124,
            "book_valuer_per_share": 22.68,
            "book_valuer_per_share_4q_avg": 22.7,
            "equity": 21615169,
            "current_ratio": 150.15,
            "debt_ratio": 47.66,
            "inventory_turnover_ratio": 0.83,
            "account_receivable_turnover_ratio": null,
            "reinvestment_rate": -1.76,
            "research_to_sale_ratio": null,
            "price_fair": 49.13,
            "eps_avg_yearly": 4.34,
            "eps_latest_yearly": 4.36,
            "eps_growth_yearly": 1.33
        },
        "20084": {
            "year_quarter": 20084,
            "year": 2008,
            "quarter": 4,
            "eps": -1.93,
            "eps_growth_year": -254.4,
            "eps_4q": 1.85,
            "eps_4q_growth_year": -61.68,
            "roe": -8.8,
            "roe_4q": 7.389999999999999,
            "gross_profit": -1270050,
            "gross_margin": -9.91,
            "gross_margin_4q_avg": 10.31,
            "net_income": -1771461,
            "net_income_4q": null,
            "revenue": 12817066,
            "revenue_4q": null,
            "common_shares": 8738124,
            "book_valuer_per_share": 21.18,
            "book_valuer_per_share_4q_avg": 22.38,
            "equity": 18644731,
            "current_ratio": 136.39,
            "debt_ratio": 43.32,
            "inventory_turnover_ratio": 1.33,
            "account_receivable_turnover_ratio": null,
            "reinvestment_rate": -0.78,
            "research_to_sale_ratio": null,
            "price_fair": 98.91,
            "eps_avg_yearly": 4.39,
            "eps_latest_yearly": 4.36,
            "eps_growth_yearly": 12.52
        },
        "20091": {
            "year_quarter": 20091,
            "year": 2009,
            "quarter": 1,
            "eps": 0.26,
            "eps_growth_year": -81.43,
            "eps_4q": 0.71,
            "eps_4q_growth_year": -85.68,
            "roe": 1.22,
            "roe_4q": 2.589999999999999,
            "gross_profit": 543975,
            "gross_margin": 12.01,
            "gross_margin_4q_avg": 8.79,
            "net_income": 229486,
            "net_income_4q": null,
            "revenue": 4528395,
            "revenue_4q": null,
            "common_shares": 8738124,
            "book_valuer_per_share": 21.55,
            "book_valuer_per_share_4q_avg": 21.82,
            "equity": 18982498,
            "current_ratio": 143.74,
            "debt_ratio": 40.16,
            "inventory_turnover_ratio": 0.57,
            "account_receivable_turnover_ratio": 3.43,
            "reinvestment_rate": 4.01,
            "research_to_sale_ratio": null,
            "price_fair": 81.61,
            "eps_avg_yearly": 4.41,
            "eps_latest_yearly": 4.36,
            "eps_growth_yearly": 8.49
        },
        "20092": {
            "year_quarter": 20092,
            "year": 2009,
            "quarter": 2,
            "eps": 0.15,
            "eps_growth_year": -87.8,
            "eps_4q": -0.45,
            "eps_4q_growth_year": -109.03,
            "roe": 0.72,
            "roe_4q": -2.0200000000000014,
            "gross_profit": 387770,
            "gross_margin": 8.08,
            "gross_margin_4q_avg": 6.86,
            "net_income": 132443,
            "net_income_4q": null,
            "revenue": 4798865,
            "revenue_4q": null,
            "common_shares": 8738124,
            "book_valuer_per_share": 20.15,
            "book_valuer_per_share_4q_avg": 21.39,
            "equity": 17755826,
            "current_ratio": 122.91,
            "debt_ratio": 43.43,
            "inventory_turnover_ratio": 0.68,
            "account_receivable_turnover_ratio": 1.69,
            "reinvestment_rate": 9.99,
            "research_to_sale_ratio": null,
            "price_fair": 60.47,
            "eps_avg_yearly": 4.25,
            "eps_latest_yearly": 0.6,
            "eps_growth_yearly": 4.24
        },
        "20093": {
            "year_quarter": 20093,
            "year": 2009,
            "quarter": 3,
            "eps": 0.33,
            "eps_growth_year": -69.72,
            "eps_4q": -1.25,
            "eps_4q_growth_year": -125.33,
            "roe": 1.61,
            "roe_4q": -5.250000000000001,
            "gross_profit": 673685,
            "gross_margin": 10.63,
            "gross_margin_4q_avg": 5.2,
            "net_income": 298946,
            "net_income_4q": null,
            "revenue": 6339748,
            "revenue_4q": null,
            "common_shares": 9473705,
            "book_valuer_per_share": 20.31,
            "book_valuer_per_share_4q_avg": 20.8,
            "equity": 19385872,
            "current_ratio": 148.06,
            "debt_ratio": 47.17,
            "inventory_turnover_ratio": 0.89,
            "account_receivable_turnover_ratio": 1.99,
            "reinvestment_rate": 19.76,
            "research_to_sale_ratio": null,
            "price_fair": 144.7,
            "eps_avg_yearly": 4.13,
            "eps_latest_yearly": 1.32,
            "eps_growth_yearly": 39.3
        },
        "20094": {
            "year_quarter": 20094,
            "year": 2009,
            "quarter": 4,
            "eps": 0.24,
            "eps_growth_year": null,
            "eps_4q": 0.96,
            "eps_4q_growth_year": -48.03,
            "roe": 1.12,
            "roe_4q": 4.67,
            "gross_profit": 735877,
            "gross_margin": 8.89,
            "gross_margin_4q_avg": 9.9,
            "net_income": 219404,
            "net_income_4q": null,
            "revenue": 8282001,
            "revenue_4q": null,
            "common_shares": 9501896,
            "book_valuer_per_share": 20.74,
            "book_valuer_per_share_4q_avg": 20.69,
            "equity": 19856558,
            "current_ratio": 125.54,
            "debt_ratio": 49.1,
            "inventory_turnover_ratio": 0.96,
            "account_receivable_turnover_ratio": 2.68,
            "reinvestment_rate": 37.77,
            "research_to_sale_ratio": null,
            "price_fair": 139.3,
            "eps_avg_yearly": 3.98,
            "eps_latest_yearly": 0.96,
            "eps_growth_yearly": 29.13
        },
        "20101": {
            "year_quarter": 20101,
            "year": 2010,
            "quarter": 1,
            "eps": 0.22,
            "eps_growth_year": -15.38,
            "eps_4q": 0.89,
            "eps_4q_growth_year": 24.08,
            "roe": 1,
            "roe_4q": 4.45,
            "gross_profit": 560797,
            "gross_margin": 7.31,
            "gross_margin_4q_avg": 8.73,
            "net_income": 202438,
            "net_income_4q": null,
            "revenue": 7667116,
            "revenue_4q": null,
            "common_shares": 9700797,
            "book_valuer_per_share": 20.95,
            "book_valuer_per_share_4q_avg": 20.54,
            "equity": 20461500,
            "current_ratio": 122.05,
            "debt_ratio": 48.05,
            "inventory_turnover_ratio": 0.81,
            "account_receivable_turnover_ratio": 4.48,
            "reinvestment_rate": 93.34,
            "research_to_sale_ratio": null,
            "price_fair": 133.7,
            "eps_avg_yearly": 3.82,
            "eps_latest_yearly": 0.88,
            "eps_growth_yearly": 26.75
        },
        "20102": {
            "year_quarter": 20102,
            "year": 2010,
            "quarter": 2,
            "eps": 0.61,
            "eps_growth_year": 305.57,
            "eps_4q": 1.35,
            "eps_4q_growth_year": null,
            "roe": 2.95,
            "roe_4q": 6.680000000000001,
            "gross_profit": 1105676,
            "gross_margin": 10.61,
            "gross_margin_4q_avg": 9.36,
            "net_income": 599707,
            "net_income_4q": null,
            "revenue": 10425043,
            "revenue_4q": null,
            "common_shares": 9761784,
            "book_valuer_per_share": 20.53,
            "book_valuer_per_share_4q_avg": 20.63,
            "equity": 20189733,
            "current_ratio": 113.3,
            "debt_ratio": 48.99,
            "inventory_turnover_ratio": 1.09,
            "account_receivable_turnover_ratio": 3.32,
            "reinvestment_rate": 111.74,
            "research_to_sale_ratio": null,
            "price_fair": 127.3,
            "eps_avg_yearly": 3.64,
            "eps_latest_yearly": 2.44,
            "eps_growth_yearly": 60.18
        },
        "20103": {
            "year_quarter": 20103,
            "year": 2010,
            "quarter": 3,
            "eps": -0.03,
            "eps_growth_year": -110.54,
            "eps_4q": 1.01,
            "eps_4q_growth_year": null,
            "roe": -0.23,
            "roe_4q": 4.84,
            "gross_profit": 337205,
            "gross_margin": 4.5,
            "gross_margin_4q_avg": 7.83,
            "net_income": -46011,
            "net_income_4q": null,
            "revenue": 7485641,
            "revenue_4q": null,
            "common_shares": 9761784,
            "book_valuer_per_share": 20.54,
            "book_valuer_per_share_4q_avg": 20.69,
            "equity": 20221287,
            "current_ratio": 112.32,
            "debt_ratio": 50.32,
            "inventory_turnover_ratio": 0.79,
            "account_receivable_turnover_ratio": 2.64,
            "reinvestment_rate": 129.17,
            "research_to_sale_ratio": null,
            "price_fair": 124.49,
            "eps_avg_yearly": 3.56,
            "eps_latest_yearly": 2.44,
            "eps_growth_yearly": 66.78
        },
        "20104": {
            "year_quarter": 20104,
            "year": 2010,
            "quarter": 4,
            "eps": 0.5,
            "eps_growth_year": 109.4,
            "eps_4q": 1.29,
            "eps_4q_growth_year": 34.25,
            "roe": 2.42,
            "roe_4q": 6.140000000000001,
            "gross_profit": 979680,
            "gross_margin": 10.82,
            "gross_margin_4q_avg": 8.31,
            "net_income": 494953,
            "net_income_4q": null,
            "revenue": 9057396,
            "revenue_4q": null,
            "common_shares": 9761784,
            "book_valuer_per_share": 20.92,
            "book_valuer_per_share_4q_avg": 20.74,
            "equity": 20601264,
            "current_ratio": 129.41,
            "debt_ratio": 50.14,
            "inventory_turnover_ratio": 0.84,
            "account_receivable_turnover_ratio": 2.95,
            "reinvestment_rate": 139.84,
            "research_to_sale_ratio": null,
            "price_fair": 119.23,
            "eps_avg_yearly": 3.41,
            "eps_latest_yearly": 2.44,
            "eps_growth_yearly": 67.5
        },
        "20111": {
            "year_quarter": 20111,
            "year": 2011,
            "quarter": 1,
            "eps": 0.8,
            "eps_growth_year": 263.64,
            "eps_4q": 1.88,
            "eps_4q_growth_year": 112.15,
            "roe": 3.71,
            "roe_4q": 8.85,
            "gross_profit": 1217255,
            "gross_margin": 11.76,
            "gross_margin_4q_avg": 9.42,
            "net_income": 780220,
            "net_income_4q": null,
            "revenue": 10349671,
            "revenue_4q": null,
            "common_shares": 9762959,
            "book_valuer_per_share": 21.81,
            "book_valuer_per_share_4q_avg": 20.95,
            "equity": 21489271,
            "current_ratio": 140.53,
            "debt_ratio": 46.74,
            "inventory_turnover_ratio": 0.96,
            "account_receivable_turnover_ratio": 3.11,
            "reinvestment_rate": 149.95,
            "research_to_sale_ratio": null,
            "price_fair": 114.92,
            "eps_avg_yearly": 3.28,
            "eps_latest_yearly": 3.2,
            "eps_growth_yearly": 91.73
        },
        "20112": {
            "year_quarter": 20112,
            "year": 2011,
            "quarter": 2,
            "eps": 0.79,
            "eps_growth_year": 30.34,
            "eps_4q": 2.06,
            "eps_4q_growth_year": 52.64,
            "roe": 3.62,
            "roe_4q": 9.52,
            "gross_profit": 1319289,
            "gross_margin": 9.94,
            "gross_margin_4q_avg": 9.26,
            "net_income": 768434,
            "net_income_4q": null,
            "revenue": 13275454,
            "revenue_4q": null,
            "common_shares": 9762959,
            "book_valuer_per_share": 21.32,
            "book_valuer_per_share_4q_avg": 21.15,
            "equity": 21004302,
            "current_ratio": 130.35,
            "debt_ratio": 50.08,
            "inventory_turnover_ratio": 1.17,
            "account_receivable_turnover_ratio": 3.91,
            "reinvestment_rate": 158.14,
            "research_to_sale_ratio": null,
            "price_fair": 108.97,
            "eps_avg_yearly": 3.11,
            "eps_latest_yearly": 3.16,
            "eps_growth_yearly": 87.61
        },
        "20113": {
            "year_quarter": 20113,
            "year": 2011,
            "quarter": 3,
            "eps": 0.81,
            "eps_growth_year": null,
            "eps_4q": 2.9,
            "eps_4q_growth_year": 187.52,
            "roe": 3.72,
            "roe_4q": 13.47,
            "gross_profit": 1223647,
            "gross_margin": 11.84,
            "gross_margin_4q_avg": 11.09,
            "net_income": 796292,
            "net_income_4q": null,
            "revenue": 10338203,
            "revenue_4q": null,
            "common_shares": 9809291,
            "book_valuer_per_share": 22.09,
            "book_valuer_per_share_4q_avg": 21.54,
            "equity": 21860045,
            "current_ratio": 122.57,
            "debt_ratio": 47.95,
            "inventory_turnover_ratio": 0.84,
            "account_receivable_turnover_ratio": 2.89,
            "reinvestment_rate": 164.37,
            "research_to_sale_ratio": null,
            "price_fair": 104.07,
            "eps_avg_yearly": 2.97,
            "eps_latest_yearly": 3.24,
            "eps_growth_yearly": 90.25
        },
        "20114": {
            "year_quarter": 20114,
            "year": 2011,
            "quarter": 4,
            "eps": 0.33,
            "eps_growth_year": -34.47,
            "eps_4q": 2.73,
            "eps_4q_growth_year": 111.57,
            "roe": 1.45,
            "roe_4q": 12.5,
            "gross_profit": 951029,
            "gross_margin": 9.36,
            "gross_margin_4q_avg": 10.73,
            "net_income": 318767,
            "net_income_4q": null,
            "revenue": 10161155,
            "revenue_4q": null,
            "common_shares": 9809291,
            "book_valuer_per_share": 22.41,
            "book_valuer_per_share_4q_avg": 21.91,
            "equity": 22172281,
            "current_ratio": 127.07,
            "debt_ratio": 47.89,
            "inventory_turnover_ratio": 0.86,
            "account_receivable_turnover_ratio": 2.6,
            "reinvestment_rate": 178.75,
            "research_to_sale_ratio": null,
            "price_fair": 93.33,
            "eps_avg_yearly": 2.67,
            "eps_latest_yearly": 1.32,
            "eps_growth_yearly": 69.95
        },
        "20121": {
            "year_quarter": 20121,
            "year": 2012,
            "quarter": 1,
            "eps": 0.5,
            "eps_growth_year": -37.5,
            "eps_4q": 2.43,
            "eps_4q_growth_year": 29.11,
            "roe": 2.14,
            "roe_4q": 10.93,
            "gross_profit": 1007790,
            "gross_margin": 9.97,
            "gross_margin_4q_avg": 10.28,
            "net_income": 480329,
            "net_income_4q": null,
            "revenue": 10105057,
            "revenue_4q": null,
            "common_shares": 9809291,
            "book_valuer_per_share": 22.94,
            "book_valuer_per_share_4q_avg": 22.19,
            "equity": 22680780,
            "current_ratio": 132.75,
            "debt_ratio": 46.85,
            "inventory_turnover_ratio": 0.83,
            "account_receivable_turnover_ratio": 2.47,
            "reinvestment_rate": 202.04,
            "research_to_sale_ratio": null,
            "price_fair": 82.83,
            "eps_avg_yearly": 2.37,
            "eps_latest_yearly": 2,
            "eps_growth_yearly": 83.12
        },
        "20122": {
            "year_quarter": 20122,
            "year": 2012,
            "quarter": 2,
            "eps": 0.58,
            "eps_growth_year": -26.86,
            "eps_4q": 2.22,
            "eps_4q_growth_year": 7.42,
            "roe": 2.53,
            "roe_4q": 9.84,
            "gross_profit": 1160990,
            "gross_margin": 10.64,
            "gross_margin_4q_avg": 10.45,
            "net_income": 560082,
            "net_income_4q": null,
            "revenue": 10915812,
            "revenue_4q": null,
            "common_shares": 9809500,
            "book_valuer_per_share": 21.84,
            "book_valuer_per_share_4q_avg": 22.32,
            "equity": 21598332,
            "current_ratio": 122.17,
            "debt_ratio": 50.15,
            "inventory_turnover_ratio": 0.85,
            "account_receivable_turnover_ratio": 2.58,
            "reinvestment_rate": 216.77,
            "research_to_sale_ratio": null,
            "price_fair": 75.25,
            "eps_avg_yearly": 2.15,
            "eps_latest_yearly": 2.32,
            "eps_growth_yearly": 92.5
        },
        "20123": {
            "year_quarter": 20123,
            "year": 2012,
            "quarter": 3,
            "eps": 0.28,
            "eps_growth_year": -64.97,
            "eps_4q": 1.68,
            "eps_4q_growth_year": -42.11,
            "roe": 1.24,
            "roe_4q": 7.36,
            "gross_profit": 800288,
            "gross_margin": 8.65,
            "gross_margin_4q_avg": 9.66,
            "net_income": 271036,
            "net_income_4q": null,
            "revenue": 9250300,
            "revenue_4q": null,
            "common_shares": 9874987,
            "book_valuer_per_share": 22.1,
            "book_valuer_per_share_4q_avg": 22.32,
            "equity": 21990629,
            "current_ratio": 129.41,
            "debt_ratio": 48.67,
            "inventory_turnover_ratio": 0.69,
            "account_receivable_turnover_ratio": 2.33,
            "reinvestment_rate": 244.54,
            "research_to_sale_ratio": null,
            "price_fair": 65.8,
            "eps_avg_yearly": 1.88,
            "eps_latest_yearly": 1.12,
            "eps_growth_yearly": 79.06
        },
        "20124": {
            "year_quarter": 20124,
            "year": 2012,
            "quarter": 4,
            "eps": 0.42,
            "eps_growth_year": 26.11,
            "eps_4q": 1.76,
            "eps_4q_growth_year": -35.47,
            "roe": 1.8,
            "roe_4q": 7.710000000000001,
            "gross_profit": 981054,
            "gross_margin": 10.42,
            "gross_margin_4q_avg": 9.92,
            "net_income": 402022,
            "net_income_4q": null,
            "revenue": 9411706,
            "revenue_4q": null,
            "common_shares": 9917712,
            "book_valuer_per_share": 22.77,
            "book_valuer_per_share_4q_avg": 22.41,
            "equity": 22710825,
            "current_ratio": 157,
            "debt_ratio": 44.41,
            "inventory_turnover_ratio": 0.7,
            "account_receivable_turnover_ratio": 2.53,
            "reinvestment_rate": 155.21,
            "research_to_sale_ratio": null,
            "price_fair": 65.26,
            "eps_avg_yearly": 1.86,
            "eps_latest_yearly": 1.68,
            "eps_growth_yearly": 88.36
        },
        "20131": {
            "year_quarter": 20131,
            "year": 2013,
            "quarter": 1,
            "eps": 0.51,
            "eps_growth_year": 2,
            "eps_4q": 1.78,
            "eps_4q_growth_year": -26.75,
            "roe": 2.23,
            "roe_4q": 7.800000000000001,
            "gross_profit": 906575,
            "gross_margin": 10.07,
            "gross_margin_4q_avg": 9.95,
            "net_income": 509193,
            "net_income_4q": null,
            "revenue": 9002056,
            "revenue_4q": null,
            "common_shares": 9981468,
            "book_valuer_per_share": 22.78,
            "book_valuer_per_share_4q_avg": 22.37,
            "equity": 22862366,
            "current_ratio": 169.26,
            "debt_ratio": 43.87,
            "inventory_turnover_ratio": 0.71,
            "account_receivable_turnover_ratio": 2.35,
            "reinvestment_rate": 122.69,
            "research_to_sale_ratio": null,
            "price_fair": 65.7,
            "eps_avg_yearly": 1.88,
            "eps_latest_yearly": 2.04,
            "eps_growth_yearly": 88.17
        },
        "20132": {
            "year_quarter": 20132,
            "year": 2013,
            "quarter": 2,
            "eps": 0.51,
            "eps_growth_year": -12.06,
            "eps_4q": 1.71,
            "eps_4q_growth_year": -22.74,
            "roe": 2.21,
            "roe_4q": 7.4799999999999995,
            "gross_profit": 899799,
            "gross_margin": 10.18,
            "gross_margin_4q_avg": 9.83,
            "net_income": 496944,
            "net_income_4q": null,
            "revenue": 8839943,
            "revenue_4q": null,
            "common_shares": 9982021,
            "book_valuer_per_share": 21.96,
            "book_valuer_per_share_4q_avg": 22.4,
            "equity": 22044217,
            "current_ratio": 175.68,
            "debt_ratio": 42.48,
            "inventory_turnover_ratio": 0.73,
            "account_receivable_turnover_ratio": 2.5,
            "reinvestment_rate": 102.17,
            "research_to_sale_ratio": null,
            "price_fair": 69.3,
            "eps_avg_yearly": 1.98,
            "eps_latest_yearly": 2.04,
            "eps_growth_yearly": 100.26
        },
        "20133": {
            "year_quarter": 20133,
            "year": 2013,
            "quarter": 3,
            "eps": 0.51,
            "eps_growth_year": 79.11,
            "eps_4q": 1.94,
            "eps_4q_growth_year": 15.54,
            "roe": 2.26,
            "roe_4q": 8.5,
            "gross_profit": 817046,
            "gross_margin": 10.32,
            "gross_margin_4q_avg": 10.25,
            "net_income": 503946,
            "net_income_4q": null,
            "revenue": 7915101,
            "revenue_4q": null,
            "common_shares": 9982021,
            "book_valuer_per_share": 22.51,
            "book_valuer_per_share_4q_avg": 22.51,
            "equity": 22585411,
            "current_ratio": 176.5,
            "debt_ratio": 41.64,
            "inventory_turnover_ratio": 0.68,
            "account_receivable_turnover_ratio": 2.4,
            "reinvestment_rate": 85.73,
            "research_to_sale_ratio": null,
            "price_fair": 71.1,
            "eps_avg_yearly": 2.03,
            "eps_latest_yearly": 2.04,
            "eps_growth_yearly": 65.97
        },
        "20134": {
            "year_quarter": 20134,
            "year": 2013,
            "quarter": 4,
            "eps": 0.59,
            "eps_growth_year": 42.65,
            "eps_4q": 2.12,
            "eps_4q_growth_year": 20.34,
            "roe": 2.57,
            "roe_4q": 9.27,
            "gross_profit": 1079650,
            "gross_margin": 11.53,
            "gross_margin_4q_avg": 10.53,
            "net_income": 590067,
            "net_income_4q": null,
            "revenue": 9362113,
            "revenue_4q": null,
            "common_shares": 9982021,
            "book_valuer_per_share": 23.18,
            "book_valuer_per_share_4q_avg": 22.61,
            "equity": 23254346,
            "current_ratio": 178.33,
            "debt_ratio": 41.75,
            "inventory_turnover_ratio": 0.8,
            "account_receivable_turnover_ratio": 2.53,
            "reinvestment_rate": 53.24,
            "research_to_sale_ratio": null,
            "price_fair": 74.6,
            "eps_avg_yearly": 2.13,
            "eps_latest_yearly": 2.36,
            "eps_growth_yearly": 78.25
        },
        "20141": {
            "year_quarter": 20141,
            "year": 2014,
            "quarter": 1,
            "eps": 0.43,
            "eps_growth_year": -15.69,
            "eps_4q": 2.04,
            "eps_4q_growth_year": 14.76,
            "roe": 1.83,
            "roe_4q": 8.870000000000001,
            "gross_profit": 732137,
            "gross_margin": 8.75,
            "gross_margin_4q_avg": 10.2,
            "net_income": 428179,
            "net_income_4q": null,
            "revenue": 8365359,
            "revenue_4q": null,
            "common_shares": 9982021,
            "book_valuer_per_share": 23.52,
            "book_valuer_per_share_4q_avg": 22.79,
            "equity": 23590972,
            "current_ratio": 192.9,
            "debt_ratio": 39.63,
            "inventory_turnover_ratio": 0.8,
            "account_receivable_turnover_ratio": 2.17,
            "reinvestment_rate": -11.22,
            "research_to_sale_ratio": null,
            "price_fair": 76.7,
            "eps_avg_yearly": 2.19,
            "eps_latest_yearly": 1.72,
            "eps_growth_yearly": 72.88
        },
        "20142": {
            "year_quarter": 20142,
            "year": 2014,
            "quarter": 2,
            "eps": 0.42,
            "eps_growth_year": -17.65,
            "eps_4q": 1.96,
            "eps_4q_growth_year": 14.27,
            "roe": 1.83,
            "roe_4q": 8.49,
            "gross_profit": 767938,
            "gross_margin": 8.01,
            "gross_margin_4q_avg": 9.65,
            "net_income": 419557,
            "net_income_4q": null,
            "revenue": 9581773,
            "revenue_4q": null,
            "common_shares": 9982021,
            "book_valuer_per_share": 22.28,
            "book_valuer_per_share_4q_avg": 22.87,
            "equity": 22349797,
            "current_ratio": 161.54,
            "debt_ratio": 44.12,
            "inventory_turnover_ratio": 1.01,
            "account_receivable_turnover_ratio": 2.49,
            "reinvestment_rate": -29.99,
            "research_to_sale_ratio": null,
            "price_fair": 67.46,
            "eps_avg_yearly": 2.14,
            "eps_latest_yearly": 1.68,
            "eps_growth_yearly": 21.57
        },
        "20143": {
            "year_quarter": 20143,
            "year": 2014,
            "quarter": 3,
            "eps": 0.29,
            "eps_growth_year": -43.14,
            "eps_4q": 1.74,
            "eps_4q_growth_year": -10.5,
            "roe": 1.28,
            "roe_4q": 7.51,
            "gross_profit": 588911,
            "gross_margin": 6.93,
            "gross_margin_4q_avg": 8.81,
            "net_income": 287621,
            "net_income_4q": null,
            "revenue": 8502917,
            "revenue_4q": null,
            "common_shares": 9982215,
            "book_valuer_per_share": 22.58,
            "book_valuer_per_share_4q_avg": 22.89,
            "equity": 22645948,
            "current_ratio": 183.81,
            "debt_ratio": 40.01,
            "inventory_turnover_ratio": 0.93,
            "account_receivable_turnover_ratio": 2.16,
            "reinvestment_rate": -37.8,
            "research_to_sale_ratio": null,
            "price_fair": 45.33,
            "eps_avg_yearly": 2.07,
            "eps_latest_yearly": 1.16,
            "eps_growth_yearly": 11.88
        },
        "20144": {
            "year_quarter": 20144,
            "year": 2014,
            "quarter": 4,
            "eps": -0.08,
            "eps_growth_year": -113.74,
            "eps_4q": 1.06,
            "eps_4q_growth_year": -49.86,
            "roe": -0.35,
            "roe_4q": 4.59,
            "gross_profit": 798811,
            "gross_margin": 8.46,
            "gross_margin_4q_avg": 8.04,
            "net_income": -80875,
            "net_income_4q": null,
            "revenue": 9442136,
            "revenue_4q": null,
            "common_shares": 9982215,
            "book_valuer_per_share": 23.05,
            "book_valuer_per_share_4q_avg": 22.86,
            "equity": 23119996,
            "current_ratio": 147.55,
            "debt_ratio": 39.71,
            "inventory_turnover_ratio": 0.99,
            "account_receivable_turnover_ratio": 2.43,
            "reinvestment_rate": -51.35,
            "research_to_sale_ratio": null,
            "price_fair": 45.33,
            "eps_avg_yearly": 2.07,
            "eps_latest_yearly": 1.16,
            "eps_growth_yearly": 11.88
        },
        "20151": {
            "year_quarter": 20151,
            "year": 2015,
            "quarter": 1,
            "eps": 0.4,
            "eps_growth_year": -6.98,
            "eps_4q": 1.03,
            "eps_4q_growth_year": -49.31,
            "roe": 1.7,
            "roe_4q": 4.46,
            "gross_profit": 754869,
            "gross_margin": 8.95,
            "gross_margin_4q_avg": 8.09,
            "net_income": 398445,
            "net_income_4q": null,
            "revenue": 8434705,
            "revenue_4q": null,
            "common_shares": 9982215,
            "book_valuer_per_share": 23.58,
            "book_valuer_per_share_4q_avg": 22.87,
            "equity": 23644949,
            "current_ratio": 150.11,
            "debt_ratio": 37.33,
            "inventory_turnover_ratio": 0.93,
            "account_receivable_turnover_ratio": 2.09,
            "reinvestment_rate": -53.86,
            "research_to_sale_ratio": null,
            "price_fair": 5.97,
            "eps_avg_yearly": 1.99,
            "eps_latest_yearly": 1.16,
            "eps_growth_yearly": -4.42
        },
        "20152": {
            "year_quarter": 20152,
            "year": 2015,
            "quarter": 2,
            "eps": 0.36,
            "eps_growth_year": -14.29,
            "eps_4q": 0.97,
            "eps_4q_growth_year": -50.29,
            "roe": 1.54,
            "roe_4q": 4.17,
            "gross_profit": 807523,
            "gross_margin": 9.8,
            "gross_margin_4q_avg": 8.54,
            "net_income": 355999,
            "net_income_4q": null,
            "revenue": 8243216,
            "revenue_4q": null,
            "common_shares": 9982215,
            "book_valuer_per_share": 22.6,
            "book_valuer_per_share_4q_avg": 22.95,
            "equity": 22662187,
            "current_ratio": 132.91,
            "debt_ratio": 41.41,
            "inventory_turnover_ratio": 0.93,
            "account_receivable_turnover_ratio": 2.05,
            "reinvestment_rate": -57.77,
            "research_to_sale_ratio": null,
            "price_fair": 5.61,
            "eps_avg_yearly": 1.87,
            "eps_latest_yearly": 1.44,
            "eps_growth_yearly": -6.92
        },
        "20153": {
            "year_quarter": 20153,
            "year": 2015,
            "quarter": 3,
            "eps": 0.15,
            "eps_growth_year": -48.28,
            "eps_4q": 0.84,
            "eps_4q_growth_year": -51.86,
            "roe": 0.64,
            "roe_4q": 3.53,
            "gross_profit": 531754,
            "gross_margin": 7.95,
            "gross_margin_4q_avg": 8.79,
            "net_income": 144399,
            "net_income_4q": null,
            "revenue": 6692316,
            "revenue_4q": null,
            "common_shares": 9982215,
            "book_valuer_per_share": 22.75,
            "book_valuer_per_share_4q_avg": 23,
            "equity": 22804008,
            "current_ratio": 142.95,
            "debt_ratio": 37.7,
            "inventory_turnover_ratio": 0.82,
            "account_receivable_turnover_ratio": 1.77,
            "reinvestment_rate": -67.77,
            "research_to_sale_ratio": null,
            "price_fair": 5.04,
            "eps_avg_yearly": 1.68,
            "eps_latest_yearly": 0.6,
            "eps_growth_yearly": -24.31
        },
        "20154": {
            "year_quarter": 20154,
            "year": 2015,
            "quarter": 4,
            "eps": 0.35,
            "eps_growth_year": null,
            "eps_4q": 1.27,
            "eps_4q_growth_year": 19.55,
            "roe": 1.51,
            "roe_4q": 5.39,
            "gross_profit": 939658,
            "gross_margin": 12.23,
            "gross_margin_4q_avg": 9.73,
            "net_income": 346836,
            "net_income_4q": null,
            "revenue": 7683175,
            "revenue_4q": null,
            "common_shares": 9982215,
            "book_valuer_per_share": 23.03,
            "book_valuer_per_share_4q_avg": 22.99,
            "equity": 23076017,
            "current_ratio": 155.58,
            "debt_ratio": 36.04,
            "inventory_turnover_ratio": 1.1,
            "account_receivable_turnover_ratio": 2.04,
            "reinvestment_rate": -75.98,
            "research_to_sale_ratio": null,
            "price_fair": 59,
            "eps_avg_yearly": 1.69,
            "eps_latest_yearly": 1.4,
            "eps_growth_yearly": 30.72
        },
        "20161": {
            "year_quarter": 20161,
            "year": 2016,
            "quarter": 1,
            "eps": 0.21,
            "eps_growth_year": -47.5,
            "eps_4q": 1.08,
            "eps_4q_growth_year": 4.56,
            "roe": 0.89,
            "roe_4q": 4.58,
            "gross_profit": 620927,
            "gross_margin": 10.3,
            "gross_margin_4q_avg": 10.07,
            "net_income": 206671,
            "net_income_4q": null,
            "revenue": 6029433,
            "revenue_4q": null,
            "common_shares": 9982215,
            "book_valuer_per_share": 23.38,
            "book_valuer_per_share_4q_avg": 22.94,
            "equity": 23418454,
            "current_ratio": 135.34,
            "debt_ratio": 35.99,
            "inventory_turnover_ratio": 1.08,
            "account_receivable_turnover_ratio": 1.61,
            "reinvestment_rate": -50.78,
            "research_to_sale_ratio": null,
            "price_fair": 23.35,
            "eps_avg_yearly": 1.6,
            "eps_latest_yearly": 0.84,
            "eps_growth_yearly": 4.57
        },
        "20162": {
            "year_quarter": 20162,
            "year": 2016,
            "quarter": 2,
            "eps": 0.69,
            "eps_growth_year": 91.67,
            "eps_4q": 1.41,
            "eps_4q_growth_year": 44.56,
            "roe": 2.97,
            "roe_4q": 6.01,
            "gross_profit": 1032442,
            "gross_margin": 14.41,
            "gross_margin_4q_avg": 11.22,
            "net_income": 689496,
            "net_income_4q": null,
            "revenue": 7167110,
            "revenue_4q": null,
            "common_shares": 9982215,
            "book_valuer_per_share": 22.89,
            "book_valuer_per_share_4q_avg": 23.01,
            "equity": 22943415,
            "current_ratio": 130.93,
            "debt_ratio": 36.64,
            "inventory_turnover_ratio": 1.17,
            "account_receivable_turnover_ratio": 2.17,
            "reinvestment_rate": -47.81,
            "research_to_sale_ratio": null,
            "price_fair": 57.2,
            "eps_avg_yearly": 1.63,
            "eps_latest_yearly": 2.76,
            "eps_growth_yearly": 65.3
        },
        "20163": {
            "year_quarter": 20163,
            "year": 2016,
            "quarter": 3,
            "eps": 0.3,
            "eps_growth_year": 100,
            "eps_4q": 1.55,
            "eps_4q_growth_year": 85.88,
            "roe": 1.29,
            "roe_4q": 6.659999999999999,
            "gross_profit": 607241,
            "gross_margin": 10.41,
            "gross_margin_4q_avg": 11.84,
            "net_income": 299052,
            "net_income_4q": null,
            "revenue": 5834073,
            "revenue_4q": null,
            "common_shares": 9982215,
            "book_valuer_per_share": 23.37,
            "book_valuer_per_share_4q_avg": 23.17,
            "equity": 23416568,
            "current_ratio": 138.8,
            "debt_ratio": 35.91,
            "inventory_turnover_ratio": 0.85,
            "account_receivable_turnover_ratio": 1.96,
            "reinvestment_rate": -36.42,
            "research_to_sale_ratio": null,
            "price_fair": 57.4,
            "eps_avg_yearly": 1.64,
            "eps_latest_yearly": 1.2,
            "eps_growth_yearly": 63.93
        },
        "20164": {
            "year_quarter": 20164,
            "year": 2016,
            "quarter": 4,
            "eps": 0.29,
            "eps_growth_year": -19.06,
            "eps_4q": 1.49,
            "eps_4q_growth_year": 16.99,
            "roe": 1.21,
            "roe_4q": 6.36,
            "gross_profit": 709652,
            "gross_margin": 11.48,
            "gross_margin_4q_avg": 11.65,
            "net_income": 284345,
            "net_income_4q": null,
            "revenue": 6178942,
            "revenue_4q": null,
            "common_shares": 9982215,
            "book_valuer_per_share": 23.5,
            "book_valuer_per_share_4q_avg": 23.29,
            "equity": 23552854,
            "current_ratio": 145.2,
            "debt_ratio": 35.65,
            "inventory_turnover_ratio": 0.84,
            "account_receivable_turnover_ratio": 2.31,
            "reinvestment_rate": -13.02,
            "research_to_sale_ratio": null,
            "price_fair": 56.1,
            "eps_avg_yearly": 1.6,
            "eps_latest_yearly": 1.16,
            "eps_growth_yearly": 48.7
        },
        "20171": {
            "year_quarter": 20171,
            "year": 2017,
            "quarter": 1,
            "eps": 0.5,
            "eps_growth_year": 138.1,
            "eps_4q": 1.77,
            "eps_4q_growth_year": 64.1,
            "roe": 2.09,
            "roe_4q": 7.5600000000000005,
            "gross_profit": 1049798,
            "gross_margin": 14.1,
            "gross_margin_4q_avg": 12.6,
            "net_income": 496103,
            "net_income_4q": null,
            "revenue": 7443650,
            "revenue_4q": null,
            "common_shares": 9982215,
            "book_valuer_per_share": 23.93,
            "book_valuer_per_share_4q_avg": 23.42,
            "equity": 23969988,
            "current_ratio": 140.01,
            "debt_ratio": 35.48,
            "inventory_turnover_ratio": 0.98,
            "account_receivable_turnover_ratio": 2.75,
            "reinvestment_rate": 17.55,
            "research_to_sale_ratio": null,
            "price_fair": 56,
            "eps_avg_yearly": 1.6,
            "eps_latest_yearly": 2,
            "eps_growth_yearly": 63.26
        },
        "20172": {
            "year_quarter": 20172,
            "year": 2017,
            "quarter": 2,
            "eps": 0.41,
            "eps_growth_year": -40.58,
            "eps_4q": 1.5,
            "eps_4q_growth_year": 6.52,
            "roe": 1.74,
            "roe_4q": 6.33,
            "gross_profit": 867593,
            "gross_margin": 12.23,
            "gross_margin_4q_avg": 12.06,
            "net_income": 410286,
            "net_income_4q": null,
            "revenue": 7096732,
            "revenue_4q": null,
            "common_shares": 9982215,
            "book_valuer_per_share": 23.27,
            "book_valuer_per_share_4q_avg": 23.52,
            "equity": 23313010,
            "current_ratio": 121.12,
            "debt_ratio": 38.85,
            "inventory_turnover_ratio": 0.88,
            "account_receivable_turnover_ratio": 2.61,
            "reinvestment_rate": 36.68,
            "research_to_sale_ratio": null,
            "price_fair": 55,
            "eps_avg_yearly": 1.57,
            "eps_latest_yearly": 1.64,
            "eps_growth_yearly": 58.12
        },
        "20173": {
            "year_quarter": 20173,
            "year": 2017,
            "quarter": 3,
            "eps": 0.26,
            "eps_growth_year": -13.33,
            "eps_4q": 1.46,
            "eps_4q_growth_year": -6.28,
            "roe": 1.09,
            "roe_4q": 6.13,
            "gross_profit": 772270,
            "gross_margin": 9.66,
            "gross_margin_4q_avg": 11.87,
            "net_income": 256064,
            "net_income_4q": null,
            "revenue": 7991459,
            "revenue_4q": null,
            "common_shares": 10002241,
            "book_valuer_per_share": 23.46,
            "book_valuer_per_share_4q_avg": 23.54,
            "equity": 23547853,
            "current_ratio": 109.59,
            "debt_ratio": 41.42,
            "inventory_turnover_ratio": 0.94,
            "account_receivable_turnover_ratio": 2.82,
            "reinvestment_rate": 72.97,
            "research_to_sale_ratio": null,
            "price_fair": 52.5,
            "eps_avg_yearly": 1.5,
            "eps_latest_yearly": 1.04,
            "eps_growth_yearly": 47.67
        },
        "20174": {
            "year_quarter": 20174,
            "year": 2017,
            "quarter": 4,
            "eps": 0.54,
            "eps_growth_year": 89.06,
            "eps_4q": 1.71,
            "eps_4q_growth_year": 14.84,
            "roe": 2.26,
            "roe_4q": 7.18,
            "gross_profit": 1112200,
            "gross_margin": 12.07,
            "gross_margin_4q_avg": 12.02,
            "net_income": 538281,
            "net_income_4q": null,
            "revenue": 9217430,
            "revenue_4q": null,
            "common_shares": 10040606,
            "book_valuer_per_share": 23.86,
            "book_valuer_per_share_4q_avg": 23.63,
            "equity": 24033031,
            "current_ratio": 111.81,
            "debt_ratio": 41.8,
            "inventory_turnover_ratio": 1.01,
            "account_receivable_turnover_ratio": 2.77,
            "reinvestment_rate": 78.62,
            "research_to_sale_ratio": null,
            "price_fair": 52,
            "eps_avg_yearly": 1.49,
            "eps_latest_yearly": 2.16,
            "eps_growth_yearly": 73.95
        },
        "20181": {
            "year_quarter": 20181,
            "year": 2018,
            "quarter": 1,
            "eps": 0.27,
            "eps_growth_year": -46,
            "eps_4q": 1.48,
            "eps_4q_growth_year": -16.33,
            "roe": 1.14,
            "roe_4q": 6.2299999999999995,
            "gross_profit": 879707,
            "gross_margin": 10,
            "gross_margin_4q_avg": 10.99,
            "net_income": 275855,
            "net_income_4q": null,
            "revenue": 8798548,
            "revenue_4q": null,
            "common_shares": 10040606,
            "book_valuer_per_share": 24.01,
            "book_valuer_per_share_4q_avg": 23.65,
            "equity": 24201955,
            "current_ratio": 114.12,
            "debt_ratio": 43.62,
            "inventory_turnover_ratio": 0.88,
            "account_receivable_turnover_ratio": 2.62,
            "reinvestment_rate": 58.38,
            "research_to_sale_ratio": null,
            "price_fair": 50.4,
            "eps_avg_yearly": 1.44,
            "eps_latest_yearly": 1.08,
            "eps_growth_yearly": 67.42
        },
        "20182": {
            "year_quarter": 20182,
            "year": 2018,
            "quarter": 2,
            "eps": 0.29,
            "eps_growth_year": -29.27,
            "eps_4q": 1.37,
            "eps_4q_growth_year": -8.8,
            "roe": 1.21,
            "roe_4q": 5.699999999999999,
            "gross_profit": 794149,
            "gross_margin": 7.9,
            "gross_margin_4q_avg": 9.91,
            "net_income": 288356,
            "net_income_4q": null,
            "revenue": 10048834,
            "revenue_4q": null,
            "common_shares": 10040606,
            "book_valuer_per_share": 23.26,
            "book_valuer_per_share_4q_avg": 23.65,
            "equity": 23445202,
            "current_ratio": 116.85,
            "debt_ratio": 48.21,
            "inventory_turnover_ratio": 0.89,
            "account_receivable_turnover_ratio": 2.94,
            "reinvestment_rate": 63.06,
            "research_to_sale_ratio": null,
            "price_fair": 49.1,
            "eps_avg_yearly": 1.4,
            "eps_latest_yearly": 1.16,
            "eps_growth_yearly": 70.2
        },
        "20183": {
            "year_quarter": 20183,
            "year": 2018,
            "quarter": 3,
            "eps": 0.22,
            "eps_growth_year": -15.38,
            "eps_4q": 1.33,
            "eps_4q_growth_year": -8.9,
            "roe": 0.95,
            "roe_4q": 5.56,
            "gross_profit": 842239,
            "gross_margin": 7.63,
            "gross_margin_4q_avg": 9.4,
            "net_income": 224285,
            "net_income_4q": null,
            "revenue": 11036206,
            "revenue_4q": null,
            "common_shares": 10040606,
            "book_valuer_per_share": 23.67,
            "book_valuer_per_share_4q_avg": 23.7,
            "equity": 23869139,
            "current_ratio": 120.09,
            "debt_ratio": 48.36,
            "inventory_turnover_ratio": 0.88,
            "account_receivable_turnover_ratio": 3.17,
            "reinvestment_rate": 62.25,
            "research_to_sale_ratio": null,
            "price_fair": 48.4,
            "eps_avg_yearly": 1.38,
            "eps_latest_yearly": 0.88,
            "eps_growth_yearly": 72.14
        },
        "20184": {
            "year_quarter": 20184,
            "year": 2018,
            "quarter": 4,
            "eps": 0.1,
            "eps_growth_year": -81.88,
            "eps_4q": 0.88,
            "eps_4q_growth_year": -48.22,
            "roe": 0.42,
            "roe_4q": 3.7199999999999998,
            "gross_profit": 808587,
            "gross_margin": 8.18,
            "gross_margin_4q_avg": 8.43,
            "net_income": 100443,
            "net_income_4q": null,
            "revenue": 9886033,
            "revenue_4q": null,
            "common_shares": 10040606,
            "book_valuer_per_share": 23.81,
            "book_valuer_per_share_4q_avg": 23.69,
            "equity": 24010764,
            "current_ratio": 131.33,
            "debt_ratio": 50.55,
            "inventory_turnover_ratio": 0.65,
            "account_receivable_turnover_ratio": 2.96,
            "reinvestment_rate": 64.74,
            "research_to_sale_ratio": null,
            "price_fair": 46.11,
            "eps_avg_yearly": 1.32,
            "eps_latest_yearly": 0.4,
            "eps_growth_yearly": 52.79
        },
        "20191": {
            "year_quarter": 20191,
            "year": 2019,
            "quarter": 1,
            "eps": 0.34,
            "eps_growth_year": 25.93,
            "eps_4q": 0.95,
            "eps_4q_growth_year": -35.72,
            "roe": 1.47,
            "roe_4q": 4.05,
            "gross_profit": 917389,
            "gross_margin": 7.99,
            "gross_margin_4q_avg": 7.93,
            "net_income": 355775,
            "net_income_4q": null,
            "revenue": 11477049,
            "revenue_4q": null,
            "common_shares": 10040606,
            "book_valuer_per_share": 24.24,
            "book_valuer_per_share_4q_avg": 23.75,
            "equity": 24462701,
            "current_ratio": 137.65,
            "debt_ratio": 48.58,
            "inventory_turnover_ratio": 0.73,
            "account_receivable_turnover_ratio": 3.05,
            "reinvestment_rate": 60.63,
            "research_to_sale_ratio": null,
            "price_fair": 46.2,
            "eps_avg_yearly": 1.32,
            "eps_latest_yearly": 1.36,
            "eps_growth_yearly": 109.49
        },
        "20192": {
            "year_quarter": 20192,
            "year": 2019,
            "quarter": 2,
            "eps": 0.37,
            "eps_growth_year": 27.59,
            "eps_4q": 1.03,
            "eps_4q_growth_year": -24.86,
            "roe": 1.5,
            "roe_4q": 4.34,
            "gross_profit": 1017048,
            "gross_margin": 8.68,
            "gross_margin_4q_avg": 8.12,
            "net_income": 360881,
            "net_income_4q": null,
            "revenue": 11723347,
            "revenue_4q": null,
            "common_shares": 10040606,
            "book_valuer_per_share": 23.41,
            "book_valuer_per_share_4q_avg": 23.78,
            "equity": 23617411,
            "current_ratio": 129.6,
            "debt_ratio": 50.95,
            "inventory_turnover_ratio": 0.78,
            "account_receivable_turnover_ratio": 2.96,
            "reinvestment_rate": 57.42,
            "research_to_sale_ratio": null,
            "price_fair": 46.29,
            "eps_avg_yearly": 1.32,
            "eps_latest_yearly": 1.48,
            "eps_growth_yearly": 114.2
        },
        "20193": {
            "year_quarter": 20193,
            "year": 2019,
            "quarter": 3,
            "eps": 0.39,
            "eps_growth_year": 77.27,
            "eps_4q": 1.19,
            "eps_4q_growth_year": -10.05,
            "roe": 1.61,
            "roe_4q": 5,
            "gross_profit": 973570,
            "gross_margin": 9.24,
            "gross_margin_4q_avg": 8.52,
            "net_income": 383321,
            "net_income_4q": null,
            "revenue": 10534335,
            "revenue_4q": null,
            "common_shares": 10040606,
            "book_valuer_per_share": 23.77,
            "book_valuer_per_share_4q_avg": 23.81,
            "equity": 23975532,
            "current_ratio": 135.12,
            "debt_ratio": 51.02,
            "inventory_turnover_ratio": 0.66,
            "account_receivable_turnover_ratio": 3.06,
            "reinvestment_rate": 56.64,
            "research_to_sale_ratio": null,
            "price_fair": 48.39,
            "eps_avg_yearly": 1.38,
            "eps_latest_yearly": 1.56,
            "eps_growth_yearly": 130.13
        },
        "20194": {
            "year_quarter": 20194,
            "year": 2019,
            "quarter": 4,
            "eps": 0.46,
            "eps_growth_year": 373.16,
            "eps_4q": 1.56,
            "eps_4q_growth_year": 76.37,
            "roe": 1.9,
            "roe_4q": 6.4799999999999995,
            "gross_profit": 1223759,
            "gross_margin": 11,
            "gross_margin_4q_avg": 9.23,
            "net_income": 457821,
            "net_income_4q": null,
            "revenue": 11128869,
            "revenue_4q": null,
            "common_shares": 10040606,
            "book_valuer_per_share": 24.1,
            "book_valuer_per_share_4q_avg": 23.88,
            "equity": 24301411,
            "current_ratio": 146.83,
            "debt_ratio": 49.04,
            "inventory_turnover_ratio": 0.69,
            "account_receivable_turnover_ratio": 3.51,
            "reinvestment_rate": 58.9,
            "research_to_sale_ratio": null,
            "price_fair": 49.35,
            "eps_avg_yearly": 1.41,
            "eps_latest_yearly": 1.84,
            "eps_growth_yearly": 101.28
        },
        "20201": {
            "year_quarter": 20201,
            "year": 2020,
            "quarter": 1,
            "eps": 0.48,
            "eps_growth_year": 41.18,
            "eps_4q": 1.7,
            "eps_4q_growth_year": 77.74,
            "roe": 1.83,
            "roe_4q": 6.84,
            "gross_profit": 1258211,
            "gross_margin": 13.11,
            "gross_margin_4q_avg": 10.51,
            "net_income": 447320,
            "net_income_4q": null,
            "revenue": 9600495,
            "revenue_4q": null,
            "common_shares": 10040606,
            "book_valuer_per_share": 24.44,
            "book_valuer_per_share_4q_avg": 23.93,
            "equity": 24610307,
            "current_ratio": 146.07,
            "debt_ratio": 48.57,
            "inventory_turnover_ratio": 0.6,
            "account_receivable_turnover_ratio": 3.01,
            "reinvestment_rate": 25.53,
            "research_to_sale_ratio": null,
            "price_fair": 51.71,
            "eps_avg_yearly": 1.48,
            "eps_latest_yearly": 1.92,
            "eps_growth_yearly": 112.37
        },
        "20202": {
            "year_quarter": 20202,
            "year": 2020,
            "quarter": 2,
            "eps": 0.7,
            "eps_growth_year": 89.19,
            "eps_4q": 2.03,
            "eps_4q_growth_year": 98.08,
            "roe": 2.98,
            "roe_4q": 8.32,
            "gross_profit": 1404938,
            "gross_margin": 13.89,
            "gross_margin_4q_avg": 11.81,
            "net_income": 725374,
            "net_income_4q": null,
            "revenue": 10111732,
            "revenue_4q": null,
            "common_shares": 10040606,
            "book_valuer_per_share": 23.81,
            "book_valuer_per_share_4q_avg": 24.03,
            "equity": 24039950,
            "current_ratio": 125.2,
            "debt_ratio": 48.7,
            "inventory_turnover_ratio": 0.63,
            "account_receivable_turnover_ratio": 3.34,
            "reinvestment_rate": 20.66,
            "research_to_sale_ratio": null,
            "price_fair": 51.8,
            "eps_avg_yearly": 1.48,
            "eps_latest_yearly": 2.8,
            "eps_growth_yearly": 66.69
        },
        "20203": {
            "year_quarter": 20203,
            "year": 2020,
            "quarter": 3,
            "eps": 0.79,
            "eps_growth_year": 102.56,
            "eps_4q": 2.41,
            "eps_4q_growth_year": 101.68,
            "roe": 3.24,
            "roe_4q": 9.950000000000001,
            "gross_profit": 1628136,
            "gross_margin": 15.65,
            "gross_margin_4q_avg": 13.41,
            "net_income": 796171,
            "net_income_4q": null,
            "revenue": 10403349,
            "revenue_4q": null,
            "common_shares": 10167902,
            "book_valuer_per_share": 24.54,
            "book_valuer_per_share_4q_avg": 24.22,
            "equity": 25144212,
            "current_ratio": 131.26,
            "debt_ratio": 43.51,
            "inventory_turnover_ratio": 0.66,
            "account_receivable_turnover_ratio": 3.7,
            "reinvestment_rate": 9.8,
            "research_to_sale_ratio": null,
            "price_fair": 56.09,
            "eps_avg_yearly": 1.6,
            "eps_latest_yearly": 3.16,
            "eps_growth_yearly": 84.03
        },
        "20204": {
            "year_quarter": 20204,
            "year": 2020,
            "quarter": 4,
            "eps": 1.49,
            "eps_growth_year": 221.63,
            "eps_4q": 3.36,
            "eps_4q_growth_year": 115.7,
            "roe": 6.01,
            "roe_4q": 14.06,
            "gross_profit": 2329419,
            "gross_margin": 18.27,
            "gross_margin_4q_avg": 15.23,
            "net_income": 1587718,
            "net_income_4q": null,
            "revenue": 12750714,
            "revenue_4q": null,
            "common_shares": 10587599,
            "book_valuer_per_share": 25.98,
            "book_valuer_per_share_4q_avg": 24.69,
            "equity": 27707825,
            "current_ratio": 153.39,
            "debt_ratio": 37.62,
            "inventory_turnover_ratio": 0.82,
            "account_receivable_turnover_ratio": 4.24,
            "reinvestment_rate": -8.18,
            "research_to_sale_ratio": null,
            "price_fair": 66.59,
            "eps_avg_yearly": 1.9,
            "eps_latest_yearly": 5.96,
            "eps_growth_yearly": 107.02
        },
        "20211": {
            "year_quarter": 20211,
            "year": 2021,
            "quarter": 1,
            "eps": 1.38,
            "eps_growth_year": 187.5,
            "eps_4q": 4.19,
            "eps_4q_growth_year": 146.86,
            "roe": 5.15,
            "roe_4q": 17.38,
            "gross_profit": 2246334,
            "gross_margin": 17.48,
            "gross_margin_4q_avg": 16.32,
            "net_income": 1485458,
            "net_income_4q": null,
            "revenue": 12850755,
            "revenue_4q": null,
            "common_shares": 10898714,
            "book_valuer_per_share": 27.28,
            "book_valuer_per_share_4q_avg": 25.4,
            "equity": 29934014,
            "current_ratio": 167.58,
            "debt_ratio": 36.67,
            "inventory_turnover_ratio": 0.77,
            "account_receivable_turnover_ratio": 3.87,
            "reinvestment_rate": -15.18,
            "research_to_sale_ratio": null,
            "price_fair": 74.29,
            "eps_avg_yearly": 2.12,
            "eps_latest_yearly": 5.52,
            "eps_growth_yearly": 87.07
        },
        "20212": {
            "year_quarter": 20212,
            "year": 2021,
            "quarter": 2,
            "eps": 1.38,
            "eps_growth_year": 97.14,
            "eps_4q": 4.92,
            "eps_4q_growth_year": 141.66,
            "roe": 5.01,
            "roe_4q": 19.410000000000004,
            "gross_profit": 2356365,
            "gross_margin": 15.78,
            "gross_margin_4q_avg": 16.8,
            "net_income": 1505121,
            "net_income_4q": null,
            "revenue": 14935680,
            "revenue_4q": null,
            "common_shares": 10898714,
            "book_valuer_per_share": 27.43,
            "book_valuer_per_share_4q_avg": 26.31,
            "equity": 30095214,
            "current_ratio": 148.97,
            "debt_ratio": 41.18,
            "inventory_turnover_ratio": 0.78,
            "account_receivable_turnover_ratio": 4.44,
            "reinvestment_rate": -19.83,
            "research_to_sale_ratio": null,
            "price_fair": 82.78,
            "eps_avg_yearly": 2.37,
            "eps_latest_yearly": 5.52,
            "eps_growth_yearly": 91.57
        },
        "20213": {
            "year_quarter": 20213,
            "year": 2021,
            "quarter": 3,
            "eps": 1.3,
            "eps_growth_year": 64.56,
            "eps_4q": 8.17,
            "eps_4q_growth_year": 239.14,
            "roe": 4.82,
            "roe_4q": 20.990000000000002,
            "gross_profit": 2409094,
            "gross_margin": 16.64,
            "gross_margin_4q_avg": 17.04,
            "net_income": 1403297,
            "net_income_4q": null,
            "revenue": 14481190,
            "revenue_4q": null,
            "common_shares": 7302138,
            "book_valuer_per_share": 38.21,
            "book_valuer_per_share_4q_avg": 29.73,
            "equity": 28100136,
            "current_ratio": 129.84,
            "debt_ratio": 47.73,
            "inventory_turnover_ratio": 0.66,
            "account_receivable_turnover_ratio": 4.37,
            "reinvestment_rate": -36.28,
            "research_to_sale_ratio": null,
            "price_fair": 91.88,
            "eps_avg_yearly": 2.63,
            "eps_latest_yearly": 5.2,
            "eps_growth_yearly": 99.27
        },
        "20214": {
            "year_quarter": 20214,
            "year": 2021,
            "quarter": 4,
            "eps": 2.09,
            "eps_growth_year": 39.78,
            "eps_4q": 8.09,
            "eps_4q_growth_year": 140.41,
            "roe": 5.28,
            "roe_4q": 20.26,
            "gross_profit": 2461981,
            "gross_margin": 14.9,
            "gross_margin_4q_avg": 16.2,
            "net_income": 1527675,
            "net_income_4q": null,
            "revenue": 16527464,
            "revenue_4q": null,
            "common_shares": 7302138,
            "book_valuer_per_share": 40.46,
            "book_valuer_per_share_4q_avg": 33.35,
            "equity": 29732585,
            "current_ratio": 136.53,
            "debt_ratio": 46.33,
            "inventory_turnover_ratio": 0.7,
            "account_receivable_turnover_ratio": 4.39,
            "reinvestment_rate": -34.01,
            "research_to_sale_ratio": null,
            "price_fair": 105.44,
            "eps_avg_yearly": 3.01,
            "eps_latest_yearly": 8.36,
            "eps_growth_yearly": 87.53
        },
        "20221": {
            "year_quarter": 20221,
            "year": 2022,
            "quarter": 1,
            "eps": 1.76,
            "eps_growth_year": 27.54,
            "eps_4q": 7.82,
            "eps_4q_growth_year": 86.7,
            "roe": 4.59,
            "roe_4q": 19.700000000000003,
            "gross_profit": 2076068,
            "gross_margin": 13.66,
            "gross_margin_4q_avg": 15.25,
            "net_income": 1289076,
            "net_income_4q": null,
            "revenue": 15194994,
            "revenue_4q": null,
            "common_shares": 7302138,
            "book_valuer_per_share": 35.9,
            "book_valuer_per_share_4q_avg": 35.5,
            "equity": 26408252,
            "current_ratio": 124.29,
            "debt_ratio": 52.42,
            "inventory_turnover_ratio": 0.64,
            "account_receivable_turnover_ratio": 3.64,
            "reinvestment_rate": -19.1,
            "research_to_sale_ratio": null,
            "price_fair": 118.48,
            "eps_avg_yearly": 3.39,
            "eps_latest_yearly": 7.04,
            "eps_growth_yearly": 96.09
        },
        "20222": {
            "year_quarter": 20222,
            "year": 2022,
            "quarter": 2,
            "eps": 1.83,
            "eps_growth_year": 32.61,
            "eps_4q": 7.59,
            "eps_4q_growth_year": 54.38,
            "roe": 4.96,
            "roe_4q": 19.650000000000002,
            "gross_profit": 2315027,
            "gross_margin": 14.27,
            "gross_margin_4q_avg": 14.87,
            "net_income": 1340335,
            "net_income_4q": null,
            "revenue": 16226219,
            "revenue_4q": null,
            "common_shares": 7302138,
            "book_valuer_per_share": 37.6,
            "book_valuer_per_share_4q_avg": 38.04,
            "equity": 27650579,
            "current_ratio": 130.34,
            "debt_ratio": 51.03,
            "inventory_turnover_ratio": 0.67,
            "account_receivable_turnover_ratio": 4.06,
            "reinvestment_rate": -19.39,
            "research_to_sale_ratio": null,
            "price_fair": 131.95,
            "eps_avg_yearly": 3.77,
            "eps_latest_yearly": 7.32,
            "eps_growth_yearly": 95.23
        },
        "20223": {
            "year_quarter": 20223,
            "year": 2022,
            "quarter": 3,
            "eps": 0.74,
            "eps_growth_year": -43.08,
            "eps_4q": 6.42,
            "eps_4q_growth_year": -21.44,
            "roe": 1.95,
            "roe_4q": 16.78,
            "gross_profit": 1236752,
            "gross_margin": 8.53,
            "gross_margin_4q_avg": 12.84,
            "net_income": 545625,
            "net_income_4q": null,
            "revenue": 14501485,
            "revenue_4q": null,
            "common_shares": 7302138,
            "book_valuer_per_share": 38.37,
            "book_valuer_per_share_4q_avg": 38.08,
            "equity": 28214718,
            "current_ratio": 125.95,
            "debt_ratio": 50.44,
            "inventory_turnover_ratio": 0.64,
            "account_receivable_turnover_ratio": 3.96,
            "reinvestment_rate": -2.65,
            "research_to_sale_ratio": null,
            "price_fair": 136.5,
            "eps_avg_yearly": 3.9,
            "eps_latest_yearly": 2.96,
            "eps_growth_yearly": 86.37
        },
        "20224": {
            "year_quarter": 20224,
            "year": 2022,
            "quarter": 4,
            "eps": 1.14,
            "eps_growth_year": -45.36,
            "eps_4q": 5.47,
            "eps_4q_growth_year": -32.38,
            "roe": 2.93,
            "roe_4q": 14.43,
            "gross_profit": 1885179,
            "gross_margin": 13.42,
            "gross_margin_4q_avg": 12.47,
            "net_income": 835733,
            "net_income_4q": null,
            "revenue": 14049423,
            "revenue_4q": null,
            "common_shares": 7302138,
            "book_valuer_per_share": 39.45,
            "book_valuer_per_share_4q_avg": 37.83,
            "equity": 28914514,
            "current_ratio": 131.19,
            "debt_ratio": 47.2,
            "inventory_turnover_ratio": 0.62,
            "account_receivable_turnover_ratio": 4,
            "reinvestment_rate": -3.76,
            "research_to_sale_ratio": null,
            "price_fair": 145.6,
            "eps_avg_yearly": 4.16,
            "eps_latest_yearly": 4.56,
            "eps_growth_yearly": 113.52
        },
        "20231": {
            "year_quarter": 20231,
            "year": 2023,
            "quarter": 1,
            "eps": 1.55,
            "eps_growth_year": -11.93,
            "eps_4q": 5.26,
            "eps_4q_growth_year": -32.66,
            "roe": 4.03,
            "roe_4q": 13.870000000000001,
            "gross_profit": 2056282,
            "gross_margin": 15.1,
            "gross_margin_4q_avg": 12.83,
            "net_income": 1138016,
            "net_income_4q": null,
            "revenue": 13621958,
            "revenue_4q": null,
            "common_shares": 7302138,
            "book_valuer_per_share": 37.62,
            "book_valuer_per_share_4q_avg": 38.26,
            "equity": 27576877,
            "current_ratio": 117.45,
            "debt_ratio": 50.04,
            "inventory_turnover_ratio": 0.62,
            "account_receivable_turnover_ratio": 3.67,
            "reinvestment_rate": -5.34,
            "research_to_sale_ratio": null,
            "price_fair": 156.19,
            "eps_avg_yearly": 4.46,
            "eps_latest_yearly": 6.2,
            "eps_growth_yearly": 62.51
        },
        "20232": {
            "year_quarter": 20232,
            "year": 2023,
            "quarter": 2,
            "eps": 1.49,
            "eps_growth_year": -18.58,
            "eps_4q": 4.92,
            "eps_4q_growth_year": -35.11,
            "roe": 3.87,
            "roe_4q": 12.78,
            "gross_profit": 2052093,
            "gross_margin": 12.98,
            "gross_margin_4q_avg": 12.51,
            "net_income": 1091571,
            "net_income_4q": null,
            "revenue": 15813857,
            "revenue_4q": null,
            "common_shares": 7302138,
            "book_valuer_per_share": 39.26,
            "book_valuer_per_share_4q_avg": 38.68,
            "equity": 28766045,
            "current_ratio": 130.46,
            "debt_ratio": 48.34,
            "inventory_turnover_ratio": 0.74,
            "account_receivable_turnover_ratio": 3.95,
            "reinvestment_rate": -3.89,
            "research_to_sale_ratio": null,
            "price_fair": 165.99,
            "eps_avg_yearly": 4.74,
            "eps_latest_yearly": 5.96,
            "eps_growth_yearly": 59.34
        },
        "20233": {
            "year_quarter": 20233,
            "year": 2023,
            "quarter": 3,
            "eps": 1.59,
            "eps_growth_year": 114.86,
            "eps_4q": 5.77,
            "eps_4q_growth_year": -9.99,
            "roe": 4,
            "roe_4q": 14.83,
            "gross_profit": 2121370,
            "gross_margin": 13.79,
            "gross_margin_4q_avg": 13.82,
            "net_income": 1172880,
            "net_income_4q": null,
            "revenue": 15378730,
            "revenue_4q": null,
            "common_shares": 7302138,
            "book_valuer_per_share": 40.79,
            "book_valuer_per_share_4q_avg": 39.28,
            "equity": 29895562,
            "current_ratio": 130.49,
            "debt_ratio": 47.48,
            "inventory_turnover_ratio": 0.69,
            "account_receivable_turnover_ratio": 3.7,
            "reinvestment_rate": -3.41,
            "research_to_sale_ratio": null,
            "price_fair": 176.49,
            "eps_avg_yearly": 5.04,
            "eps_latest_yearly": 6.36,
            "eps_growth_yearly": 59.67
        },
        "20234": {
            "year_quarter": 20234,
            "year": 2023,
            "quarter": 4,
            "eps": 1.84,
            "eps_growth_year": 61.6,
            "eps_4q": 6.48,
            "eps_4q_growth_year": 18.41,
            "roe": 4.45,
            "roe_4q": 16.35,
            "gross_profit": 2472132,
            "gross_margin": 14.97,
            "gross_margin_4q_avg": 14.21,
            "net_income": 1357353,
            "net_income_4q": null,
            "revenue": 16510140,
            "revenue_4q": null,
            "common_shares": 7302138,
            "book_valuer_per_share": 42.52,
            "book_valuer_per_share_4q_avg": 40.05,
            "equity": 31161178,
            "current_ratio": 139.4,
            "debt_ratio": 44.73,
            "inventory_turnover_ratio": 0.71,
            "account_receivable_turnover_ratio": 3.86,
            "reinvestment_rate": -2.74,
            "research_to_sale_ratio": null,
            "price_fair": 188.56,
            "eps_avg_yearly": 5.39,
            "eps_latest_yearly": 7.36,
            "eps_growth_yearly": 59.11
        }
    },
    "months": {
        "2001-06": {
            "month": "2001-06",
            "price": "9.03",
            "revenue": 928832
        },
        "2001-07": {
            "month": "2001-07",
            "price": "8.09",
            "revenue": 1003616
        },
        "2001-08": {
            "month": "2001-08",
            "price": "8.35",
            "revenue": 1105365
        },
        "2001-09": {
            "month": "2001-09",
            "price": "8.08",
            "revenue": 802638
        },
        "2001-10": {
            "month": "2001-10",
            "price": "7.89",
            "revenue": 1114679
        },
        "2001-11": {
            "month": "2001-11",
            "price": "7.87",
            "revenue": 1126924
        },
        "2001-12": {
            "month": "2001-12",
            "price": "8.39",
            "revenue": 1216815
        },
        "2002-01": {
            "month": "2002-01",
            "price": "8.31",
            "revenue": 1210818
        },
        "2002-02": {
            "month": "2002-02",
            "price": "8.63",
            "revenue": 1065807
        },
        "2002-03": {
            "month": "2002-03",
            "price": "10.44",
            "revenue": 1568496
        },
        "2002-04": {
            "month": "2002-04",
            "price": "11.15",
            "revenue": 1311885
        },
        "2002-05": {
            "month": "2002-05",
            "price": "10.95",
            "revenue": 1427648
        },
        "2002-06": {
            "month": "2002-06",
            "price": "11.00",
            "revenue": 1271037
        },
        "2002-07": {
            "month": "2002-07",
            "price": "10.34",
            "revenue": 1372822
        },
        "2002-08": {
            "month": "2002-08",
            "price": "9.86",
            "revenue": 1581929
        },
        "2002-09": {
            "month": "2002-09",
            "price": "9.04",
            "revenue": 1507892
        },
        "2002-10": {
            "month": "2002-10",
            "price": "8.25",
            "revenue": 1595674
        },
        "2002-11": {
            "month": "2002-11",
            "price": "9.80",
            "revenue": 1550091
        },
        "2002-12": {
            "month": "2002-12",
            "price": "11.03",
            "revenue": 1645756
        },
        "2003-01": {
            "month": "2003-01",
            "price": "14.24",
            "revenue": 1584591
        },
        "2003-02": {
            "month": "2003-02",
            "price": "13.11",
            "revenue": 1394057
        },
        "2003-03": {
            "month": "2003-03",
            "price": "10.53",
            "revenue": 1802469
        },
        "2003-04": {
            "month": "2003-04",
            "price": "10.12",
            "revenue": 1481418
        },
        "2003-05": {
            "month": "2003-05",
            "price": "8.52",
            "revenue": 1344649
        },
        "2003-06": {
            "month": "2003-06",
            "price": "9.93",
            "revenue": 1312581
        },
        "2003-07": {
            "month": "2003-07",
            "price": "11.85",
            "revenue": 1691229
        },
        "2003-08": {
            "month": "2003-08",
            "price": "12.14",
            "revenue": 1662275
        },
        "2003-09": {
            "month": "2003-09",
            "price": "10.93",
            "revenue": 1838368
        },
        "2003-10": {
            "month": "2003-10",
            "price": "11.69",
            "revenue": 1916279
        },
        "2003-11": {
            "month": "2003-11",
            "price": "11.75",
            "revenue": 1843248
        },
        "2003-12": {
            "month": "2003-12",
            "price": "13.04",
            "revenue": 1856906
        },
        "2004-01": {
            "month": "2004-01",
            "price": "14.66",
            "revenue": 1851683
        },
        "2004-02": {
            "month": "2004-02",
            "price": "17.46",
            "revenue": 2303220
        },
        "2004-03": {
            "month": "2004-03",
            "price": "19.37",
            "revenue": 3121045
        },
        "2004-04": {
            "month": "2004-04",
            "price": "21.75",
            "revenue": 2799469
        },
        "2004-05": {
            "month": "2004-05",
            "price": "21.71",
            "revenue": 2764464
        },
        "2004-06": {
            "month": "2004-06",
            "price": "23.98",
            "revenue": 2825417
        },
        "2004-07": {
            "month": "2004-07",
            "price": "26.63",
            "revenue": 2912334
        },
        "2004-08": {
            "month": "2004-08",
            "price": "25.64",
            "revenue": 2768286
        },
        "2004-09": {
            "month": "2004-09",
            "price": "30.39",
            "revenue": 2725926
        },
        "2004-10": {
            "month": "2004-10",
            "price": "29.78",
            "revenue": 2365160
        },
        "2004-11": {
            "month": "2004-11",
            "price": "25.07",
            "revenue": 2208353
        },
        "2004-12": {
            "month": "2004-12",
            "price": "25.66",
            "revenue": 2631038
        },
        "2005-01": {
            "month": "2005-01",
            "price": "25.37",
            "revenue": 2458274
        },
        "2005-02": {
            "month": "2005-02",
            "price": "26.12",
            "revenue": 1675951
        },
        "2005-03": {
            "month": "2005-03",
            "price": "24.97",
            "revenue": 2784553
        },
        "2005-04": {
            "month": "2005-04",
            "price": "22.46",
            "revenue": 2472263
        },
        "2005-05": {
            "month": "2005-05",
            "price": "20.96",
            "revenue": 2216658
        },
        "2005-06": {
            "month": "2005-06",
            "price": "21.08",
            "revenue": 2009036
        },
        "2005-07": {
            "month": "2005-07",
            "price": "19.20",
            "revenue": 1776245
        },
        "2005-08": {
            "month": "2005-08",
            "price": "19.22",
            "revenue": 2030143
        },
        "2005-09": {
            "month": "2005-09",
            "price": "21.86",
            "revenue": 2226653
        },
        "2005-10": {
            "month": "2005-10",
            "price": "18.24",
            "revenue": 2470450
        },
        "2005-11": {
            "month": "2005-11",
            "price": "18.04",
            "revenue": 2404756
        },
        "2005-12": {
            "month": "2005-12",
            "price": "18.15",
            "revenue": 2583530
        },
        "2006-01": {
            "month": "2006-01",
            "price": "19.45",
            "revenue": 2073346
        },
        "2006-02": {
            "month": "2006-02",
            "price": "21.84",
            "revenue": 1948343
        },
        "2006-03": {
            "month": "2006-03",
            "price": "22.80",
            "revenue": 2818168
        },
        "2006-04": {
            "month": "2006-04",
            "price": "29.09",
            "revenue": 2823703
        },
        "2006-05": {
            "month": "2006-05",
            "price": "29.88",
            "revenue": 3012870
        },
        "2006-06": {
            "month": "2006-06",
            "price": "27.40",
            "revenue": 2865195
        },
        "2006-07": {
            "month": "2006-07",
            "price": "26.43",
            "revenue": 2962617
        },
        "2006-08": {
            "month": "2006-08",
            "price": "24.00",
            "revenue": 3030745
        },
        "2006-09": {
            "month": "2006-09",
            "price": "25.25",
            "revenue": 2997287
        },
        "2006-10": {
            "month": "2006-10",
            "price": "27.89",
            "revenue": 3090322
        },
        "2006-11": {
            "month": "2006-11",
            "price": "28.64",
            "revenue": 2876359
        },
        "2006-12": {
            "month": "2006-12",
            "price": "30.29",
            "revenue": 3053169
        },
        "2007-01": {
            "month": "2007-01",
            "price": "32.58",
            "revenue": 3223967
        },
        "2007-02": {
            "month": "2007-02",
            "price": "34.62",
            "revenue": 2315153
        },
        "2007-03": {
            "month": "2007-03",
            "price": "35.34",
            "revenue": 3407740
        },
        "2007-04": {
            "month": "2007-04",
            "price": "38.65",
            "revenue": 3314303
        },
        "2007-05": {
            "month": "2007-05",
            "price": "38.01",
            "revenue": 3487654
        },
        "2007-06": {
            "month": "2007-06",
            "price": "37.70",
            "revenue": 3485852
        },
        "2007-07": {
            "month": "2007-07",
            "price": "41.34",
            "revenue": 3380720
        },
        "2007-08": {
            "month": "2007-08",
            "price": "41.07",
            "revenue": 3436142
        },
        "2007-09": {
            "month": "2007-09",
            "price": "48.70",
            "revenue": 3373149
        },
        "2007-10": {
            "month": "2007-10",
            "price": "51.64",
            "revenue": 3689202
        },
        "2007-11": {
            "month": "2007-11",
            "price": "47.48",
            "revenue": 3581434
        },
        "2007-12": {
            "month": "2007-12",
            "price": "51.13",
            "revenue": 3550474
        },
        "2008-01": {
            "month": "2008-01",
            "price": "49.03",
            "revenue": 3955644
        },
        "2008-02": {
            "month": "2008-02",
            "price": "49.06",
            "revenue": 3584239
        },
        "2008-03": {
            "month": "2008-03",
            "price": "52.70",
            "revenue": 4559273
        },
        "2008-04": {
            "month": "2008-04",
            "price": "58.01",
            "revenue": 4404575
        },
        "2008-05": {
            "month": "2008-05",
            "price": "61.81",
            "revenue": 5207609
        },
        "2008-06": {
            "month": "2008-06",
            "price": "57.91",
            "revenue": 5177701
        },
        "2008-07": {
            "month": "2008-07",
            "price": "49.95",
            "revenue": 5005801
        },
        "2008-08": {
            "month": "2008-08",
            "price": "41.32",
            "revenue": 4870061
        },
        "2008-09": {
            "month": "2008-09",
            "price": "34.00",
            "revenue": 3732336
        },
        "2008-10": {
            "month": "2008-10",
            "price": "21.11",
            "revenue": 3864905
        },
        "2008-11": {
            "month": "2008-11",
            "price": "23.03",
            "revenue": 3059075
        },
        "2008-12": {
            "month": "2008-12",
            "price": "20.27",
            "revenue": 2276236
        },
        "2009-01": {
            "month": "2009-01",
            "price": "21.90",
            "revenue": 1313266
        },
        "2009-02": {
            "month": "2009-02",
            "price": "23.17",
            "revenue": 1714400
        },
        "2009-03": {
            "month": "2009-03",
            "price": "24.81",
            "revenue": 1538807
        },
        "2009-04": {
            "month": "2009-04",
            "price": "29.47",
            "revenue": 1465614
        },
        "2009-05": {
            "month": "2009-05",
            "price": "32.83",
            "revenue": 1590448
        },
        "2009-06": {
            "month": "2009-06",
            "price": "32.66",
            "revenue": 1932708
        },
        "2009-07": {
            "month": "2009-07",
            "price": "33.38",
            "revenue": 1857578
        },
        "2009-08": {
            "month": "2009-08",
            "price": "35.28",
            "revenue": 2050213
        },
        "2009-09": {
            "month": "2009-09",
            "price": "34.22",
            "revenue": 2452014
        },
        "2009-10": {
            "month": "2009-10",
            "price": "33.86",
            "revenue": 2381519
        },
        "2009-11": {
            "month": "2009-11",
            "price": "32.63",
            "revenue": 2096797
        },
        "2009-12": {
            "month": "2009-12",
            "price": "33.34",
            "revenue": 1908190
        },
        "2010-01": {
            "month": "2010-01",
            "price": "36.18",
            "revenue": 2912884
        },
        "2010-02": {
            "month": "2010-02",
            "price": "35.13",
            "revenue": 2037847
        },
        "2010-03": {
            "month": "2010-03",
            "price": "36.20",
            "revenue": 2904874
        },
        "2010-04": {
            "month": "2010-04",
            "price": "35.38",
            "revenue": 2660690
        },
        "2010-05": {
            "month": "2010-05",
            "price": "29.37",
            "revenue": 3021003
        },
        "2010-06": {
            "month": "2010-06",
            "price": "26.35",
            "revenue": 2385140
        },
        "2010-07": {
            "month": "2010-07",
            "price": "27.25",
            "revenue": 2415710
        },
        "2010-08": {
            "month": "2010-08",
            "price": "29.42",
            "revenue": 2884156
        },
        "2010-09": {
            "month": "2010-09",
            "price": "29.29",
            "revenue": 2483216
        },
        "2010-10": {
            "month": "2010-10",
            "price": "29.14",
            "revenue": 2999389
        },
        "2010-11": {
            "month": "2010-11",
            "price": "28.95",
            "revenue": 2677925
        },
        "2010-12": {
            "month": "2010-12",
            "price": "30.97",
            "revenue": 3194461
        },
        "2011-01": {
            "month": "2011-01",
            "price": "34.22",
            "revenue": 3640529
        },
        "2011-02": {
            "month": "2011-02",
            "price": "33.14",
            "revenue": 2484350
        },
        "2011-03": {
            "month": "2011-03",
            "price": "32.80",
            "revenue": 3653015
        },
        "2011-04": {
            "month": "2011-04",
            "price": "33.86",
            "revenue": 3529968
        },
        "2011-05": {
            "month": "2011-05",
            "price": "32.93",
            "revenue": 3495033
        },
        "2011-06": {
            "month": "2011-06",
            "price": "32.05",
            "revenue": 2634117
        },
        "2011-07": {
            "month": "2011-07",
            "price": "33.22",
            "revenue": 3009661
        },
        "2011-08": {
            "month": "2011-08",
            "price": "31.14",
            "revenue": 3190615
        },
        "2011-09": {
            "month": "2011-09",
            "price": "29.29",
            "revenue": 3232903
        },
        "2011-10": {
            "month": "2011-10",
            "price": "26.14",
            "revenue": 3468580
        },
        "2011-11": {
            "month": "2011-11",
            "price": "26.87",
            "revenue": 2805372
        },
        "2011-12": {
            "month": "2011-12",
            "price": "26.41",
            "revenue": 2772437
        },
        "2012-01": {
            "month": "2012-01",
            "price": "26.98",
            "revenue": 2860998
        },
        "2012-02": {
            "month": "2012-02",
            "price": "29.76",
            "revenue": 3106054
        },
        "2012-03": {
            "month": "2012-03",
            "price": "30.31",
            "revenue": 3536845
        },
        "2012-04": {
            "month": "2012-04",
            "price": "28.50",
            "revenue": 3898774
        },
        "2012-05": {
            "month": "2012-05",
            "price": "27.56",
            "revenue": 3427613
        },
        "2012-06": {
            "month": "2012-06",
            "price": "28.29",
            "revenue": 2763403
        },
        "2012-07": {
            "month": "2012-07",
            "price": "28.46",
            "revenue": 3263535
        },
        "2012-08": {
            "month": "2012-08",
            "price": "28.06",
            "revenue": 2643517
        },
        "2012-09": {
            "month": "2012-09",
            "price": "28.44",
            "revenue": 2655852
        },
        "2012-10": {
            "month": "2012-10",
            "price": "28.55",
            "revenue": 2926732
        },
        "2012-11": {
            "month": "2012-11",
            "price": "28.38",
            "revenue": 2759506
        },
        "2012-12": {
            "month": "2012-12",
            "price": "29.22",
            "revenue": 2943712
        },
        "2013-01": {
            "month": "2013-01",
            "price": "29.70",
            "revenue": 3022787
        },
        "2013-02": {
            "month": "2013-02",
            "price": "29.34",
            "revenue": 2521189
        },
        "2013-03": {
            "month": "2013-03",
            "price": "28.67",
            "revenue": 3430334
        },
        "2013-04": {
            "month": "2013-04",
            "price": "28.80",
            "revenue": 3085524
        },
        "2013-05": {
            "month": "2013-05",
            "price": "28.78",
            "revenue": 3056816
        },
        "2013-06": {
            "month": "2013-06",
            "price": "27.29",
            "revenue": 2696116
        },
        "2013-07": {
            "month": "2013-07",
            "price": "26.76",
            "revenue": 2491924
        },
        "2013-08": {
            "month": "2013-08",
            "price": "24.62",
            "revenue": 2645591
        },
        "2013-09": {
            "month": "2013-09",
            "price": "25.88",
            "revenue": 2775207
        },
        "2013-10": {
            "month": "2013-10",
            "price": "26.70",
            "revenue": 2928841
        },
        "2013-11": {
            "month": "2013-11",
            "price": "25.67",
            "revenue": 3086853
        },
        "2013-12": {
            "month": "2013-12",
            "price": "26.25",
            "revenue": 3368505
        },
        "2014-01": {
            "month": "2014-01",
            "price": "26.67",
            "revenue": 2837535
        },
        "2014-02": {
            "month": "2014-02",
            "price": "26.19",
            "revenue": 2233436
        },
        "2014-03": {
            "month": "2014-03",
            "price": "25.25",
            "revenue": 3291226
        },
        "2014-04": {
            "month": "2014-04",
            "price": "25.88",
            "revenue": 3256038
        },
        "2014-05": {
            "month": "2014-05",
            "price": "25.60",
            "revenue": 3169957
        },
        "2014-06": {
            "month": "2014-06",
            "price": "25.62",
            "revenue": 3156517
        },
        "2014-07": {
            "month": "2014-07",
            "price": "25.85",
            "revenue": 2843345
        },
        "2014-08": {
            "month": "2014-08",
            "price": "25.15",
            "revenue": 2810158
        },
        "2014-09": {
            "month": "2014-09",
            "price": "25.00",
            "revenue": 2840859
        },
        "2014-10": {
            "month": "2014-10",
            "price": "24.22",
            "revenue": 3106046
        },
        "2014-11": {
            "month": "2014-11",
            "price": "23.71",
            "revenue": 2976553
        },
        "2014-12": {
            "month": "2014-12",
            "price": "23.56",
            "revenue": 3374298
        },
        "2015-01": {
            "month": "2015-01",
            "price": "23.92",
            "revenue": 3339525
        },
        "2015-02": {
            "month": "2015-02",
            "price": "23.72",
            "revenue": 1963958
        },
        "2015-03": {
            "month": "2015-03",
            "price": "23.47",
            "revenue": 3103485
        },
        "2015-04": {
            "month": "2015-04",
            "price": "23.83",
            "revenue": 2736306
        },
        "2015-05": {
            "month": "2015-05",
            "price": "23.52",
            "revenue": 2584456
        },
        "2015-06": {
            "month": "2015-06",
            "price": "22.85",
            "revenue": 2881342
        },
        "2015-07": {
            "month": "2015-07",
            "price": "21.79",
            "revenue": 2442990
        },
        "2015-08": {
            "month": "2015-08",
            "price": "18.48",
            "revenue": 2193095
        },
        "2015-09": {
            "month": "2015-09",
            "price": "17.80",
            "revenue": 2104300
        },
        "2015-10": {
            "month": "2015-10",
            "price": "18.25",
            "revenue": 2509944
        },
        "2015-11": {
            "month": "2015-11",
            "price": "17.83",
            "revenue": 2666680
        },
        "2015-12": {
            "month": "2015-12",
            "price": "16.78",
            "revenue": 2503038
        },
        "2016-01": {
            "month": "2016-01",
            "price": "16.59",
            "revenue": 2163608
        },
        "2016-02": {
            "month": "2016-02",
            "price": "18.94",
            "revenue": 1563416
        },
        "2016-03": {
            "month": "2016-03",
            "price": "19.72",
            "revenue": 2303865
        },
        "2016-04": {
            "month": "2016-04",
            "price": "20.44",
            "revenue": 2168357
        },
        "2016-05": {
            "month": "2016-05",
            "price": "18.92",
            "revenue": 2689765
        },
        "2016-06": {
            "month": "2016-06",
            "price": "18.91",
            "revenue": 2255230
        },
        "2016-07": {
            "month": "2016-07",
            "price": "19.15",
            "revenue": 1959572
        },
        "2016-08": {
            "month": "2016-08",
            "price": "18.51",
            "revenue": 1967334
        },
        "2016-09": {
            "month": "2016-09",
            "price": "18.61",
            "revenue": 1835483
        },
        "2016-10": {
            "month": "2016-10",
            "price": "19.39",
            "revenue": 1857582
        },
        "2016-11": {
            "month": "2016-11",
            "price": "21.25",
            "revenue": 2419511
        },
        "2016-12": {
            "month": "2016-12",
            "price": "21.56",
            "revenue": 2270163
        },
        "2017-01": {
            "month": "2017-01",
            "price": "21.09",
            "revenue": 2127159
        },
        "2017-02": {
            "month": "2017-02",
            "price": "22.73",
            "revenue": 2492159
        },
        "2017-03": {
            "month": "2017-03",
            "price": "23.90",
            "revenue": 2844704
        },
        "2017-04": {
            "month": "2017-04",
            "price": "24.09",
            "revenue": 2531179
        },
        "2017-05": {
            "month": "2017-05",
            "price": "23.76",
            "revenue": 2161263
        },
        "2017-06": {
            "month": "2017-06",
            "price": "23.99",
            "revenue": 2408223
        },
        "2017-07": {
            "month": "2017-07",
            "price": "24.87",
            "revenue": 2205081
        },
        "2017-08": {
            "month": "2017-08",
            "price": "24.21",
            "revenue": 2596951
        },
        "2017-09": {
            "month": "2017-09",
            "price": "23.90",
            "revenue": 3184455
        },
        "2017-10": {
            "month": "2017-10",
            "price": "24.01",
            "revenue": 2643675
        },
        "2017-11": {
            "month": "2017-11",
            "price": "24.09",
            "revenue": 3119647
        },
        "2017-12": {
            "month": "2017-12",
            "price": "24.09",
            "revenue": 3408576
        },
        "2018-01": {
            "month": "2018-01",
            "price": "26.54",
            "revenue": 3052927
        },
        "2018-02": {
            "month": "2018-02",
            "price": "25.43",
            "revenue": 2232661
        },
        "2018-03": {
            "month": "2018-03",
            "price": "24.48",
            "revenue": 3491107
        },
        "2018-04": {
            "month": "2018-04",
            "price": "24.82",
            "revenue": 3579834
        },
        "2018-05": {
            "month": "2018-05",
            "price": "24.37",
            "revenue": 3121478
        },
        "2018-06": {
            "month": "2018-06",
            "price": "23.99",
            "revenue": 3390635
        },
        "2018-07": {
            "month": "2018-07",
            "price": "22.13",
            "revenue": 3588468
        },
        "2018-08": {
            "month": "2018-08",
            "price": "22.54",
            "revenue": 4013381
        },
        "2018-09": {
            "month": "2018-09",
            "price": "22.67",
            "revenue": 3429505
        },
        "2018-10": {
            "month": "2018-10",
            "price": "22.07",
            "revenue": 3350490
        },
        "2018-11": {
            "month": "2018-11",
            "price": "20.88",
            "revenue": 2895785
        },
        "2018-12": {
            "month": "2018-12",
            "price": "20.05",
            "revenue": 3725233
        },
        "2019-01": {
            "month": "2019-01",
            "price": "19.15",
            "revenue": 3885194
        },
        "2019-02": {
            "month": "2019-02",
            "price": "20.12",
            "revenue": 3102103
        },
        "2019-03": {
            "month": "2019-03",
            "price": "20.85",
            "revenue": 4520655
        },
        "2019-04": {
            "month": "2019-04",
            "price": "21.74",
            "revenue": 3594361
        },
        "2019-05": {
            "month": "2019-05",
            "price": "22.19",
            "revenue": 4198456
        },
        "2019-06": {
            "month": "2019-06",
            "price": "22.79",
            "revenue": 3914068
        },
        "2019-07": {
            "month": "2019-07",
            "price": "22.55",
            "revenue": 3541639
        },
        "2019-08": {
            "month": "2019-08",
            "price": "20.96",
            "revenue": 3613822
        },
        "2019-09": {
            "month": "2019-09",
            "price": "21.26",
            "revenue": 3457242
        },
        "2019-10": {
            "month": "2019-10",
            "price": "21.56",
            "revenue": 3692862
        },
        "2019-11": {
            "month": "2019-11",
            "price": "21.81",
            "revenue": 3604646
        },
        "2019-12": {
            "month": "2019-12",
            "price": "22.78",
            "revenue": 3891550
        },
        "2020-01": {
            "month": "2020-01",
            "price": "23.14",
            "revenue": 2724791
        },
        "2020-02": {
            "month": "2020-02",
            "price": "22.65",
            "revenue": 3180071
        },
        "2020-03": {
            "month": "2020-03",
            "price": "22.02",
            "revenue": 3713297
        },
        "2020-04": {
            "month": "2020-04",
            "price": "22.04",
            "revenue": 3457915
        },
        "2020-05": {
            "month": "2020-05",
            "price": "23.42",
            "revenue": 3207382
        },
        "2020-06": {
            "month": "2020-06",
            "price": "23.14",
            "revenue": 3409050
        },
        "2020-07": {
            "month": "2020-07",
            "price": "23.12",
            "revenue": 3515727
        },
        "2020-08": {
            "month": "2020-08",
            "price": "24.91",
            "revenue": 3196799
        },
        "2020-09": {
            "month": "2020-09",
            "price": "29.26",
            "revenue": 3690315
        },
        "2020-10": {
            "month": "2020-10",
            "price": "29.26",
            "revenue": 3914211
        },
        "2020-11": {
            "month": "2020-11",
            "price": "31.26",
            "revenue": 3983338
        },
        "2020-12": {
            "month": "2020-12",
            "price": "35.06",
            "revenue": 4913283
        },
        "2021-01": {
            "month": "2021-01",
            "price": "34.57",
            "revenue": 4702050
        },
        "2021-02": {
            "month": "2021-02",
            "price": "33.85",
            "revenue": 3196246
        },
        "2021-03": {
            "month": "2021-03",
            "price": "39.93",
            "revenue": 4969779
        },
        "2021-04": {
            "month": "2021-04",
            "price": "54.43",
            "revenue": 5071187
        },
        "2021-05": {
            "month": "2021-05",
            "price": "50.46",
            "revenue": 4969569
        },
        "2021-06": {
            "month": "2021-06",
            "price": "49.10",
            "revenue": 4879623
        },
        "2021-07": {
            "month": "2021-07",
            "price": "50.35",
            "revenue": 4932499
        },
        "2021-08": {
            "month": "2021-08",
            "price": "44.54",
            "revenue": 4606354
        },
        "2021-09": {
            "month": "2021-09",
            "price": "41.92",
            "revenue": 4669117
        },
        "2021-10": {
            "month": "2021-10",
            "price": "39.10",
            "revenue": 5295519
        },
        "2021-11": {
            "month": "2021-11",
            "price": "41.66",
            "revenue": 5248687
        },
        "2021-12": {
            "month": "2021-12",
            "price": "64.48",
            "revenue": 5769845
        },
        "2022-01": {
            "month": "2022-01",
            "price": "66.47",
            "revenue": 5018739
        },
        "2022-02": {
            "month": "2022-02",
            "price": "70.49",
            "revenue": 4075041
        },
        "2022-03": {
            "month": "2022-03",
            "price": "75.12",
            "revenue": 6094900
        },
        "2022-04": {
            "month": "2022-04",
            "price": "67.68",
            "revenue": 5708162
        },
        "2022-05": {
            "month": "2022-05",
            "price": "60.73",
            "revenue": 5174212
        },
        "2022-06": {
            "month": "2022-06",
            "price": "61.94",
            "revenue": 5282394
        },
        "2022-07": {
            "month": "2022-07",
            "price": "50.03",
            "revenue": 4827238
        },
        "2022-08": {
            "month": "2022-08",
            "price": "53.60",
            "revenue": 5029584
        },
        "2022-09": {
            "month": "2022-09",
            "price": "52.63",
            "revenue": 4690839
        },
        "2022-10": {
            "month": "2022-10",
            "price": "52.51",
            "revenue": 4566392
        },
        "2022-11": {
            "month": "2022-11",
            "price": "51.20",
            "revenue": 4220548
        },
        "2022-12": {
            "month": "2022-12",
            "price": "52.32",
            "revenue": 5520792
        },
        "2023-01": {
            "month": "2023-01",
            "price": "54.08",
            "revenue": 3546573
        },
        "2023-02": {
            "month": "2023-02",
            "price": "57.31",
            "revenue": 4508315
        },
        "2023-03": {
            "month": "2023-03",
            "price": "61.60",
            "revenue": 5566831
        },
        "2023-04": {
            "month": "2023-04",
            "price": "58.00",
            "revenue": 4959713
        },
        "2023-05": {
            "month": "2023-05",
            "price": "57.10",
            "revenue": 5624599
        },
        "2023-06": {
            "month": "2023-06",
            "price": "58.06",
            "revenue": 5248010
        },
        "2023-07": {
            "month": "2023-07",
            "price": "56.98",
            "revenue": 4771007
        },
        "2023-08": {
            "month": "2023-08",
            "price": "59.51",
            "revenue": 5359544
        },
        "2023-09": {
            "month": "2023-09",
            "price": "61.95",
            "revenue": 5370273
        },
        "2023-10": {
            "month": "2023-10",
            "price": "61.63",
            "revenue": 5228588
        },
        "2023-11": {
            "month": "2023-11",
            "price": "68.11",
            "revenue": 5487900
        },
        "2023-12": {
            "month": "2023-12",
            "price": "71.03",
            "revenue": 5888996
        }
    }
}
