{
    "summary": {
        "stock_name": "燁興",
        "stock_id": "2007",
        "category": "鋼鐵",
        "main_business": "線材",
        "website_url": "http://www.yheco.com.tw",
        "ceo": "陳森龍",
        "pe_ratio": -5,
        "report_year_from": 2001,
        "report_year_to": 2023,
        "age": 23,
        "eps_negative_percentage": 70,
        "eps_growth_avg": {
            "last_all": -60.83,
            "last_2y": -100,
            "last_4y": -100,
            "last_8y": -100,
            "last_12y": -99.15,
            "last_16y": -59.32,
            "last_20y": -60.83,
            "at_2006_last_3y": -64.58,
            "at_2007_last_3y": -64.58,
            "at_2008_last_3y": -100,
            "at_2009_last_3y": null,
            "at_2010_last_3y": 100,
            "at_2011_last_3y": 1.69,
            "at_2012_last_3y": -32.2,
            "at_2013_last_3y": -32.2,
            "at_2014_last_3y": -98.31,
            "at_2015_last_3y": -100,
            "at_2016_last_3y": null,
            "at_2017_last_3y": null,
            "at_2018_last_3y": null,
            "at_2019_last_3y": -100,
            "at_2020_last_3y": -100,
            "at_2021_last_3y": -100,
            "at_2022_last_3y": -100,
            "at_2023_last_3y": -100,
            "at_2024_last_3y": -100,
            "at_2006_last_all": -64.58,
            "at_2007_last_all": -64.58,
            "at_2008_last_all": -64.58,
            "at_2009_last_all": -64.58,
            "at_2010_last_all": -9.72,
            "at_2011_last_all": -31.44,
            "at_2012_last_all": -45.16,
            "at_2013_last_all": -45.16,
            "at_2014_last_all": -45.16,
            "at_2015_last_all": -45.16,
            "at_2016_last_all": -45.16,
            "at_2017_last_all": -45.16,
            "at_2018_last_all": -45.16,
            "at_2019_last_all": -54.3,
            "at_2020_last_all": -54.3,
            "at_2021_last_all": -54.3,
            "at_2022_last_all": -60.83,
            "at_2023_last_all": -60.83,
            "at_2024_last_all": -60.83
        },
        "latest_eps": -1.85,
        "latest_price": 10.1,
        "latest_roe": -15.56,
        "latest_gross_margin": -13.97,
        "latest_equity": 5820479,
        "latest_revenue": 1219100,
        "latest_gross_profit": -170324,
        "latest_net_income": -289139,
        "latest_debt_ratio": 52.37,
        "latest_current_ratio": 92.07,
        "latest_account_receivable_turnover_ratio": 8.68,
        "latest_inventory_turnover_ratio": 1.1,
        "latest_reinvestment_rate": null,
        "latest_research_to_sale_ratio": null
    },
    "eps_dividends": {
        "1991": {
            "cash": 0,
            "stock": 0.12,
            "eps": 0
        },
        "1997": {
            "cash": 0,
            "stock": 0.05,
            "eps": 0
        },
        "1998": {
            "cash": 0,
            "stock": 0.1,
            "eps": 0
        },
        "1999": {
            "cash": 0,
            "stock": 0.01,
            "eps": 0
        },
        "2001": {
            "cash": 0,
            "stock": 0,
            "eps": -4.44
        },
        "2002": {
            "cash": 0,
            "stock": 0,
            "eps": -4.44
        },
        "2003": {
            "cash": 0,
            "stock": 0,
            "eps": 0.72
        },
        "2004": {
            "cash": 0,
            "stock": 0,
            "eps": 0.51
        },
        "2005": {
            "cash": 0,
            "stock": 0,
            "eps": -1.64
        },
        "2006": {
            "cash": 0,
            "stock": 0,
            "eps": -1.51
        },
        "2007": {
            "cash": 0,
            "stock": 0,
            "eps": -0.31
        },
        "2008": {
            "cash": 0,
            "stock": 0,
            "eps": -0.49
        },
        "2009": {
            "cash": 0,
            "stock": 0,
            "eps": 0.19
        },
        "2010": {
            "cash": 0,
            "stock": 0,
            "eps": 0.59
        },
        "2011": {
            "cash": 0.2,
            "stock": 0.2,
            "eps": 0.02
        },
        "2012": {
            "cash": 0,
            "stock": 0,
            "eps": -1.22
        },
        "2013": {
            "cash": 0,
            "stock": 0,
            "eps": -1.33
        },
        "2014": {
            "cash": 0,
            "stock": 0,
            "eps": -1
        },
        "2015": {
            "cash": 0,
            "stock": 0,
            "eps": -0.79
        },
        "2016": {
            "cash": 0,
            "stock": 0,
            "eps": -0.41
        },
        "2017": {
            "cash": 0,
            "stock": 0,
            "eps": -0.32
        },
        "2018": {
            "cash": 0,
            "stock": 0,
            "eps": 0.03
        },
        "2019": {
            "cash": 0,
            "stock": 0,
            "eps": -1.21
        },
        "2020": {
            "cash": 0,
            "stock": 0,
            "eps": -0.89
        },
        "2021": {
            "cash": 0,
            "stock": 0,
            "eps": 0.02
        },
        "2022": {
            "cash": 0,
            "stock": 0,
            "eps": -1.32
        },
        "2023": {
            "cash": 0,
            "stock": 0,
            "eps": -1.84
        }
    },
    "dividends": {
        "1991-06-14": {
            "cash": 0,
            "stock": 0.12
        },
        "1997-05-28": {
            "cash": 0,
            "stock": 0.05
        },
        "1998-06-08": {
            "cash": 0,
            "stock": 0.1
        },
        "1999-06-25": {
            "cash": 0,
            "stock": 0.01
        },
        "2011-04-25": {
            "cash": 0.2,
            "stock": 0.2
        }
    },
    "prices": {
        "200101": "2.59",
        "200102": "3.34",
        "200103": "3.05",
        "200104": "2.50",
        "200105": "2.09",
        "200106": "1.91",
        "200107": "1.23",
        "200108": "1.31",
        "200109": "1.21",
        "200110": "0.98",
        "200111": "0.69",
        "200112": "0.79",
        "200201": "1.19",
        "200202": "2.12",
        "200203": "2.67",
        "200204": "3.35",
        "200205": "3.41",
        "200206": "4.01",
        "200207": "3.86",
        "200208": "3.55",
        "200209": "2.68",
        "200210": "2.84",
        "200211": "3.96",
        "200212": "3.67",
        "200301": "5.46",
        "200302": "7.53",
        "200303": "6.51",
        "200304": "4.60",
        "200305": "3.79",
        "200306": "4.62",
        "200307": "5.51",
        "200308": "5.82",
        "200309": "6.02",
        "200310": "6.17",
        "200311": "6.06",
        "200312": "6.00",
        "200401": "6.40",
        "200402": "8.23",
        "200403": "11.37",
        "200404": "10.96",
        "200405": "7.73",
        "200406": "8.09",
        "200407": "8.42",
        "200408": "7.97",
        "200409": "10.56",
        "200410": "10.73",
        "200411": "8.98",
        "200412": "9.27",
        "200501": "9.06",
        "200502": "8.87",
        "200503": "7.95",
        "200504": "6.70",
        "200505": "5.05",
        "200506": "6.25",
        "200507": "6.14",
        "200508": "5.87",
        "200509": "5.15",
        "200510": "4.00",
        "200511": "3.54",
        "200512": "3.71",
        "200601": "4.16",
        "200602": "4.83",
        "200603": "4.51",
        "200604": "5.02",
        "200605": "4.44",
        "200606": "3.50",
        "200607": "3.48",
        "200608": "3.26",
        "200609": "3.00",
        "200610": "3.52",
        "200611": "3.78",
        "200612": "4.43",
        "200701": "4.24",
        "200702": "4.33",
        "200703": "5.08",
        "200704": "10.39",
        "200705": "9.65",
        "200706": "9.26",
        "200707": "10.14",
        "200708": "8.32",
        "200709": "7.96",
        "200710": "7.41",
        "200711": "6.92",
        "200712": "6.20",
        "200801": "5.63",
        "200802": "5.80",
        "200803": "7.01",
        "200804": "7.62",
        "200805": "8.87",
        "200806": "7.34",
        "200807": "6.34",
        "200808": "5.33",
        "200809": "4.48",
        "200810": "3.22",
        "200811": "3.03",
        "200812": "2.87",
        "200901": "2.96",
        "200902": "2.92",
        "200903": "3.28",
        "200904": "4.53",
        "200905": "4.66",
        "200906": "4.46",
        "200907": "4.50",
        "200908": "5.24",
        "200909": "6.63",
        "200910": "6.19",
        "200911": "5.98",
        "200912": "6.34",
        "201001": "7.87",
        "201002": "7.28",
        "201003": "7.96",
        "201004": "8.52",
        "201005": "7.82",
        "201006": "7.38",
        "201007": "7.66",
        "201008": "7.95",
        "201009": "8.32",
        "201010": "7.90",
        "201011": "7.49",
        "201012": "7.86",
        "201101": "8.29",
        "201102": "8.43",
        "201103": "8.04",
        "201104": "8.01",
        "201105": "7.96",
        "201106": "7.72",
        "201107": "7.62",
        "201108": "6.78",
        "201109": "6.46",
        "201110": "5.51",
        "201111": "5.00",
        "201112": "4.25",
        "201201": "4.26",
        "201202": "5.78",
        "201203": "5.96",
        "201204": "5.35",
        "201205": "5.02",
        "201206": "4.43",
        "201207": "4.46",
        "201208": "4.54",
        "201209": "5.24",
        "201210": "5.32",
        "201211": "5.34",
        "201212": "5.64",
        "201301": "7.70",
        "201302": "7.38",
        "201303": "6.76",
        "201304": "6.73",
        "201305": "7.20",
        "201306": "7.57",
        "201307": "7.54",
        "201308": "7.35",
        "201309": "7.27",
        "201310": "7.19",
        "201311": "6.56",
        "201312": "6.80",
        "201401": "6.99",
        "201402": "6.84",
        "201403": "6.51",
        "201404": "6.38",
        "201405": "6.32",
        "201406": "6.32",
        "201407": "6.59",
        "201408": "6.97",
        "201409": "6.68",
        "201410": "5.90",
        "201411": "5.64",
        "201412": "5.58",
        "201501": "5.65",
        "201502": "5.91",
        "201503": "5.74",
        "201504": "5.37",
        "201505": "5.10",
        "201506": "4.08",
        "201507": "3.53",
        "201508": "3.13",
        "201509": "3.52",
        "201510": "4.07",
        "201511": "4.53",
        "201512": "4.54",
        "201601": "4.53",
        "201602": "4.80",
        "201603": "5.04",
        "201604": "4.83",
        "201605": "4.33",
        "201606": "4.58",
        "201607": "4.85",
        "201608": "4.89",
        "201609": "4.82",
        "201610": "4.79",
        "201611": "4.95",
        "201612": "4.74",
        "201701": "4.61",
        "201702": "5.66",
        "201703": "5.92",
        "201704": "4.97",
        "201705": "4.68",
        "201706": "4.96",
        "201707": "4.95",
        "201708": "4.88",
        "201709": "4.88",
        "201710": "4.71",
        "201711": "4.84",
        "201712": "4.91",
        "201801": "5.69",
        "201802": "5.46",
        "201803": "5.41",
        "201804": "5.28",
        "201805": "5.13",
        "201806": "5.05",
        "201807": "4.97",
        "201808": "4.98",
        "201809": "4.96",
        "201810": "4.81",
        "201811": "4.92",
        "201812": "5.57",
        "201901": "5.45",
        "201902": "5.45",
        "201903": "5.30",
        "201904": "5.07",
        "201905": "4.89",
        "201906": "4.89",
        "201907": "4.66",
        "201908": "4.49",
        "201909": "4.75",
        "201910": "4.62",
        "201911": "4.39",
        "201912": "4.14",
        "202001": "4.22",
        "202002": "3.92",
        "202003": "3.81",
        "202004": "3.84",
        "202005": "3.83",
        "202006": "4.01",
        "202007": "4.04",
        "202008": "4.05",
        "202009": "6.64",
        "202010": "7.03",
        "202011": "7.11",
        "202012": "8.71",
        "202101": "8.52",
        "202102": "8.68",
        "202103": "9.06",
        "202104": "12.87",
        "202105": "14.65",
        "202106": "15.38",
        "202107": "25.75",
        "202108": "29.25",
        "202109": "29.18",
        "202110": "24.02",
        "202111": "21.90",
        "202112": "21.36",
        "202201": "18.83",
        "202202": "18.91",
        "202203": "20.11",
        "202204": "19.14",
        "202205": "15.35",
        "202206": "13.70",
        "202207": "11.45",
        "202208": "12.06",
        "202209": "10.71",
        "202210": "9.45",
        "202211": "9.88",
        "202212": "11.24",
        "202301": "12.15",
        "202302": "12.36",
        "202303": "11.70",
        "202304": "11.06",
        "202305": "10.47",
        "202306": "10.50",
        "202307": "9.94",
        "202308": "9.75",
        "202309": "9.81",
        "202310": "9.40",
        "202311": "10.41",
        "202312": "11.97",
        "202401": "11.90",
        "202402": "10.79",
        "202403": "10.19",
        "202404": "無"
    },
    "quarters": {
        "20011": {
            "year_quarter": 20011,
            "year": 2001,
            "quarter": 1,
            "eps": -0.09,
            "eps_growth_year": -181.82,
            "eps_4q": -0.19,
            "eps_4q_growth_year": -125.75,
            "roe": -0.55,
            "roe_4q": -0.55,
            "gross_profit": 282807,
            "gross_margin": 10.5,
            "gross_margin_4q_avg": 10.5,
            "net_income": -35966,
            "net_income_4q": null,
            "revenue": 2693376,
            "revenue_4q": null,
            "common_shares": 3801685,
            "book_valuer_per_share": 17.14,
            "book_valuer_per_share_4q_avg": 17.14,
            "equity": 6516952,
            "current_ratio": 38.49,
            "debt_ratio": 68.37,
            "inventory_turnover_ratio": 1.46,
            "account_receivable_turnover_ratio": null,
            "reinvestment_rate": null,
            "research_to_sale_ratio": null,
            "price_fair": 0,
            "eps_avg_yearly": 0,
            "eps_latest_yearly": 0,
            "eps_growth_yearly": 0
        },
        "20012": {
            "year_quarter": 20012,
            "year": 2001,
            "quarter": 2,
            "eps": -1.1,
            "eps_growth_year": -1200,
            "eps_4q": -1.39,
            "eps_4q_growth_year": -391.36,
            "roe": -6.62,
            "roe_4q": -7.17,
            "gross_profit": 19348,
            "gross_margin": 0.75,
            "gross_margin_4q_avg": 5.63,
            "net_income": -416731,
            "net_income_4q": null,
            "revenue": 2567149,
            "revenue_4q": null,
            "common_shares": 3801685,
            "book_valuer_per_share": 15.97,
            "book_valuer_per_share_4q_avg": 16.56,
            "equity": 6073047,
            "current_ratio": 34.92,
            "debt_ratio": 69.97,
            "inventory_turnover_ratio": 2.01,
            "account_receivable_turnover_ratio": null,
            "reinvestment_rate": null,
            "research_to_sale_ratio": null,
            "price_fair": 0,
            "eps_avg_yearly": 0,
            "eps_latest_yearly": 0,
            "eps_growth_yearly": 0
        },
        "20013": {
            "year_quarter": 20013,
            "year": 2001,
            "quarter": 3,
            "eps": -2.64,
            "eps_growth_year": -1985.71,
            "eps_4q": -4.17,
            "eps_4q_growth_year": -829.75,
            "roe": -18.04,
            "roe_4q": -25.21,
            "gross_profit": -101281,
            "gross_margin": -5.8,
            "gross_margin_4q_avg": 1.82,
            "net_income": -1002503,
            "net_income_4q": null,
            "revenue": 1747131,
            "revenue_4q": null,
            "common_shares": 3801685,
            "book_valuer_per_share": 13.26,
            "book_valuer_per_share_4q_avg": 15.46,
            "equity": 5040098,
            "current_ratio": 34.65,
            "debt_ratio": 73.59,
            "inventory_turnover_ratio": 1.99,
            "account_receivable_turnover_ratio": null,
            "reinvestment_rate": null,
            "research_to_sale_ratio": null,
            "price_fair": 0,
            "eps_avg_yearly": 0,
            "eps_latest_yearly": 0,
            "eps_growth_yearly": 0
        },
        "20014": {
            "year_quarter": 20014,
            "year": 2001,
            "quarter": 4,
            "eps": -0.61,
            "eps_growth_year": null,
            "eps_4q": -4.44,
            "eps_4q_growth_year": -179857.08,
            "roe": -4.73,
            "roe_4q": -29.94,
            "gross_profit": 56380,
            "gross_margin": 3.69,
            "gross_margin_4q_avg": 2.29,
            "net_income": -232468,
            "net_income_4q": null,
            "revenue": 1528671,
            "revenue_4q": null,
            "common_shares": 3801685,
            "book_valuer_per_share": 12.6,
            "book_valuer_per_share_4q_avg": 14.74,
            "equity": 4790836,
            "current_ratio": 30.56,
            "debt_ratio": 74.07,
            "inventory_turnover_ratio": 2.28,
            "account_receivable_turnover_ratio": null,
            "reinvestment_rate": null,
            "research_to_sale_ratio": null,
            "price_fair": 0,
            "eps_avg_yearly": 0,
            "eps_latest_yearly": 0,
            "eps_growth_yearly": 0
        },
        "20021": {
            "year_quarter": 20021,
            "year": 2002,
            "quarter": 1,
            "eps": -0.85,
            "eps_growth_year": null,
            "eps_4q": -5.19,
            "eps_4q_growth_year": null,
            "roe": -6.83,
            "roe_4q": -36.22,
            "gross_profit": 59219,
            "gross_margin": 4.34,
            "gross_margin_4q_avg": 0.75,
            "net_income": -323136,
            "net_income_4q": null,
            "revenue": 1365795,
            "revenue_4q": null,
            "common_shares": 3801685,
            "book_valuer_per_share": 12.27,
            "book_valuer_per_share_4q_avg": 13.53,
            "equity": 4665708,
            "current_ratio": 29.28,
            "debt_ratio": 74.55,
            "inventory_turnover_ratio": 2.71,
            "account_receivable_turnover_ratio": null,
            "reinvestment_rate": null,
            "research_to_sale_ratio": null,
            "price_fair": 0,
            "eps_avg_yearly": 0,
            "eps_latest_yearly": 0,
            "eps_growth_yearly": 0
        },
        "20022": {
            "year_quarter": 20022,
            "year": 2002,
            "quarter": 2,
            "eps": -0.87,
            "eps_growth_year": null,
            "eps_4q": -4.97,
            "eps_4q_growth_year": null,
            "roe": -7.17,
            "roe_4q": -36.769999999999996,
            "gross_profit": 188675,
            "gross_margin": 11.55,
            "gross_margin_4q_avg": 3.45,
            "net_income": -332091,
            "net_income_4q": null,
            "revenue": 1634140,
            "revenue_4q": null,
            "common_shares": 3801685,
            "book_valuer_per_share": 12.1,
            "book_valuer_per_share_4q_avg": 12.56,
            "equity": 4600724,
            "current_ratio": 27.16,
            "debt_ratio": 74.43,
            "inventory_turnover_ratio": 3.29,
            "account_receivable_turnover_ratio": null,
            "reinvestment_rate": null,
            "research_to_sale_ratio": null,
            "price_fair": 0,
            "eps_avg_yearly": 0,
            "eps_latest_yearly": 0,
            "eps_growth_yearly": 0
        },
        "20023": {
            "year_quarter": 20023,
            "year": 2002,
            "quarter": 3,
            "eps": -0.38,
            "eps_growth_year": null,
            "eps_4q": -2.71,
            "eps_4q_growth_year": null,
            "roe": -3.17,
            "roe_4q": -21.900000000000002,
            "gross_profit": 188458,
            "gross_margin": 11.42,
            "gross_margin_4q_avg": 7.75,
            "net_income": -143537,
            "net_income_4q": null,
            "revenue": 1650691,
            "revenue_4q": null,
            "common_shares": 3801685,
            "book_valuer_per_share": 11.73,
            "book_valuer_per_share_4q_avg": 12.18,
            "equity": 4460292,
            "current_ratio": 25.96,
            "debt_ratio": 74.95,
            "inventory_turnover_ratio": 3.42,
            "account_receivable_turnover_ratio": null,
            "reinvestment_rate": null,
            "research_to_sale_ratio": null,
            "price_fair": 0,
            "eps_avg_yearly": 0,
            "eps_latest_yearly": 0,
            "eps_growth_yearly": 0
        },
        "20024": {
            "year_quarter": 20024,
            "year": 2002,
            "quarter": 4,
            "eps": -2.34,
            "eps_growth_year": null,
            "eps_4q": -4.44,
            "eps_4q_growth_year": null,
            "roe": -22.09,
            "roe_4q": -39.26,
            "gross_profit": 146035,
            "gross_margin": 8.67,
            "gross_margin_4q_avg": 9,
            "net_income": -887784,
            "net_income_4q": null,
            "revenue": 1683765,
            "revenue_4q": null,
            "common_shares": 3801685,
            "book_valuer_per_share": 9.41,
            "book_valuer_per_share_4q_avg": 11.38,
            "equity": 3579025,
            "current_ratio": 31.06,
            "debt_ratio": 78.94,
            "inventory_turnover_ratio": 3.2,
            "account_receivable_turnover_ratio": null,
            "reinvestment_rate": null,
            "research_to_sale_ratio": null,
            "price_fair": 0,
            "eps_avg_yearly": 0,
            "eps_latest_yearly": 0,
            "eps_growth_yearly": 0
        },
        "20031": {
            "year_quarter": 20031,
            "year": 2003,
            "quarter": 1,
            "eps": -0.13,
            "eps_growth_year": null,
            "eps_4q": -3.81,
            "eps_4q_growth_year": null,
            "roe": -1.36,
            "roe_4q": -33.79,
            "gross_profit": 26475,
            "gross_margin": 1.55,
            "gross_margin_4q_avg": 8.3,
            "net_income": -48177,
            "net_income_4q": null,
            "revenue": 1709383,
            "revenue_4q": null,
            "common_shares": 3801685,
            "book_valuer_per_share": 9.25,
            "book_valuer_per_share_4q_avg": 10.62,
            "equity": 3517714,
            "current_ratio": 30.97,
            "debt_ratio": 78.53,
            "inventory_turnover_ratio": 4.2,
            "account_receivable_turnover_ratio": null,
            "reinvestment_rate": null,
            "research_to_sale_ratio": null,
            "price_fair": 0,
            "eps_avg_yearly": 0,
            "eps_latest_yearly": 0,
            "eps_growth_yearly": 0
        },
        "20032": {
            "year_quarter": 20032,
            "year": 2003,
            "quarter": 2,
            "eps": -0.01,
            "eps_growth_year": null,
            "eps_4q": -2.85,
            "eps_4q_growth_year": null,
            "roe": -0.12,
            "roe_4q": -26.740000000000002,
            "gross_profit": 229947,
            "gross_margin": 15.65,
            "gross_margin_4q_avg": 9.32,
            "net_income": -4076,
            "net_income_4q": null,
            "revenue": 1469227,
            "revenue_4q": null,
            "common_shares": 3801685,
            "book_valuer_per_share": 9.24,
            "book_valuer_per_share_4q_avg": 9.91,
            "equity": 3513399,
            "current_ratio": 30.92,
            "debt_ratio": 78.7,
            "inventory_turnover_ratio": 3.6,
            "account_receivable_turnover_ratio": null,
            "reinvestment_rate": null,
            "research_to_sale_ratio": null,
            "price_fair": 0,
            "eps_avg_yearly": 0,
            "eps_latest_yearly": 0,
            "eps_growth_yearly": 0
        },
        "20033": {
            "year_quarter": 20033,
            "year": 2003,
            "quarter": 3,
            "eps": -0.1,
            "eps_growth_year": null,
            "eps_4q": -2.57,
            "eps_4q_growth_year": null,
            "roe": -1.11,
            "roe_4q": -24.68,
            "gross_profit": 77727,
            "gross_margin": 5.49,
            "gross_margin_4q_avg": 7.84,
            "net_income": -38884,
            "net_income_4q": null,
            "revenue": 1415029,
            "revenue_4q": null,
            "common_shares": 3801685,
            "book_valuer_per_share": 9.14,
            "book_valuer_per_share_4q_avg": 9.26,
            "equity": 3473051,
            "current_ratio": 29.53,
            "debt_ratio": 78.72,
            "inventory_turnover_ratio": 2.87,
            "account_receivable_turnover_ratio": null,
            "reinvestment_rate": null,
            "research_to_sale_ratio": null,
            "price_fair": 0,
            "eps_avg_yearly": 0,
            "eps_latest_yearly": 0,
            "eps_growth_yearly": 0
        },
        "20034": {
            "year_quarter": 20034,
            "year": 2003,
            "quarter": 4,
            "eps": 0.96,
            "eps_growth_year": null,
            "eps_4q": 0.72,
            "eps_4q_growth_year": null,
            "roe": 9.95,
            "roe_4q": 7.36,
            "gross_profit": 112014,
            "gross_margin": 6.34,
            "gross_margin_4q_avg": 7.26,
            "net_income": 363609,
            "net_income_4q": null,
            "revenue": 1766428,
            "revenue_4q": null,
            "common_shares": 3801685,
            "book_valuer_per_share": 10.09,
            "book_valuer_per_share_4q_avg": 9.43,
            "equity": 3837035,
            "current_ratio": 53.9,
            "debt_ratio": 76.41,
            "inventory_turnover_ratio": 3.7,
            "account_receivable_turnover_ratio": null,
            "reinvestment_rate": null,
            "research_to_sale_ratio": null,
            "price_fair": 0,
            "eps_avg_yearly": 0,
            "eps_latest_yearly": 0,
            "eps_growth_yearly": 0
        },
        "20041": {
            "year_quarter": 20041,
            "year": 2004,
            "quarter": 1,
            "eps": 0.26,
            "eps_growth_year": null,
            "eps_4q": 1.11,
            "eps_4q_growth_year": null,
            "roe": 2.53,
            "roe_4q": 11.25,
            "gross_profit": 157598,
            "gross_margin": 8.3,
            "gross_margin_4q_avg": 8.95,
            "net_income": 98220,
            "net_income_4q": null,
            "revenue": 1898004,
            "revenue_4q": null,
            "common_shares": 3801685,
            "book_valuer_per_share": 10.35,
            "book_valuer_per_share_4q_avg": 9.71,
            "equity": 3933654,
            "current_ratio": 29.93,
            "debt_ratio": 73.02,
            "inventory_turnover_ratio": 4.04,
            "account_receivable_turnover_ratio": null,
            "reinvestment_rate": null,
            "research_to_sale_ratio": null,
            "price_fair": 3.12,
            "eps_avg_yearly": 1.04,
            "eps_latest_yearly": 1.04,
            "eps_growth_yearly": -291.67
        },
        "20042": {
            "year_quarter": 20042,
            "year": 2004,
            "quarter": 2,
            "eps": 0.47,
            "eps_growth_year": null,
            "eps_4q": 1.58,
            "eps_4q_growth_year": null,
            "roe": 4.45,
            "roe_4q": 15.82,
            "gross_profit": 253278,
            "gross_margin": 13.18,
            "gross_margin_4q_avg": 8.33,
            "net_income": 179159,
            "net_income_4q": null,
            "revenue": 1922319,
            "revenue_4q": null,
            "common_shares": 3801685,
            "book_valuer_per_share": 10.82,
            "book_valuer_per_share_4q_avg": 10.1,
            "equity": 4114056,
            "current_ratio": 34.15,
            "debt_ratio": 71.95,
            "inventory_turnover_ratio": 3.23,
            "account_receivable_turnover_ratio": null,
            "reinvestment_rate": null,
            "research_to_sale_ratio": null,
            "price_fair": 37.53,
            "eps_avg_yearly": 1.46,
            "eps_latest_yearly": 1.88,
            "eps_growth_yearly": 15.71
        },
        "20043": {
            "year_quarter": 20043,
            "year": 2004,
            "quarter": 3,
            "eps": -0.16,
            "eps_growth_year": null,
            "eps_4q": 1.52,
            "eps_4q_growth_year": null,
            "roe": -1.52,
            "roe_4q": 15.41,
            "gross_profit": 103879,
            "gross_margin": 4.96,
            "gross_margin_4q_avg": 8.2,
            "net_income": -62091,
            "net_income_4q": null,
            "revenue": 2093099,
            "revenue_4q": null,
            "common_shares": 3801685,
            "book_valuer_per_share": 10.66,
            "book_valuer_per_share_4q_avg": 10.48,
            "equity": 4052340,
            "current_ratio": 32.2,
            "debt_ratio": 72.01,
            "inventory_turnover_ratio": 3.98,
            "account_receivable_turnover_ratio": null,
            "reinvestment_rate": null,
            "research_to_sale_ratio": null,
            "price_fair": 37.53,
            "eps_avg_yearly": 1.46,
            "eps_latest_yearly": 1.88,
            "eps_growth_yearly": 15.71
        },
        "20044": {
            "year_quarter": 20044,
            "year": 2004,
            "quarter": 4,
            "eps": -0.06,
            "eps_growth_year": -106.25,
            "eps_4q": 0.51,
            "eps_4q_growth_year": -29.11,
            "roe": -0.58,
            "roe_4q": 4.88,
            "gross_profit": 60908,
            "gross_margin": 2.88,
            "gross_margin_4q_avg": 7.33,
            "net_income": -23297,
            "net_income_4q": null,
            "revenue": 2117718,
            "revenue_4q": null,
            "common_shares": 3801685,
            "book_valuer_per_share": 10.59,
            "book_valuer_per_share_4q_avg": 10.61,
            "equity": 4025179,
            "current_ratio": 29.72,
            "debt_ratio": 71.76,
            "inventory_turnover_ratio": 4.87,
            "account_receivable_turnover_ratio": null,
            "reinvestment_rate": null,
            "research_to_sale_ratio": null,
            "price_fair": 37.53,
            "eps_avg_yearly": 1.46,
            "eps_latest_yearly": 1.88,
            "eps_growth_yearly": 15.71
        },
        "20051": {
            "year_quarter": 20051,
            "year": 2005,
            "quarter": 1,
            "eps": -0.25,
            "eps_growth_year": -196.15,
            "eps_4q": 0,
            "eps_4q_growth_year": -99.96,
            "roe": -2.35,
            "roe_4q": 0,
            "gross_profit": 105799,
            "gross_margin": 5.31,
            "gross_margin_4q_avg": 6.58,
            "net_income": -93622,
            "net_income_4q": null,
            "revenue": 1992266,
            "revenue_4q": null,
            "common_shares": 3801685,
            "book_valuer_per_share": 10.34,
            "book_valuer_per_share_4q_avg": 10.6,
            "equity": 3931275,
            "current_ratio": 32.61,
            "debt_ratio": 72.9,
            "inventory_turnover_ratio": 3.48,
            "account_receivable_turnover_ratio": null,
            "reinvestment_rate": null,
            "research_to_sale_ratio": null,
            "price_fair": 37.53,
            "eps_avg_yearly": 1.46,
            "eps_latest_yearly": 1.88,
            "eps_growth_yearly": 15.71
        },
        "20052": {
            "year_quarter": 20052,
            "year": 2005,
            "quarter": 2,
            "eps": -0.2,
            "eps_growth_year": -142.55,
            "eps_4q": -0.67,
            "eps_4q_growth_year": -142.5,
            "roe": -1.96,
            "roe_4q": -6.41,
            "gross_profit": 98979,
            "gross_margin": 4.71,
            "gross_margin_4q_avg": 4.47,
            "net_income": -76215,
            "net_income_4q": null,
            "revenue": 2101046,
            "revenue_4q": null,
            "common_shares": 3801685,
            "book_valuer_per_share": 10.14,
            "book_valuer_per_share_4q_avg": 10.43,
            "equity": 3855188,
            "current_ratio": 34.37,
            "debt_ratio": 73.56,
            "inventory_turnover_ratio": 2.55,
            "account_receivable_turnover_ratio": null,
            "reinvestment_rate": null,
            "research_to_sale_ratio": null,
            "price_fair": 37.53,
            "eps_avg_yearly": 1.46,
            "eps_latest_yearly": 1.88,
            "eps_growth_yearly": 15.71
        },
        "20053": {
            "year_quarter": 20053,
            "year": 2005,
            "quarter": 3,
            "eps": -0.75,
            "eps_growth_year": null,
            "eps_4q": -1.25,
            "eps_4q_growth_year": -182.37,
            "roe": -7.64,
            "roe_4q": -12.53,
            "gross_profit": -62551,
            "gross_margin": -3.13,
            "gross_margin_4q_avg": 2.44,
            "net_income": -283719,
            "net_income_4q": null,
            "revenue": 1995384,
            "revenue_4q": null,
            "common_shares": 3801685,
            "book_valuer_per_share": 9.4,
            "book_valuer_per_share_4q_avg": 10.12,
            "equity": 3574124,
            "current_ratio": 30.42,
            "debt_ratio": 74.94,
            "inventory_turnover_ratio": 2.78,
            "account_receivable_turnover_ratio": null,
            "reinvestment_rate": null,
            "research_to_sale_ratio": null,
            "price_fair": 37.53,
            "eps_avg_yearly": 1.46,
            "eps_latest_yearly": 1.88,
            "eps_growth_yearly": 15.71
        },
        "20054": {
            "year_quarter": 20054,
            "year": 2005,
            "quarter": 4,
            "eps": -0.44,
            "eps_growth_year": null,
            "eps_4q": -1.63,
            "eps_4q_growth_year": -419.61,
            "roe": -4.79,
            "roe_4q": -16.740000000000002,
            "gross_profit": 1058,
            "gross_margin": 0.05,
            "gross_margin_4q_avg": 1.74,
            "net_income": -165447,
            "net_income_4q": null,
            "revenue": 2046705,
            "revenue_4q": null,
            "common_shares": 3801685,
            "book_valuer_per_share": 8.77,
            "book_valuer_per_share_4q_avg": 9.66,
            "equity": 3334516,
            "current_ratio": 29.09,
            "debt_ratio": 76.28,
            "inventory_turnover_ratio": 3.67,
            "account_receivable_turnover_ratio": null,
            "reinvestment_rate": null,
            "research_to_sale_ratio": null,
            "price_fair": 37.53,
            "eps_avg_yearly": 1.46,
            "eps_latest_yearly": 1.88,
            "eps_growth_yearly": 15.71
        },
        "20061": {
            "year_quarter": 20061,
            "year": 2006,
            "quarter": 1,
            "eps": -0.51,
            "eps_growth_year": null,
            "eps_4q": -1.9,
            "eps_4q_growth_year": -477071.86,
            "roe": -5.96,
            "roe_4q": -20.35,
            "gross_profit": -64329,
            "gross_margin": -2.9,
            "gross_margin_4q_avg": -0.32,
            "net_income": -192995,
            "net_income_4q": null,
            "revenue": 2219430,
            "revenue_4q": null,
            "common_shares": 3801685,
            "book_valuer_per_share": 8.26,
            "book_valuer_per_share_4q_avg": 9.14,
            "equity": 3140882,
            "current_ratio": 25.5,
            "debt_ratio": 77.1,
            "inventory_turnover_ratio": 5.75,
            "account_receivable_turnover_ratio": null,
            "reinvestment_rate": null,
            "research_to_sale_ratio": null,
            "price_fair": 37.53,
            "eps_avg_yearly": 1.46,
            "eps_latest_yearly": 1.88,
            "eps_growth_yearly": 15.71
        },
        "20062": {
            "year_quarter": 20062,
            "year": 2006,
            "quarter": 2,
            "eps": -0.18,
            "eps_growth_year": null,
            "eps_4q": -1.12,
            "eps_4q_growth_year": null,
            "roe": -2.07,
            "roe_4q": -20.46,
            "gross_profit": 61769,
            "gross_margin": 2.92,
            "gross_margin_4q_avg": -0.77,
            "net_income": -73829,
            "net_income_4q": null,
            "revenue": 2118603,
            "revenue_4q": null,
            "common_shares": 6399985,
            "book_valuer_per_share": 6.26,
            "book_valuer_per_share_4q_avg": 8.17,
            "equity": 4008826,
            "current_ratio": 32.5,
            "debt_ratio": 71.42,
            "inventory_turnover_ratio": 4.63,
            "account_receivable_turnover_ratio": null,
            "reinvestment_rate": null,
            "research_to_sale_ratio": null,
            "price_fair": 37.53,
            "eps_avg_yearly": 1.46,
            "eps_latest_yearly": 1.88,
            "eps_growth_yearly": 15.71
        },
        "20063": {
            "year_quarter": 20063,
            "year": 2006,
            "quarter": 3,
            "eps": -0.38,
            "eps_growth_year": null,
            "eps_4q": -0.97,
            "eps_4q_growth_year": null,
            "roe": -4.8,
            "roe_4q": -17.619999999999997,
            "gross_profit": -31381,
            "gross_margin": -1.37,
            "gross_margin_4q_avg": -0.33,
            "net_income": -188077,
            "net_income_4q": null,
            "revenue": 2287268,
            "revenue_4q": null,
            "common_shares": 6399985,
            "book_valuer_per_share": 5.97,
            "book_valuer_per_share_4q_avg": 7.32,
            "equity": 3821855,
            "current_ratio": 33.3,
            "debt_ratio": 73.09,
            "inventory_turnover_ratio": 3.43,
            "account_receivable_turnover_ratio": null,
            "reinvestment_rate": null,
            "research_to_sale_ratio": null,
            "price_fair": 37.53,
            "eps_avg_yearly": 1.46,
            "eps_latest_yearly": 1.88,
            "eps_growth_yearly": 15.71
        },
        "20064": {
            "year_quarter": 20064,
            "year": 2006,
            "quarter": 4,
            "eps": -0.44,
            "eps_growth_year": null,
            "eps_4q": -1.3,
            "eps_4q_growth_year": null,
            "roe": -6.3,
            "roe_4q": -19.13,
            "gross_profit": -17434,
            "gross_margin": -0.68,
            "gross_margin_4q_avg": -0.51,
            "net_income": -233417,
            "net_income_4q": null,
            "revenue": 2579270,
            "revenue_4q": null,
            "common_shares": 6399985,
            "book_valuer_per_share": 5.61,
            "book_valuer_per_share_4q_avg": 6.53,
            "equity": 3587673,
            "current_ratio": 34.72,
            "debt_ratio": 75.15,
            "inventory_turnover_ratio": 2.62,
            "account_receivable_turnover_ratio": null,
            "reinvestment_rate": null,
            "research_to_sale_ratio": null,
            "price_fair": 37.53,
            "eps_avg_yearly": 1.46,
            "eps_latest_yearly": 1.88,
            "eps_growth_yearly": 15.71
        },
        "20071": {
            "year_quarter": 20071,
            "year": 2007,
            "quarter": 1,
            "eps": -0.05,
            "eps_growth_year": null,
            "eps_4q": -0.92,
            "eps_4q_growth_year": null,
            "roe": -0.62,
            "roe_4q": -13.79,
            "gross_profit": 136946,
            "gross_margin": 4.31,
            "gross_margin_4q_avg": 1.3,
            "net_income": -28523,
            "net_income_4q": null,
            "revenue": 3180961,
            "revenue_4q": null,
            "common_shares": 7320573,
            "book_valuer_per_share": 7.6,
            "book_valuer_per_share_4q_avg": 6.36,
            "equity": 5559975,
            "current_ratio": 37,
            "debt_ratio": 60.28,
            "inventory_turnover_ratio": 3.09,
            "account_receivable_turnover_ratio": null,
            "reinvestment_rate": null,
            "research_to_sale_ratio": null,
            "price_fair": 37.53,
            "eps_avg_yearly": 1.46,
            "eps_latest_yearly": 1.88,
            "eps_growth_yearly": 15.71
        },
        "20072": {
            "year_quarter": 20072,
            "year": 2007,
            "quarter": 2,
            "eps": 0.12,
            "eps_growth_year": null,
            "eps_4q": -0.56,
            "eps_4q_growth_year": null,
            "roe": 1.42,
            "roe_4q": -10.3,
            "gross_profit": 272958,
            "gross_margin": 8.24,
            "gross_margin_4q_avg": 2.63,
            "net_income": 79779,
            "net_income_4q": null,
            "revenue": 3312376,
            "revenue_4q": null,
            "common_shares": 7320572,
            "book_valuer_per_share": 7.7,
            "book_valuer_per_share_4q_avg": 6.72,
            "equity": 5639370,
            "current_ratio": 36.02,
            "debt_ratio": 59.21,
            "inventory_turnover_ratio": 3.93,
            "account_receivable_turnover_ratio": null,
            "reinvestment_rate": null,
            "research_to_sale_ratio": null,
            "price_fair": 37.53,
            "eps_avg_yearly": 1.46,
            "eps_latest_yearly": 1.88,
            "eps_growth_yearly": 15.71
        },
        "20073": {
            "year_quarter": 20073,
            "year": 2007,
            "quarter": 3,
            "eps": -0.26,
            "eps_growth_year": null,
            "eps_4q": -0.49,
            "eps_4q_growth_year": null,
            "roe": -3.23,
            "roe_4q": -8.73,
            "gross_profit": -60204,
            "gross_margin": -3.02,
            "gross_margin_4q_avg": 2.21,
            "net_income": -179471,
            "net_income_4q": null,
            "revenue": 1994595,
            "revenue_4q": null,
            "common_shares": 7320572,
            "book_valuer_per_share": 7.46,
            "book_valuer_per_share_4q_avg": 7.09,
            "equity": 5459539,
            "current_ratio": 34.65,
            "debt_ratio": 60.39,
            "inventory_turnover_ratio": 2.85,
            "account_receivable_turnover_ratio": null,
            "reinvestment_rate": null,
            "research_to_sale_ratio": null,
            "price_fair": 37.53,
            "eps_avg_yearly": 1.46,
            "eps_latest_yearly": 1.88,
            "eps_growth_yearly": 15.71
        },
        "20074": {
            "year_quarter": 20074,
            "year": 2007,
            "quarter": 4,
            "eps": -0.12,
            "eps_growth_year": null,
            "eps_4q": -0.3,
            "eps_4q_growth_year": null,
            "roe": -1.52,
            "roe_4q": -3.95,
            "gross_profit": 14665,
            "gross_margin": 0.7,
            "gross_margin_4q_avg": 2.56,
            "net_income": -82249,
            "net_income_4q": null,
            "revenue": 2098726,
            "revenue_4q": null,
            "common_shares": 7320572,
            "book_valuer_per_share": 7.34,
            "book_valuer_per_share_4q_avg": 7.53,
            "equity": 5376953,
            "current_ratio": 36.99,
            "debt_ratio": 61.13,
            "inventory_turnover_ratio": 2.84,
            "account_receivable_turnover_ratio": null,
            "reinvestment_rate": null,
            "research_to_sale_ratio": null,
            "price_fair": 37.53,
            "eps_avg_yearly": 1.46,
            "eps_latest_yearly": 1.88,
            "eps_growth_yearly": 15.71
        },
        "20081": {
            "year_quarter": 20081,
            "year": 2008,
            "quarter": 1,
            "eps": 0.04,
            "eps_growth_year": null,
            "eps_4q": -0.19,
            "eps_4q_growth_year": null,
            "roe": 0.6,
            "roe_4q": -2.7300000000000004,
            "gross_profit": 151221,
            "gross_margin": 5.4,
            "gross_margin_4q_avg": 2.83,
            "net_income": 32235,
            "net_income_4q": null,
            "revenue": 2800948,
            "revenue_4q": null,
            "common_shares": 7320572,
            "book_valuer_per_share": 7.38,
            "book_valuer_per_share_4q_avg": 7.47,
            "equity": 5405444,
            "current_ratio": 33.38,
            "debt_ratio": 60.36,
            "inventory_turnover_ratio": 3.87,
            "account_receivable_turnover_ratio": null,
            "reinvestment_rate": null,
            "research_to_sale_ratio": null,
            "price_fair": 65.8,
            "eps_avg_yearly": 1.88,
            "eps_latest_yearly": 1.88,
            "eps_growth_yearly": 323.08
        },
        "20082": {
            "year_quarter": 20082,
            "year": 2008,
            "quarter": 2,
            "eps": 0.17,
            "eps_growth_year": 41.67,
            "eps_4q": -0.14,
            "eps_4q_growth_year": null,
            "roe": 2.3,
            "roe_4q": -1.85,
            "gross_profit": 259839,
            "gross_margin": 9.41,
            "gross_margin_4q_avg": 3.12,
            "net_income": 125952,
            "net_income_4q": null,
            "revenue": 2760186,
            "revenue_4q": null,
            "common_shares": 7320572,
            "book_valuer_per_share": 7.56,
            "book_valuer_per_share_4q_avg": 7.44,
            "equity": 5531284,
            "current_ratio": 40.68,
            "debt_ratio": 61.6,
            "inventory_turnover_ratio": 2.94,
            "account_receivable_turnover_ratio": null,
            "reinvestment_rate": null,
            "research_to_sale_ratio": null,
            "price_fair": 23.8,
            "eps_avg_yearly": 0.68,
            "eps_latest_yearly": 0.68,
            "eps_growth_yearly": 1300
        },
        "20083": {
            "year_quarter": 20083,
            "year": 2008,
            "quarter": 3,
            "eps": -0.19,
            "eps_growth_year": null,
            "eps_4q": -0.09,
            "eps_4q_growth_year": null,
            "roe": -2.59,
            "roe_4q": -1.21,
            "gross_profit": 42178,
            "gross_margin": 1.72,
            "gross_margin_4q_avg": 4.31,
            "net_income": -141521,
            "net_income_4q": null,
            "revenue": 2449341,
            "revenue_4q": null,
            "common_shares": 7320572,
            "book_valuer_per_share": 7.37,
            "book_valuer_per_share_4q_avg": 7.41,
            "equity": 5393262,
            "current_ratio": 38.46,
            "debt_ratio": 62.62,
            "inventory_turnover_ratio": 1.89,
            "account_receivable_turnover_ratio": null,
            "reinvestment_rate": null,
            "research_to_sale_ratio": null,
            "price_fair": 23.8,
            "eps_avg_yearly": 0.68,
            "eps_latest_yearly": 0.68,
            "eps_growth_yearly": 1300
        },
        "20084": {
            "year_quarter": 20084,
            "year": 2008,
            "quarter": 4,
            "eps": -0.51,
            "eps_growth_year": null,
            "eps_4q": -0.48,
            "eps_4q_growth_year": null,
            "roe": -6.93,
            "roe_4q": -6.62,
            "gross_profit": -289554,
            "gross_margin": -20.05,
            "gross_margin_4q_avg": -0.88,
            "net_income": -401727,
            "net_income_4q": null,
            "revenue": 1444232,
            "revenue_4q": null,
            "common_shares": 11935957,
            "book_valuer_per_share": 5.19,
            "book_valuer_per_share_4q_avg": 6.88,
            "equity": 6192744,
            "current_ratio": 36.91,
            "debt_ratio": 56.95,
            "inventory_turnover_ratio": 1.94,
            "account_receivable_turnover_ratio": 33.73,
            "reinvestment_rate": null,
            "research_to_sale_ratio": null,
            "price_fair": 23.8,
            "eps_avg_yearly": 0.68,
            "eps_latest_yearly": 0.68,
            "eps_growth_yearly": 1300
        },
        "20091": {
            "year_quarter": 20091,
            "year": 2009,
            "quarter": 1,
            "eps": -0.13,
            "eps_growth_year": -425,
            "eps_4q": -0.48,
            "eps_4q_growth_year": null,
            "roe": -2.6,
            "roe_4q": -9.82,
            "gross_profit": -131128,
            "gross_margin": -13.69,
            "gross_margin_4q_avg": -5.65,
            "net_income": -159209,
            "net_income_4q": null,
            "revenue": 957879,
            "revenue_4q": null,
            "common_shares": 11935957,
            "book_valuer_per_share": 5.05,
            "book_valuer_per_share_4q_avg": 6.29,
            "equity": 6031065,
            "current_ratio": 31.51,
            "debt_ratio": 55.05,
            "inventory_turnover_ratio": 2.28,
            "account_receivable_turnover_ratio": 8.43,
            "reinvestment_rate": null,
            "research_to_sale_ratio": null,
            "price_fair": 23.8,
            "eps_avg_yearly": 0.68,
            "eps_latest_yearly": 0.68,
            "eps_growth_yearly": 1300
        },
        "20092": {
            "year_quarter": 20092,
            "year": 2009,
            "quarter": 2,
            "eps": -0.28,
            "eps_growth_year": -264.71,
            "eps_4q": -1.42,
            "eps_4q_growth_year": null,
            "roe": -2.92,
            "roe_4q": -15.04,
            "gross_profit": -23152,
            "gross_margin": -1.62,
            "gross_margin_4q_avg": -8.41,
            "net_income": -173688,
            "net_income_4q": null,
            "revenue": 1431799,
            "revenue_4q": null,
            "common_shares": 6182859,
            "book_valuer_per_share": 9.48,
            "book_valuer_per_share_4q_avg": 6.77,
            "equity": 5858710,
            "current_ratio": 56.58,
            "debt_ratio": 56.72,
            "inventory_turnover_ratio": 2.71,
            "account_receivable_turnover_ratio": 9.44,
            "reinvestment_rate": null,
            "research_to_sale_ratio": null,
            "price_fair": 23.8,
            "eps_avg_yearly": 0.68,
            "eps_latest_yearly": 0.68,
            "eps_growth_yearly": 1300
        },
        "20093": {
            "year_quarter": 20093,
            "year": 2009,
            "quarter": 3,
            "eps": 0.04,
            "eps_growth_year": null,
            "eps_4q": -1.25,
            "eps_4q_growth_year": null,
            "roe": 0.39,
            "roe_4q": -12.059999999999999,
            "gross_profit": 126468,
            "gross_margin": 6.56,
            "gross_margin_4q_avg": -7.2,
            "net_income": 22858,
            "net_income_4q": null,
            "revenue": 1928924,
            "revenue_4q": null,
            "common_shares": 6182859,
            "book_valuer_per_share": 9.51,
            "book_valuer_per_share_4q_avg": 7.31,
            "equity": 5881568,
            "current_ratio": 60.15,
            "debt_ratio": 58.05,
            "inventory_turnover_ratio": 2.39,
            "account_receivable_turnover_ratio": 9.95,
            "reinvestment_rate": null,
            "research_to_sale_ratio": null,
            "price_fair": 23.8,
            "eps_avg_yearly": 0.68,
            "eps_latest_yearly": 0.68,
            "eps_growth_yearly": 1300
        },
        "20094": {
            "year_quarter": 20094,
            "year": 2009,
            "quarter": 4,
            "eps": 0.56,
            "eps_growth_year": null,
            "eps_4q": 0.06,
            "eps_4q_growth_year": null,
            "roe": 5.75,
            "roe_4q": 0.6199999999999997,
            "gross_profit": 172975,
            "gross_margin": 8,
            "gross_margin_4q_avg": -0.19,
            "net_income": 348163,
            "net_income_4q": null,
            "revenue": 2163513,
            "revenue_4q": null,
            "common_shares": 6182859,
            "book_valuer_per_share": 10.07,
            "book_valuer_per_share_4q_avg": 8.53,
            "equity": 6228439,
            "current_ratio": 71.51,
            "debt_ratio": 56.85,
            "inventory_turnover_ratio": 1.68,
            "account_receivable_turnover_ratio": 16.22,
            "reinvestment_rate": null,
            "research_to_sale_ratio": null,
            "price_fair": 51.1,
            "eps_avg_yearly": 1.46,
            "eps_latest_yearly": 2.24,
            "eps_growth_yearly": 3250
        },
        "20101": {
            "year_quarter": 20101,
            "year": 2010,
            "quarter": 1,
            "eps": 0.19,
            "eps_growth_year": null,
            "eps_4q": 0.51,
            "eps_4q_growth_year": null,
            "roe": 1.86,
            "roe_4q": 5.08,
            "gross_profit": 224325,
            "gross_margin": 8.81,
            "gross_margin_4q_avg": 5.44,
            "net_income": 116814,
            "net_income_4q": null,
            "revenue": 2545072,
            "revenue_4q": null,
            "common_shares": 6182859,
            "book_valuer_per_share": 10.26,
            "book_valuer_per_share_4q_avg": 9.83,
            "equity": 6345253,
            "current_ratio": 67.23,
            "debt_ratio": 55.48,
            "inventory_turnover_ratio": 1.95,
            "account_receivable_turnover_ratio": 8.41,
            "reinvestment_rate": null,
            "research_to_sale_ratio": null,
            "price_fair": 42.93,
            "eps_avg_yearly": 1.23,
            "eps_latest_yearly": 0.76,
            "eps_growth_yearly": 2078.57
        },
        "20102": {
            "year_quarter": 20102,
            "year": 2010,
            "quarter": 2,
            "eps": 0.28,
            "eps_growth_year": null,
            "eps_4q": 1.07,
            "eps_4q_growth_year": null,
            "roe": 2.67,
            "roe_4q": 10.670000000000002,
            "gross_profit": 311755,
            "gross_margin": 9.57,
            "gross_margin_4q_avg": 8.24,
            "net_income": 171960,
            "net_income_4q": null,
            "revenue": 3256280,
            "revenue_4q": null,
            "common_shares": 6182859,
            "book_valuer_per_share": 10.54,
            "book_valuer_per_share_4q_avg": 10.1,
            "equity": 6517535,
            "current_ratio": 72.11,
            "debt_ratio": 55.07,
            "inventory_turnover_ratio": 2.28,
            "account_receivable_turnover_ratio": 9.42,
            "reinvestment_rate": null,
            "research_to_sale_ratio": null,
            "price_fair": 42,
            "eps_avg_yearly": 1.2,
            "eps_latest_yearly": 1.12,
            "eps_growth_yearly": 1606.3
        },
        "20103": {
            "year_quarter": 20103,
            "year": 2010,
            "quarter": 3,
            "eps": 0.02,
            "eps_growth_year": -38.61,
            "eps_4q": 1.05,
            "eps_4q_growth_year": null,
            "roe": 0.23,
            "roe_4q": 10.51,
            "gross_profit": 138890,
            "gross_margin": 6.69,
            "gross_margin_4q_avg": 8.27,
            "net_income": 15183,
            "net_income_4q": null,
            "revenue": 2075036,
            "revenue_4q": null,
            "common_shares": 6182859,
            "book_valuer_per_share": 10.57,
            "book_valuer_per_share_4q_avg": 10.36,
            "equity": 6532718,
            "current_ratio": 77.46,
            "debt_ratio": 55.13,
            "inventory_turnover_ratio": 1.05,
            "account_receivable_turnover_ratio": 9.59,
            "reinvestment_rate": null,
            "research_to_sale_ratio": null,
            "price_fair": 34.16,
            "eps_avg_yearly": 0.98,
            "eps_latest_yearly": 0.08,
            "eps_growth_yearly": 1210.75
        },
        "20104": {
            "year_quarter": 20104,
            "year": 2010,
            "quarter": 4,
            "eps": 0.1,
            "eps_growth_year": -83.03,
            "eps_4q": 0.59,
            "eps_4q_growth_year": 851.37,
            "roe": 0.9,
            "roe_4q": 5.66,
            "gross_profit": 123588,
            "gross_margin": 4.42,
            "gross_margin_4q_avg": 7.37,
            "net_income": 58746,
            "net_income_4q": null,
            "revenue": 2796498,
            "revenue_4q": null,
            "common_shares": 6182859,
            "book_valuer_per_share": 10.65,
            "book_valuer_per_share_4q_avg": 10.51,
            "equity": 6586371,
            "current_ratio": 237.64,
            "debt_ratio": 54.05,
            "inventory_turnover_ratio": 1.33,
            "account_receivable_turnover_ratio": 15.56,
            "reinvestment_rate": null,
            "research_to_sale_ratio": null,
            "price_fair": 30.8,
            "eps_avg_yearly": 0.88,
            "eps_latest_yearly": 0.4,
            "eps_growth_yearly": 1275.63
        },
        "20111": {
            "year_quarter": 20111,
            "year": 2011,
            "quarter": 1,
            "eps": 0.21,
            "eps_growth_year": 10.53,
            "eps_4q": 0.6,
            "eps_4q_growth_year": 18.71,
            "roe": 1.91,
            "roe_4q": 5.71,
            "gross_profit": 243632,
            "gross_margin": 7.3,
            "gross_margin_4q_avg": 7,
            "net_income": 127032,
            "net_income_4q": null,
            "revenue": 3335177,
            "revenue_4q": null,
            "common_shares": 6182859,
            "book_valuer_per_share": 0,
            "book_valuer_per_share_4q_avg": 7.94,
            "equity": 6713403,
            "current_ratio": 327.84,
            "debt_ratio": 51.8,
            "inventory_turnover_ratio": 1.77,
            "account_receivable_turnover_ratio": 13.35,
            "reinvestment_rate": null,
            "research_to_sale_ratio": null,
            "price_fair": 30.6,
            "eps_avg_yearly": 0.87,
            "eps_latest_yearly": 0.84,
            "eps_growth_yearly": 1156.25
        },
        "20112": {
            "year_quarter": 20112,
            "year": 2011,
            "quarter": 2,
            "eps": -0.07,
            "eps_growth_year": -126.17,
            "eps_4q": 0.25,
            "eps_4q_growth_year": -76.96,
            "roe": -0.69,
            "roe_4q": 2.35,
            "gross_profit": 66305,
            "gross_margin": 2.45,
            "gross_margin_4q_avg": 5.22,
            "net_income": -45900,
            "net_income_4q": null,
            "revenue": 2702987,
            "revenue_4q": null,
            "common_shares": 6182859,
            "book_valuer_per_share": 0,
            "book_valuer_per_share_4q_avg": 5.31,
            "equity": 6544860,
            "current_ratio": 195.77,
            "debt_ratio": 54.21,
            "inventory_turnover_ratio": 1.47,
            "account_receivable_turnover_ratio": 13.76,
            "reinvestment_rate": null,
            "research_to_sale_ratio": null,
            "price_fair": 30.6,
            "eps_avg_yearly": 0.87,
            "eps_latest_yearly": 0.84,
            "eps_growth_yearly": 1156.25
        },
        "20113": {
            "year_quarter": 20113,
            "year": 2011,
            "quarter": 3,
            "eps": -0.11,
            "eps_growth_year": -540,
            "eps_4q": 0.11,
            "eps_4q_growth_year": -89.22,
            "roe": -1.05,
            "roe_4q": 1.0699999999999998,
            "gross_profit": 35254,
            "gross_margin": 1.54,
            "gross_margin_4q_avg": 3.93,
            "net_income": -68143,
            "net_income_4q": null,
            "revenue": 2287258,
            "revenue_4q": null,
            "common_shares": 6182859,
            "book_valuer_per_share": 0,
            "book_valuer_per_share_4q_avg": 2.66,
            "equity": 6476717,
            "current_ratio": 187.63,
            "debt_ratio": 54.36,
            "inventory_turnover_ratio": 1.16,
            "account_receivable_turnover_ratio": 14.39,
            "reinvestment_rate": null,
            "research_to_sale_ratio": null,
            "price_fair": 30.6,
            "eps_avg_yearly": 0.87,
            "eps_latest_yearly": 0.84,
            "eps_growth_yearly": 1156.25
        },
        "20114": {
            "year_quarter": 20114,
            "year": 2011,
            "quarter": 4,
            "eps": -0.01,
            "eps_growth_year": -113.21,
            "eps_4q": 0.01,
            "eps_4q_growth_year": -98.63,
            "roe": -0.12,
            "roe_4q": 0.050000000000000044,
            "gross_profit": 37433,
            "gross_margin": 1.9,
            "gross_margin_4q_avg": 3.3,
            "net_income": -7916,
            "net_income_4q": null,
            "revenue": 1974483,
            "revenue_4q": null,
            "common_shares": 6306516,
            "book_valuer_per_share": 10.26,
            "book_valuer_per_share_4q_avg": 2.57,
            "equity": 6473417,
            "current_ratio": 159.98,
            "debt_ratio": 55.09,
            "inventory_turnover_ratio": 1.05,
            "account_receivable_turnover_ratio": 12.8,
            "reinvestment_rate": 1424.33,
            "research_to_sale_ratio": null,
            "price_fair": 30.6,
            "eps_avg_yearly": 0.87,
            "eps_latest_yearly": 0.84,
            "eps_growth_yearly": 1156.25
        },
        "20121": {
            "year_quarter": 20121,
            "year": 2012,
            "quarter": 1,
            "eps": -0.26,
            "eps_growth_year": -223.81,
            "eps_4q": -0.46,
            "eps_4q_growth_year": -175.8,
            "roe": -2.6,
            "roe_4q": -4.460000000000001,
            "gross_profit": -61695,
            "gross_margin": -2.95,
            "gross_margin_4q_avg": 0.74,
            "net_income": -166373,
            "net_income_4q": null,
            "revenue": 2091876,
            "revenue_4q": null,
            "common_shares": 6306516,
            "book_valuer_per_share": 10,
            "book_valuer_per_share_4q_avg": 5.07,
            "equity": 6307044,
            "current_ratio": 134.34,
            "debt_ratio": 55.91,
            "inventory_turnover_ratio": 1.21,
            "account_receivable_turnover_ratio": 11.64,
            "reinvestment_rate": null,
            "research_to_sale_ratio": null,
            "price_fair": 30.6,
            "eps_avg_yearly": 0.87,
            "eps_latest_yearly": 0.84,
            "eps_growth_yearly": 1156.25
        },
        "20122": {
            "year_quarter": 20122,
            "year": 2012,
            "quarter": 2,
            "eps": -0.26,
            "eps_growth_year": null,
            "eps_4q": -0.64,
            "eps_4q_growth_year": -361.28,
            "roe": -2.61,
            "roe_4q": -6.38,
            "gross_profit": -46132,
            "gross_margin": -2,
            "gross_margin_4q_avg": -0.38,
            "net_income": -162716,
            "net_income_4q": null,
            "revenue": 2310372,
            "revenue_4q": null,
            "common_shares": 6306516,
            "book_valuer_per_share": 9.74,
            "book_valuer_per_share_4q_avg": 7.5,
            "equity": 6143610,
            "current_ratio": 124.5,
            "debt_ratio": 56.48,
            "inventory_turnover_ratio": 1.38,
            "account_receivable_turnover_ratio": 12.62,
            "reinvestment_rate": null,
            "research_to_sale_ratio": null,
            "price_fair": 31.73,
            "eps_avg_yearly": 0.91,
            "eps_latest_yearly": 0.84,
            "eps_growth_yearly": 1132.29
        },
        "20123": {
            "year_quarter": 20123,
            "year": 2012,
            "quarter": 3,
            "eps": -0.26,
            "eps_growth_year": null,
            "eps_4q": -0.8,
            "eps_4q_growth_year": -801.51,
            "roe": -2.74,
            "roe_4q": -8.069999999999999,
            "gross_profit": -1407,
            "gross_margin": -0.07,
            "gross_margin_4q_avg": -0.78,
            "net_income": -166219,
            "net_income_4q": null,
            "revenue": 1956523,
            "revenue_4q": null,
            "common_shares": 6306516,
            "book_valuer_per_share": 9.48,
            "book_valuer_per_share_4q_avg": 9.87,
            "equity": 5977391,
            "current_ratio": 110.41,
            "debt_ratio": 57.82,
            "inventory_turnover_ratio": 1.21,
            "account_receivable_turnover_ratio": 7.14,
            "reinvestment_rate": null,
            "research_to_sale_ratio": null,
            "price_fair": 31.73,
            "eps_avg_yearly": 0.91,
            "eps_latest_yearly": 0.84,
            "eps_growth_yearly": 1132.29
        },
        "20124": {
            "year_quarter": 20124,
            "year": 2012,
            "quarter": 4,
            "eps": -0.44,
            "eps_growth_year": null,
            "eps_4q": -1.22,
            "eps_4q_growth_year": -15299.6,
            "roe": -4.75,
            "roe_4q": -12.7,
            "gross_profit": -184491,
            "gross_margin": -11.7,
            "gross_margin_4q_avg": -4.18,
            "net_income": -275762,
            "net_income_4q": null,
            "revenue": 1576868,
            "revenue_4q": null,
            "common_shares": 6306516,
            "book_valuer_per_share": 8.95,
            "book_valuer_per_share_4q_avg": 9.54,
            "equity": 5645364,
            "current_ratio": 83.46,
            "debt_ratio": 58.45,
            "inventory_turnover_ratio": 1.23,
            "account_receivable_turnover_ratio": 5.92,
            "reinvestment_rate": null,
            "research_to_sale_ratio": null,
            "price_fair": 31.73,
            "eps_avg_yearly": 0.91,
            "eps_latest_yearly": 0.84,
            "eps_growth_yearly": 1132.29
        },
        "20131": {
            "year_quarter": 20131,
            "year": 2013,
            "quarter": 1,
            "eps": -0.26,
            "eps_growth_year": null,
            "eps_4q": -1.22,
            "eps_4q_growth_year": null,
            "roe": -3,
            "roe_4q": -13.1,
            "gross_profit": -42533,
            "gross_margin": -2.44,
            "gross_margin_4q_avg": -4.05,
            "net_income": -166945,
            "net_income_4q": null,
            "revenue": 1743160,
            "revenue_4q": null,
            "common_shares": 6306516,
            "book_valuer_per_share": 8.7,
            "book_valuer_per_share_4q_avg": 9.22,
            "equity": 5486543,
            "current_ratio": 71.03,
            "debt_ratio": 60.42,
            "inventory_turnover_ratio": 1.32,
            "account_receivable_turnover_ratio": 12.59,
            "reinvestment_rate": null,
            "research_to_sale_ratio": null,
            "price_fair": 31.73,
            "eps_avg_yearly": 0.91,
            "eps_latest_yearly": 0.84,
            "eps_growth_yearly": 1132.29
        },
        "20132": {
            "year_quarter": 20132,
            "year": 2013,
            "quarter": 2,
            "eps": -0.41,
            "eps_growth_year": null,
            "eps_4q": -1.38,
            "eps_4q_growth_year": null,
            "roe": -4.87,
            "roe_4q": -15.360000000000001,
            "gross_profit": -154024,
            "gross_margin": -10.48,
            "gross_margin_4q_avg": -6.17,
            "net_income": -260698,
            "net_income_4q": null,
            "revenue": 1469545,
            "revenue_4q": null,
            "common_shares": 6306516,
            "book_valuer_per_share": 8.29,
            "book_valuer_per_share_4q_avg": 8.86,
            "equity": 5226464,
            "current_ratio": 61.91,
            "debt_ratio": 61.54,
            "inventory_turnover_ratio": 1.2,
            "account_receivable_turnover_ratio": 13.02,
            "reinvestment_rate": null,
            "research_to_sale_ratio": null,
            "price_fair": 31.73,
            "eps_avg_yearly": 0.91,
            "eps_latest_yearly": 0.84,
            "eps_growth_yearly": 1132.29
        },
        "20133": {
            "year_quarter": 20133,
            "year": 2013,
            "quarter": 3,
            "eps": -0.35,
            "eps_growth_year": null,
            "eps_4q": -1.46,
            "eps_4q_growth_year": null,
            "roe": -4.28,
            "roe_4q": -16.9,
            "gross_profit": -98094,
            "gross_margin": -7.12,
            "gross_margin_4q_avg": -7.94,
            "net_income": -219124,
            "net_income_4q": null,
            "revenue": 1377557,
            "revenue_4q": null,
            "common_shares": 6306516,
            "book_valuer_per_share": 7.94,
            "book_valuer_per_share_4q_avg": 8.47,
            "equity": 5006477,
            "current_ratio": 52.94,
            "debt_ratio": 62.53,
            "inventory_turnover_ratio": 1.25,
            "account_receivable_turnover_ratio": 12.07,
            "reinvestment_rate": null,
            "research_to_sale_ratio": null,
            "price_fair": 31.73,
            "eps_avg_yearly": 0.91,
            "eps_latest_yearly": 0.84,
            "eps_growth_yearly": 1132.29
        },
        "20134": {
            "year_quarter": 20134,
            "year": 2013,
            "quarter": 4,
            "eps": -0.31,
            "eps_growth_year": null,
            "eps_4q": -1.33,
            "eps_4q_growth_year": null,
            "roe": -3.93,
            "roe_4q": -16.080000000000002,
            "gross_profit": -105232,
            "gross_margin": -7.28,
            "gross_margin_4q_avg": -6.83,
            "net_income": -193275,
            "net_income_4q": null,
            "revenue": 1446466,
            "revenue_4q": null,
            "common_shares": 6306516,
            "book_valuer_per_share": 7.65,
            "book_valuer_per_share_4q_avg": 8.15,
            "equity": 4824504,
            "current_ratio": 46.54,
            "debt_ratio": 63.43,
            "inventory_turnover_ratio": 1.47,
            "account_receivable_turnover_ratio": 12.06,
            "reinvestment_rate": null,
            "research_to_sale_ratio": null,
            "price_fair": 22.4,
            "eps_avg_yearly": 0.64,
            "eps_latest_yearly": 0.84,
            "eps_growth_yearly": 318.75
        },
        "20141": {
            "year_quarter": 20141,
            "year": 2014,
            "quarter": 1,
            "eps": -0.27,
            "eps_growth_year": null,
            "eps_4q": -1.33,
            "eps_4q_growth_year": null,
            "roe": -3.55,
            "roe_4q": -16.630000000000003,
            "gross_profit": -62549,
            "gross_margin": -4.57,
            "gross_margin_4q_avg": -7.36,
            "net_income": -168080,
            "net_income_4q": null,
            "revenue": 1367471,
            "revenue_4q": null,
            "common_shares": 6306516,
            "book_valuer_per_share": 7.39,
            "book_valuer_per_share_4q_avg": 7.82,
            "equity": 4657639,
            "current_ratio": 43.38,
            "debt_ratio": 64.8,
            "inventory_turnover_ratio": 1.34,
            "account_receivable_turnover_ratio": 11.74,
            "reinvestment_rate": null,
            "research_to_sale_ratio": null,
            "price_fair": 21.35,
            "eps_avg_yearly": 0.61,
            "eps_latest_yearly": 0.84,
            "eps_growth_yearly": 464.51
        },
        "20142": {
            "year_quarter": 20142,
            "year": 2014,
            "quarter": 2,
            "eps": -0.21,
            "eps_growth_year": null,
            "eps_4q": -1.13,
            "eps_4q_growth_year": null,
            "roe": -2.82,
            "roe_4q": -14.579999999999998,
            "gross_profit": -37521,
            "gross_margin": -1.87,
            "gross_margin_4q_avg": -5.21,
            "net_income": -129587,
            "net_income_4q": null,
            "revenue": 2005332,
            "revenue_4q": null,
            "common_shares": 6306516,
            "book_valuer_per_share": 7.17,
            "book_valuer_per_share_4q_avg": 7.54,
            "equity": 4524730,
            "current_ratio": 41.13,
            "debt_ratio": 65.97,
            "inventory_turnover_ratio": 1.84,
            "account_receivable_turnover_ratio": 13.19,
            "reinvestment_rate": null,
            "research_to_sale_ratio": null,
            "price_fair": 15.4,
            "eps_avg_yearly": 0.44,
            "eps_latest_yearly": 0.84,
            "eps_growth_yearly": 556.19
        },
        "20143": {
            "year_quarter": 20143,
            "year": 2014,
            "quarter": 3,
            "eps": -0.27,
            "eps_growth_year": null,
            "eps_4q": -1.04,
            "eps_4q_growth_year": null,
            "roe": -3.78,
            "roe_4q": -14.079999999999998,
            "gross_profit": -51267,
            "gross_margin": -2.48,
            "gross_margin_4q_avg": -4.05,
            "net_income": -167986,
            "net_income_4q": null,
            "revenue": 2066249,
            "revenue_4q": null,
            "common_shares": 6306516,
            "book_valuer_per_share": 6.91,
            "book_valuer_per_share_4q_avg": 7.28,
            "equity": 4357691,
            "current_ratio": 131.34,
            "debt_ratio": 67.98,
            "inventory_turnover_ratio": 1.82,
            "account_receivable_turnover_ratio": 12.19,
            "reinvestment_rate": null,
            "research_to_sale_ratio": null,
            "price_fair": 21.7,
            "eps_avg_yearly": 0.62,
            "eps_latest_yearly": 0.84,
            "eps_growth_yearly": 1020
        },
        "20144": {
            "year_quarter": 20144,
            "year": 2014,
            "quarter": 4,
            "eps": -0.25,
            "eps_growth_year": null,
            "eps_4q": -0.99,
            "eps_4q_growth_year": null,
            "roe": -3.66,
            "roe_4q": -13.809999999999999,
            "gross_profit": -44743,
            "gross_margin": -2.5,
            "gross_margin_4q_avg": -2.86,
            "net_income": -156841,
            "net_income_4q": null,
            "revenue": 1792636,
            "revenue_4q": null,
            "common_shares": 6306516,
            "book_valuer_per_share": 6.67,
            "book_valuer_per_share_4q_avg": 7.04,
            "equity": 4203529,
            "current_ratio": 97.68,
            "debt_ratio": 69.52,
            "inventory_turnover_ratio": 1.52,
            "account_receivable_turnover_ratio": 16.1,
            "reinvestment_rate": null,
            "research_to_sale_ratio": null,
            "price_fair": 29.4,
            "eps_avg_yearly": 0.84,
            "eps_latest_yearly": 0.84,
            "eps_growth_yearly": 440
        },
        "20151": {
            "year_quarter": 20151,
            "year": 2015,
            "quarter": 1,
            "eps": -0.18,
            "eps_growth_year": null,
            "eps_4q": -0.9,
            "eps_4q_growth_year": null,
            "roe": -2.72,
            "roe_4q": -12.98,
            "gross_profit": -5650,
            "gross_margin": -0.31,
            "gross_margin_4q_avg": -1.79,
            "net_income": -112728,
            "net_income_4q": null,
            "revenue": 1818319,
            "revenue_4q": null,
            "common_shares": 6306516,
            "book_valuer_per_share": 6.49,
            "book_valuer_per_share_4q_avg": 6.81,
            "equity": 4090380,
            "current_ratio": 87.47,
            "debt_ratio": 70.66,
            "inventory_turnover_ratio": 1.41,
            "account_receivable_turnover_ratio": 16.55,
            "reinvestment_rate": null,
            "research_to_sale_ratio": null,
            "price_fair": 0,
            "eps_avg_yearly": 0,
            "eps_latest_yearly": 0,
            "eps_growth_yearly": 0
        },
        "20152": {
            "year_quarter": 20152,
            "year": 2015,
            "quarter": 2,
            "eps": -0.21,
            "eps_growth_year": null,
            "eps_4q": -0.91,
            "eps_4q_growth_year": null,
            "roe": -3.35,
            "roe_4q": -13.51,
            "gross_profit": -21556,
            "gross_margin": -1.16,
            "gross_margin_4q_avg": -1.61,
            "net_income": -134667,
            "net_income_4q": null,
            "revenue": 1853119,
            "revenue_4q": null,
            "common_shares": 6306516,
            "book_valuer_per_share": 6.27,
            "book_valuer_per_share_4q_avg": 6.59,
            "equity": 3954444,
            "current_ratio": 79.44,
            "debt_ratio": 71.83,
            "inventory_turnover_ratio": 1.43,
            "account_receivable_turnover_ratio": 16.03,
            "reinvestment_rate": null,
            "research_to_sale_ratio": null,
            "price_fair": 0,
            "eps_avg_yearly": 0,
            "eps_latest_yearly": 0,
            "eps_growth_yearly": 0
        },
        "20153": {
            "year_quarter": 20153,
            "year": 2015,
            "quarter": 3,
            "eps": -0.24,
            "eps_growth_year": null,
            "eps_4q": -0.88,
            "eps_4q_growth_year": null,
            "roe": -3.84,
            "roe_4q": -13.57,
            "gross_profit": -21791,
            "gross_margin": -1.2,
            "gross_margin_4q_avg": -1.29,
            "net_income": -148927,
            "net_income_4q": null,
            "revenue": 1820719,
            "revenue_4q": null,
            "common_shares": 6306516,
            "book_valuer_per_share": 6.04,
            "book_valuer_per_share_4q_avg": 6.37,
            "equity": 3811657,
            "current_ratio": 71.45,
            "debt_ratio": 72.99,
            "inventory_turnover_ratio": 1.48,
            "account_receivable_turnover_ratio": 17.35,
            "reinvestment_rate": null,
            "research_to_sale_ratio": null,
            "price_fair": 0,
            "eps_avg_yearly": 0,
            "eps_latest_yearly": 0,
            "eps_growth_yearly": 0
        },
        "20154": {
            "year_quarter": 20154,
            "year": 2015,
            "quarter": 4,
            "eps": -0.16,
            "eps_growth_year": null,
            "eps_4q": -0.79,
            "eps_4q_growth_year": null,
            "roe": -2.68,
            "roe_4q": -12.59,
            "gross_profit": 4572,
            "gross_margin": 0.23,
            "gross_margin_4q_avg": -0.61,
            "net_income": -100607,
            "net_income_4q": null,
            "revenue": 2012001,
            "revenue_4q": null,
            "common_shares": 6306516,
            "book_valuer_per_share": 5.85,
            "book_valuer_per_share_4q_avg": 6.16,
            "equity": 3688253,
            "current_ratio": 119.91,
            "debt_ratio": 73.86,
            "inventory_turnover_ratio": 1.83,
            "account_receivable_turnover_ratio": 15.18,
            "reinvestment_rate": null,
            "research_to_sale_ratio": null,
            "price_fair": 0,
            "eps_avg_yearly": 0,
            "eps_latest_yearly": 0,
            "eps_growth_yearly": 0
        },
        "20161": {
            "year_quarter": 20161,
            "year": 2016,
            "quarter": 1,
            "eps": -0.06,
            "eps_growth_year": null,
            "eps_4q": -0.67,
            "eps_4q_growth_year": null,
            "roe": -0.98,
            "roe_4q": -10.85,
            "gross_profit": 75218,
            "gross_margin": 4.14,
            "gross_margin_4q_avg": 0.5,
            "net_income": -36091,
            "net_income_4q": null,
            "revenue": 1818722,
            "revenue_4q": null,
            "common_shares": 6306516,
            "book_valuer_per_share": 5.79,
            "book_valuer_per_share_4q_avg": 5.99,
            "equity": 3650442,
            "current_ratio": 105.02,
            "debt_ratio": 75.39,
            "inventory_turnover_ratio": 1.78,
            "account_receivable_turnover_ratio": 12.34,
            "reinvestment_rate": null,
            "research_to_sale_ratio": null,
            "price_fair": 0,
            "eps_avg_yearly": 0,
            "eps_latest_yearly": 0,
            "eps_growth_yearly": 0
        },
        "20162": {
            "year_quarter": 20162,
            "year": 2016,
            "quarter": 2,
            "eps": -0.06,
            "eps_growth_year": null,
            "eps_4q": -0.51,
            "eps_4q_growth_year": null,
            "roe": -1.08,
            "roe_4q": -8.58,
            "gross_profit": 60159,
            "gross_margin": 3.27,
            "gross_margin_4q_avg": 1.61,
            "net_income": -39202,
            "net_income_4q": null,
            "revenue": 1841385,
            "revenue_4q": null,
            "common_shares": 6306516,
            "book_valuer_per_share": 5.72,
            "book_valuer_per_share_4q_avg": 5.85,
            "equity": 3611211,
            "current_ratio": 103.22,
            "debt_ratio": 76.42,
            "inventory_turnover_ratio": 1.95,
            "account_receivable_turnover_ratio": 9.34,
            "reinvestment_rate": null,
            "research_to_sale_ratio": null,
            "price_fair": 0,
            "eps_avg_yearly": 0,
            "eps_latest_yearly": 0,
            "eps_growth_yearly": 0
        },
        "20163": {
            "year_quarter": 20163,
            "year": 2016,
            "quarter": 3,
            "eps": -0.17,
            "eps_growth_year": null,
            "eps_4q": -0.44,
            "eps_4q_growth_year": null,
            "roe": -2.93,
            "roe_4q": -7.67,
            "gross_profit": 15871,
            "gross_margin": 0.9,
            "gross_margin_4q_avg": 2.14,
            "net_income": -104311,
            "net_income_4q": null,
            "revenue": 1768759,
            "revenue_4q": null,
            "common_shares": 6306516,
            "book_valuer_per_share": 5.55,
            "book_valuer_per_share_4q_avg": 5.73,
            "equity": 3504294,
            "current_ratio": 100.47,
            "debt_ratio": 77.51,
            "inventory_turnover_ratio": 1.9,
            "account_receivable_turnover_ratio": 7.33,
            "reinvestment_rate": null,
            "research_to_sale_ratio": null,
            "price_fair": 0,
            "eps_avg_yearly": 0,
            "eps_latest_yearly": 0,
            "eps_growth_yearly": 0
        },
        "20164": {
            "year_quarter": 20164,
            "year": 2016,
            "quarter": 4,
            "eps": -0.12,
            "eps_growth_year": null,
            "eps_4q": -0.41,
            "eps_4q_growth_year": null,
            "roe": -2.23,
            "roe_4q": -7.220000000000001,
            "gross_profit": 46987,
            "gross_margin": 2.55,
            "gross_margin_4q_avg": 2.72,
            "net_income": -77091,
            "net_income_4q": null,
            "revenue": 1843646,
            "revenue_4q": null,
            "common_shares": 6306516,
            "book_valuer_per_share": 5.41,
            "book_valuer_per_share_4q_avg": 5.62,
            "equity": 3415329,
            "current_ratio": 80.89,
            "debt_ratio": 78.1,
            "inventory_turnover_ratio": 1.9,
            "account_receivable_turnover_ratio": 8.63,
            "reinvestment_rate": null,
            "research_to_sale_ratio": null,
            "price_fair": 0,
            "eps_avg_yearly": 0,
            "eps_latest_yearly": 0,
            "eps_growth_yearly": 0
        },
        "20171": {
            "year_quarter": 20171,
            "year": 2017,
            "quarter": 1,
            "eps": -0.04,
            "eps_growth_year": null,
            "eps_4q": -0.39,
            "eps_4q_growth_year": null,
            "roe": -0.7,
            "roe_4q": -6.9399999999999995,
            "gross_profit": 91877,
            "gross_margin": 4.45,
            "gross_margin_4q_avg": 2.79,
            "net_income": -23880,
            "net_income_4q": null,
            "revenue": 2063471,
            "revenue_4q": null,
            "common_shares": 6306516,
            "book_valuer_per_share": 5.37,
            "book_valuer_per_share_4q_avg": 5.51,
            "equity": 3385909,
            "current_ratio": 83.8,
            "debt_ratio": 79.43,
            "inventory_turnover_ratio": 1.85,
            "account_receivable_turnover_ratio": 9.62,
            "reinvestment_rate": null,
            "research_to_sale_ratio": null,
            "price_fair": 0,
            "eps_avg_yearly": 0,
            "eps_latest_yearly": 0,
            "eps_growth_yearly": 0
        },
        "20172": {
            "year_quarter": 20172,
            "year": 2017,
            "quarter": 2,
            "eps": -0.13,
            "eps_growth_year": null,
            "eps_4q": -0.46,
            "eps_4q_growth_year": null,
            "roe": -2.48,
            "roe_4q": -8.34,
            "gross_profit": 19625,
            "gross_margin": 1.03,
            "gross_margin_4q_avg": 2.23,
            "net_income": -82926,
            "net_income_4q": null,
            "revenue": 1914348,
            "revenue_4q": null,
            "common_shares": 6306516,
            "book_valuer_per_share": 5.24,
            "book_valuer_per_share_4q_avg": 5.39,
            "equity": 3303412,
            "current_ratio": 74.89,
            "debt_ratio": 80.65,
            "inventory_turnover_ratio": 1.46,
            "account_receivable_turnover_ratio": 6.75,
            "reinvestment_rate": null,
            "research_to_sale_ratio": null,
            "price_fair": 0,
            "eps_avg_yearly": 0,
            "eps_latest_yearly": 0,
            "eps_growth_yearly": 0
        },
        "20173": {
            "year_quarter": 20173,
            "year": 2017,
            "quarter": 3,
            "eps": -0.1,
            "eps_growth_year": null,
            "eps_4q": -0.44,
            "eps_4q_growth_year": null,
            "roe": -1.58,
            "roe_4q": -6.99,
            "gross_profit": 64460,
            "gross_margin": 3.09,
            "gross_margin_4q_avg": 2.78,
            "net_income": -51628,
            "net_income_4q": null,
            "revenue": 2087220,
            "revenue_4q": null,
            "common_shares": 5306516,
            "book_valuer_per_share": 6.13,
            "book_valuer_per_share_4q_avg": 5.54,
            "equity": 3250995,
            "current_ratio": 69.57,
            "debt_ratio": 81.12,
            "inventory_turnover_ratio": 1.68,
            "account_receivable_turnover_ratio": 7.16,
            "reinvestment_rate": null,
            "research_to_sale_ratio": null,
            "price_fair": 0,
            "eps_avg_yearly": 0,
            "eps_latest_yearly": 0,
            "eps_growth_yearly": 0
        },
        "20174": {
            "year_quarter": 20174,
            "year": 2017,
            "quarter": 4,
            "eps": -0.05,
            "eps_growth_year": null,
            "eps_4q": -0.35,
            "eps_4q_growth_year": null,
            "roe": -0.81,
            "roe_4q": -5.57,
            "gross_profit": 91285,
            "gross_margin": 4.73,
            "gross_margin_4q_avg": 3.33,
            "net_income": -26314,
            "net_income_4q": null,
            "revenue": 1927968,
            "revenue_4q": null,
            "common_shares": 5306516,
            "book_valuer_per_share": 6.07,
            "book_valuer_per_share_4q_avg": 5.7,
            "equity": 3220070,
            "current_ratio": 67.5,
            "debt_ratio": 82.19,
            "inventory_turnover_ratio": 1.42,
            "account_receivable_turnover_ratio": 6.23,
            "reinvestment_rate": null,
            "research_to_sale_ratio": null,
            "price_fair": 0,
            "eps_avg_yearly": 0,
            "eps_latest_yearly": 0,
            "eps_growth_yearly": 0
        },
        "20181": {
            "year_quarter": 20181,
            "year": 2018,
            "quarter": 1,
            "eps": 0.03,
            "eps_growth_year": null,
            "eps_4q": -0.27,
            "eps_4q_growth_year": null,
            "roe": 0.47,
            "roe_4q": -4.4,
            "gross_profit": 120888,
            "gross_margin": 5.12,
            "gross_margin_4q_avg": 3.49,
            "net_income": 15041,
            "net_income_4q": null,
            "revenue": 2362978,
            "revenue_4q": null,
            "common_shares": 5306516,
            "book_valuer_per_share": 6.11,
            "book_valuer_per_share_4q_avg": 5.89,
            "equity": 3240474,
            "current_ratio": 64.1,
            "debt_ratio": 82.2,
            "inventory_turnover_ratio": 1.5,
            "account_receivable_turnover_ratio": 7.71,
            "reinvestment_rate": null,
            "research_to_sale_ratio": null,
            "price_fair": 0,
            "eps_avg_yearly": 0,
            "eps_latest_yearly": 0,
            "eps_growth_yearly": 0
        },
        "20182": {
            "year_quarter": 20182,
            "year": 2018,
            "quarter": 2,
            "eps": 0.01,
            "eps_growth_year": null,
            "eps_4q": -0.11,
            "eps_4q_growth_year": null,
            "roe": 0.03,
            "roe_4q": -1.8900000000000001,
            "gross_profit": 104579,
            "gross_margin": 4.73,
            "gross_margin_4q_avg": 4.42,
            "net_income": 1227,
            "net_income_4q": null,
            "revenue": 2212074,
            "revenue_4q": null,
            "common_shares": 5306516,
            "book_valuer_per_share": 6.28,
            "book_valuer_per_share_4q_avg": 6.15,
            "equity": 5205170,
            "current_ratio": 93.52,
            "debt_ratio": 73.58,
            "inventory_turnover_ratio": 1.32,
            "account_receivable_turnover_ratio": 6.03,
            "reinvestment_rate": null,
            "research_to_sale_ratio": null,
            "price_fair": 0.12,
            "eps_avg_yearly": 0.04,
            "eps_latest_yearly": 0.04,
            "eps_growth_yearly": -266.67
        },
        "20183": {
            "year_quarter": 20183,
            "year": 2018,
            "quarter": 3,
            "eps": 0.03,
            "eps_growth_year": null,
            "eps_4q": 0.02,
            "eps_4q_growth_year": null,
            "roe": 0.29,
            "roe_4q": -0.02000000000000013,
            "gross_profit": 130100,
            "gross_margin": 5.85,
            "gross_margin_4q_avg": 5.11,
            "net_income": 15152,
            "net_income_4q": null,
            "revenue": 2223672,
            "revenue_4q": null,
            "common_shares": 5306516,
            "book_valuer_per_share": 6.32,
            "book_valuer_per_share_4q_avg": 6.2,
            "equity": 5220770,
            "current_ratio": 89.64,
            "debt_ratio": 73.45,
            "inventory_turnover_ratio": 1.18,
            "account_receivable_turnover_ratio": 5.28,
            "reinvestment_rate": null,
            "research_to_sale_ratio": null,
            "price_fair": 2.8,
            "eps_avg_yearly": 0.08,
            "eps_latest_yearly": 0.12,
            "eps_growth_yearly": 266.67
        },
        "20184": {
            "year_quarter": 20184,
            "year": 2018,
            "quarter": 4,
            "eps": -0.04,
            "eps_growth_year": null,
            "eps_4q": 0.03,
            "eps_4q_growth_year": null,
            "roe": -0.37,
            "roe_4q": 0.41999999999999993,
            "gross_profit": 35921,
            "gross_margin": 1.85,
            "gross_margin_4q_avg": 4.39,
            "net_income": -20555,
            "net_income_4q": null,
            "revenue": 1943038,
            "revenue_4q": null,
            "common_shares": 5306516,
            "book_valuer_per_share": 6.3,
            "book_valuer_per_share_4q_avg": 6.25,
            "equity": 5911874,
            "current_ratio": 83.53,
            "debt_ratio": 70.92,
            "inventory_turnover_ratio": 1.06,
            "account_receivable_turnover_ratio": 6.35,
            "reinvestment_rate": null,
            "research_to_sale_ratio": null,
            "price_fair": 2.8,
            "eps_avg_yearly": 0.08,
            "eps_latest_yearly": 0.12,
            "eps_growth_yearly": 266.67
        },
        "20191": {
            "year_quarter": 20191,
            "year": 2019,
            "quarter": 1,
            "eps": -0.25,
            "eps_growth_year": -933.33,
            "eps_4q": -0.25,
            "eps_4q_growth_year": null,
            "roe": -2.31,
            "roe_4q": -2.3600000000000003,
            "gross_profit": -24931,
            "gross_margin": -1.33,
            "gross_margin_4q_avg": 2.78,
            "net_income": -134964,
            "net_income_4q": null,
            "revenue": 1871214,
            "revenue_4q": null,
            "common_shares": 5306516,
            "book_valuer_per_share": 6.05,
            "book_valuer_per_share_4q_avg": 6.24,
            "equity": 5777740,
            "current_ratio": 114.71,
            "debt_ratio": 72.08,
            "inventory_turnover_ratio": 1.16,
            "account_receivable_turnover_ratio": 8.43,
            "reinvestment_rate": null,
            "research_to_sale_ratio": null,
            "price_fair": 2.8,
            "eps_avg_yearly": 0.08,
            "eps_latest_yearly": 0.12,
            "eps_growth_yearly": 266.67
        },
        "20192": {
            "year_quarter": 20192,
            "year": 2019,
            "quarter": 2,
            "eps": -0.27,
            "eps_growth_year": -2800,
            "eps_4q": -0.53,
            "eps_4q_growth_year": null,
            "roe": -2.59,
            "roe_4q": -4.98,
            "gross_profit": -55338,
            "gross_margin": -3.28,
            "gross_margin_4q_avg": 0.77,
            "net_income": -150197,
            "net_income_4q": null,
            "revenue": 1688890,
            "revenue_4q": null,
            "common_shares": 5306516,
            "book_valuer_per_share": 5.77,
            "book_valuer_per_share_4q_avg": 6.11,
            "equity": 5832622,
            "current_ratio": 108.25,
            "debt_ratio": 73.66,
            "inventory_turnover_ratio": 1.09,
            "account_receivable_turnover_ratio": 8.55,
            "reinvestment_rate": null,
            "research_to_sale_ratio": null,
            "price_fair": 2.8,
            "eps_avg_yearly": 0.08,
            "eps_latest_yearly": 0.12,
            "eps_growth_yearly": 266.67
        },
        "20193": {
            "year_quarter": 20193,
            "year": 2019,
            "quarter": 3,
            "eps": -0.31,
            "eps_growth_year": -1133.33,
            "eps_4q": -0.87,
            "eps_4q_growth_year": -4168.64,
            "roe": -2.64,
            "roe_4q": -7.910000000000001,
            "gross_profit": -44625,
            "gross_margin": -2.72,
            "gross_margin_4q_avg": -1.37,
            "net_income": -157384,
            "net_income_4q": null,
            "revenue": 1641945,
            "revenue_4q": null,
            "common_shares": 5306516,
            "book_valuer_per_share": 5.49,
            "book_valuer_per_share_4q_avg": 5.9,
            "equity": 6067662,
            "current_ratio": 107.74,
            "debt_ratio": 73.46,
            "inventory_turnover_ratio": 1.05,
            "account_receivable_turnover_ratio": 6.4,
            "reinvestment_rate": null,
            "research_to_sale_ratio": null,
            "price_fair": 2.8,
            "eps_avg_yearly": 0.08,
            "eps_latest_yearly": 0.12,
            "eps_growth_yearly": 266.67
        },
        "20194": {
            "year_quarter": 20194,
            "year": 2019,
            "quarter": 4,
            "eps": -0.38,
            "eps_growth_year": null,
            "eps_4q": -1.21,
            "eps_4q_growth_year": -4329.35,
            "roe": -3.38,
            "roe_4q": -10.92,
            "gross_profit": -110224,
            "gross_margin": -8.16,
            "gross_margin_4q_avg": -3.87,
            "net_income": -210424,
            "net_income_4q": null,
            "revenue": 1350755,
            "revenue_4q": null,
            "common_shares": 5306516,
            "book_valuer_per_share": 5.16,
            "book_valuer_per_share_4q_avg": 5.62,
            "equity": 6369131,
            "current_ratio": 107.75,
            "debt_ratio": 72.97,
            "inventory_turnover_ratio": 0.95,
            "account_receivable_turnover_ratio": 6.95,
            "reinvestment_rate": null,
            "research_to_sale_ratio": null,
            "price_fair": 2.8,
            "eps_avg_yearly": 0.08,
            "eps_latest_yearly": 0.12,
            "eps_growth_yearly": 266.67
        },
        "20201": {
            "year_quarter": 20201,
            "year": 2020,
            "quarter": 1,
            "eps": -0.36,
            "eps_growth_year": null,
            "eps_4q": -1.32,
            "eps_4q_growth_year": null,
            "roe": -2.94,
            "roe_4q": -11.55,
            "gross_profit": -96850,
            "gross_margin": -6.47,
            "gross_margin_4q_avg": -5.16,
            "net_income": -194214,
            "net_income_4q": null,
            "revenue": 1496494,
            "revenue_4q": null,
            "common_shares": 5306516,
            "book_valuer_per_share": 9.72,
            "book_valuer_per_share_4q_avg": 6.54,
            "equity": 6842930,
            "current_ratio": 87.96,
            "debt_ratio": 63.02,
            "inventory_turnover_ratio": 1.12,
            "account_receivable_turnover_ratio": 20.07,
            "reinvestment_rate": null,
            "research_to_sale_ratio": null,
            "price_fair": 2.8,
            "eps_avg_yearly": 0.08,
            "eps_latest_yearly": 0.12,
            "eps_growth_yearly": 266.67
        },
        "20202": {
            "year_quarter": 20202,
            "year": 2020,
            "quarter": 2,
            "eps": -0.22,
            "eps_growth_year": null,
            "eps_4q": -1.27,
            "eps_4q_growth_year": null,
            "roe": -1.77,
            "roe_4q": -10.73,
            "gross_profit": -34763,
            "gross_margin": -2.69,
            "gross_margin_4q_avg": -5.01,
            "net_income": -121316,
            "net_income_4q": null,
            "revenue": 1290208,
            "revenue_4q": null,
            "common_shares": 5306516,
            "book_valuer_per_share": 9.51,
            "book_valuer_per_share_4q_avg": 7.47,
            "equity": 6846855,
            "current_ratio": 83.59,
            "debt_ratio": 64.3,
            "inventory_turnover_ratio": 1.02,
            "account_receivable_turnover_ratio": 12.17,
            "reinvestment_rate": null,
            "research_to_sale_ratio": null,
            "price_fair": 2.8,
            "eps_avg_yearly": 0.08,
            "eps_latest_yearly": 0.12,
            "eps_growth_yearly": 266.67
        },
        "20203": {
            "year_quarter": 20203,
            "year": 2020,
            "quarter": 3,
            "eps": -0.18,
            "eps_growth_year": null,
            "eps_4q": -1.14,
            "eps_4q_growth_year": null,
            "roe": -1.43,
            "roe_4q": -9.52,
            "gross_profit": -25668,
            "gross_margin": -1.92,
            "gross_margin_4q_avg": -4.81,
            "net_income": -99417,
            "net_income_4q": null,
            "revenue": 1336288,
            "revenue_4q": null,
            "common_shares": 5306516,
            "book_valuer_per_share": 9.33,
            "book_valuer_per_share_4q_avg": 8.43,
            "equity": 7046454,
            "current_ratio": 87.83,
            "debt_ratio": 64.56,
            "inventory_turnover_ratio": 0.98,
            "account_receivable_turnover_ratio": 8.64,
            "reinvestment_rate": null,
            "research_to_sale_ratio": null,
            "price_fair": 2.8,
            "eps_avg_yearly": 0.08,
            "eps_latest_yearly": 0.12,
            "eps_growth_yearly": 266.67
        },
        "20204": {
            "year_quarter": 20204,
            "year": 2020,
            "quarter": 4,
            "eps": -0.13,
            "eps_growth_year": null,
            "eps_4q": -0.89,
            "eps_4q_growth_year": null,
            "roe": -0.96,
            "roe_4q": -7.1,
            "gross_profit": -6028,
            "gross_margin": -0.41,
            "gross_margin_4q_avg": -2.87,
            "net_income": -69813,
            "net_income_4q": null,
            "revenue": 1466801,
            "revenue_4q": null,
            "common_shares": 5306516,
            "book_valuer_per_share": 13.99,
            "book_valuer_per_share_4q_avg": 10.64,
            "equity": 7424561,
            "current_ratio": 83.88,
            "debt_ratio": 42.62,
            "inventory_turnover_ratio": 1.05,
            "account_receivable_turnover_ratio": 7.96,
            "reinvestment_rate": null,
            "research_to_sale_ratio": null,
            "price_fair": 2.8,
            "eps_avg_yearly": 0.08,
            "eps_latest_yearly": 0.12,
            "eps_growth_yearly": 266.67
        },
        "20211": {
            "year_quarter": 20211,
            "year": 2021,
            "quarter": 1,
            "eps": 0.03,
            "eps_growth_year": null,
            "eps_4q": -0.49,
            "eps_4q_growth_year": null,
            "roe": 0.24,
            "roe_4q": -3.92,
            "gross_profit": 131586,
            "gross_margin": 7.87,
            "gross_margin_4q_avg": 0.71,
            "net_income": 18194,
            "net_income_4q": null,
            "revenue": 1672594,
            "revenue_4q": null,
            "common_shares": 5306516,
            "book_valuer_per_share": 14.02,
            "book_valuer_per_share_4q_avg": 11.71,
            "equity": 7442012,
            "current_ratio": 79.52,
            "debt_ratio": 42.07,
            "inventory_turnover_ratio": 1.08,
            "account_receivable_turnover_ratio": 8.39,
            "reinvestment_rate": null,
            "research_to_sale_ratio": null,
            "price_fair": 2.8,
            "eps_avg_yearly": 0.08,
            "eps_latest_yearly": 0.12,
            "eps_growth_yearly": 266.67
        },
        "20212": {
            "year_quarter": 20212,
            "year": 2021,
            "quarter": 2,
            "eps": 0.01,
            "eps_growth_year": null,
            "eps_4q": -0.26,
            "eps_4q_growth_year": null,
            "roe": 0.11,
            "roe_4q": -2.04,
            "gross_profit": 127764,
            "gross_margin": 7.29,
            "gross_margin_4q_avg": 3.21,
            "net_income": 7865,
            "net_income_4q": null,
            "revenue": 1753638,
            "revenue_4q": null,
            "common_shares": 5306516,
            "book_valuer_per_share": 14.09,
            "book_valuer_per_share_4q_avg": 12.86,
            "equity": 7476681,
            "current_ratio": 82.22,
            "debt_ratio": 41.1,
            "inventory_turnover_ratio": 1.17,
            "account_receivable_turnover_ratio": 7.95,
            "reinvestment_rate": null,
            "research_to_sale_ratio": null,
            "price_fair": 2.33,
            "eps_avg_yearly": 0.07,
            "eps_latest_yearly": 0.04,
            "eps_growth_yearly": 88.89
        },
        "20213": {
            "year_quarter": 20213,
            "year": 2021,
            "quarter": 3,
            "eps": 0.02,
            "eps_growth_year": null,
            "eps_4q": -0.06,
            "eps_4q_growth_year": null,
            "roe": 0.14,
            "roe_4q": -0.47,
            "gross_profit": 180030,
            "gross_margin": 9.19,
            "gross_margin_4q_avg": 5.99,
            "net_income": 10498,
            "net_income_4q": null,
            "revenue": 1959843,
            "revenue_4q": null,
            "common_shares": 5306516,
            "book_valuer_per_share": 14.1,
            "book_valuer_per_share_4q_avg": 14.05,
            "equity": 7484362,
            "current_ratio": 85.56,
            "debt_ratio": 44.45,
            "inventory_turnover_ratio": 1.13,
            "account_receivable_turnover_ratio": 5.35,
            "reinvestment_rate": null,
            "research_to_sale_ratio": null,
            "price_fair": 2.45,
            "eps_avg_yearly": 0.07,
            "eps_latest_yearly": 0.08,
            "eps_growth_yearly": 166.67
        },
        "20214": {
            "year_quarter": 20214,
            "year": 2021,
            "quarter": 4,
            "eps": -0.04,
            "eps_growth_year": null,
            "eps_4q": 0.02,
            "eps_4q_growth_year": null,
            "roe": -0.31,
            "roe_4q": 0.18,
            "gross_profit": 125904,
            "gross_margin": 7.71,
            "gross_margin_4q_avg": 8.02,
            "net_income": -23397,
            "net_income_4q": null,
            "revenue": 1632711,
            "revenue_4q": null,
            "common_shares": 5306516,
            "book_valuer_per_share": 14.05,
            "book_valuer_per_share_4q_avg": 14.07,
            "equity": 7453463,
            "current_ratio": 86.82,
            "debt_ratio": 43.31,
            "inventory_turnover_ratio": 0.81,
            "account_receivable_turnover_ratio": 3.36,
            "reinvestment_rate": null,
            "research_to_sale_ratio": null,
            "price_fair": 2.45,
            "eps_avg_yearly": 0.07,
            "eps_latest_yearly": 0.08,
            "eps_growth_yearly": 166.67
        },
        "20221": {
            "year_quarter": 20221,
            "year": 2022,
            "quarter": 1,
            "eps": -0.08,
            "eps_growth_year": -366.67,
            "eps_4q": -0.09,
            "eps_4q_growth_year": null,
            "roe": -0.54,
            "roe_4q": -0.6000000000000001,
            "gross_profit": 115327,
            "gross_margin": 6.19,
            "gross_margin_4q_avg": 7.6,
            "net_income": -40259,
            "net_income_4q": null,
            "revenue": 1862597,
            "revenue_4q": null,
            "common_shares": 5306516,
            "book_valuer_per_share": 14,
            "book_valuer_per_share_4q_avg": 14.06,
            "equity": 7429328,
            "current_ratio": 80.06,
            "debt_ratio": 41.94,
            "inventory_turnover_ratio": 0.97,
            "account_receivable_turnover_ratio": 5.48,
            "reinvestment_rate": null,
            "research_to_sale_ratio": null,
            "price_fair": 2.45,
            "eps_avg_yearly": 0.07,
            "eps_latest_yearly": 0.08,
            "eps_growth_yearly": 166.67
        },
        "20222": {
            "year_quarter": 20222,
            "year": 2022,
            "quarter": 2,
            "eps": -0.25,
            "eps_growth_year": -2600,
            "eps_4q": -0.35,
            "eps_4q_growth_year": null,
            "roe": -1.8,
            "roe_4q": -2.51,
            "gross_profit": 79185,
            "gross_margin": 3.55,
            "gross_margin_4q_avg": 6.66,
            "net_income": -132673,
            "net_income_4q": null,
            "revenue": 2229822,
            "revenue_4q": null,
            "common_shares": 5306516,
            "book_valuer_per_share": 13.75,
            "book_valuer_per_share_4q_avg": 13.98,
            "equity": 7296620,
            "current_ratio": 78.7,
            "debt_ratio": 42.99,
            "inventory_turnover_ratio": 1.27,
            "account_receivable_turnover_ratio": 7.68,
            "reinvestment_rate": null,
            "research_to_sale_ratio": null,
            "price_fair": 2.8,
            "eps_avg_yearly": 0.08,
            "eps_latest_yearly": 0.08,
            "eps_growth_yearly": 311.11
        },
        "20223": {
            "year_quarter": 20223,
            "year": 2022,
            "quarter": 3,
            "eps": -0.52,
            "eps_growth_year": -2700,
            "eps_4q": -0.89,
            "eps_4q_growth_year": null,
            "roe": -3.83,
            "roe_4q": -6.4799999999999995,
            "gross_profit": -116785,
            "gross_margin": -8.15,
            "gross_margin_4q_avg": 2.33,
            "net_income": -274624,
            "net_income_4q": null,
            "revenue": 1433426,
            "revenue_4q": null,
            "common_shares": 5306516,
            "book_valuer_per_share": 13.24,
            "book_valuer_per_share_4q_avg": 13.76,
            "equity": 7028472,
            "current_ratio": 87.1,
            "debt_ratio": 44.63,
            "inventory_turnover_ratio": 0.92,
            "account_receivable_turnover_ratio": 4.77,
            "reinvestment_rate": null,
            "research_to_sale_ratio": null,
            "price_fair": 2.1,
            "eps_avg_yearly": 0.06,
            "eps_latest_yearly": 0.08,
            "eps_growth_yearly": 66.67
        },
        "20224": {
            "year_quarter": 20224,
            "year": 2022,
            "quarter": 4,
            "eps": -0.47,
            "eps_growth_year": null,
            "eps_4q": -1.31,
            "eps_4q_growth_year": -5378.46,
            "roe": -3.58,
            "roe_4q": -9.75,
            "gross_profit": -144225,
            "gross_margin": -11.07,
            "gross_margin_4q_avg": -2.37,
            "net_income": -247098,
            "net_income_4q": null,
            "revenue": 1302851,
            "revenue_4q": null,
            "common_shares": 5306516,
            "book_valuer_per_share": 12.8,
            "book_valuer_per_share_4q_avg": 13.45,
            "equity": 6790438,
            "current_ratio": 77.71,
            "debt_ratio": 42.24,
            "inventory_turnover_ratio": 1.02,
            "account_receivable_turnover_ratio": 7.03,
            "reinvestment_rate": null,
            "research_to_sale_ratio": null,
            "price_fair": 2.1,
            "eps_avg_yearly": 0.06,
            "eps_latest_yearly": 0.08,
            "eps_growth_yearly": 66.67
        },
        "20231": {
            "year_quarter": 20231,
            "year": 2023,
            "quarter": 1,
            "eps": -0.27,
            "eps_growth_year": null,
            "eps_4q": -1.51,
            "eps_4q_growth_year": null,
            "roe": -2.16,
            "roe_4q": -11.370000000000001,
            "gross_profit": -24880,
            "gross_margin": -1.81,
            "gross_margin_4q_avg": -4.37,
            "net_income": -145183,
            "net_income_4q": null,
            "revenue": 1371641,
            "revenue_4q": null,
            "common_shares": 5306516,
            "book_valuer_per_share": 12.52,
            "book_valuer_per_share_4q_avg": 13.08,
            "equity": 6644861,
            "current_ratio": 76.69,
            "debt_ratio": 44.13,
            "inventory_turnover_ratio": 1.13,
            "account_receivable_turnover_ratio": 11.67,
            "reinvestment_rate": null,
            "research_to_sale_ratio": null,
            "price_fair": 2.1,
            "eps_avg_yearly": 0.06,
            "eps_latest_yearly": 0.08,
            "eps_growth_yearly": 66.67
        },
        "20232": {
            "year_quarter": 20232,
            "year": 2023,
            "quarter": 2,
            "eps": -0.57,
            "eps_growth_year": null,
            "eps_4q": -1.83,
            "eps_4q_growth_year": null,
            "roe": -4.68,
            "roe_4q": -14.25,
            "gross_profit": -170264,
            "gross_margin": -12.76,
            "gross_margin_4q_avg": -8.45,
            "net_income": -303987,
            "net_income_4q": null,
            "revenue": 1333922,
            "revenue_4q": null,
            "common_shares": 5306516,
            "book_valuer_per_share": 11.95,
            "book_valuer_per_share_4q_avg": 12.63,
            "equity": 6342277,
            "current_ratio": 116.25,
            "debt_ratio": 46.83,
            "inventory_turnover_ratio": 1.21,
            "account_receivable_turnover_ratio": 11.15,
            "reinvestment_rate": null,
            "research_to_sale_ratio": null,
            "price_fair": 2.1,
            "eps_avg_yearly": 0.06,
            "eps_latest_yearly": 0.08,
            "eps_growth_yearly": 66.67
        },
        "20233": {
            "year_quarter": 20233,
            "year": 2023,
            "quarter": 3,
            "eps": -0.46,
            "eps_growth_year": null,
            "eps_4q": -1.77,
            "eps_4q_growth_year": null,
            "roe": -3.91,
            "roe_4q": -14.33,
            "gross_profit": -102203,
            "gross_margin": -9.37,
            "gross_margin_4q_avg": -8.75,
            "net_income": -243023,
            "net_income_4q": null,
            "revenue": 1090486,
            "revenue_4q": null,
            "common_shares": 5306516,
            "book_valuer_per_share": 11.5,
            "book_valuer_per_share_4q_avg": 12.19,
            "equity": 6104049,
            "current_ratio": 94.18,
            "debt_ratio": 50.12,
            "inventory_turnover_ratio": 0.95,
            "account_receivable_turnover_ratio": 7.35,
            "reinvestment_rate": null,
            "research_to_sale_ratio": null,
            "price_fair": 2.1,
            "eps_avg_yearly": 0.06,
            "eps_latest_yearly": 0.08,
            "eps_growth_yearly": 66.67
        },
        "20234": {
            "year_quarter": 20234,
            "year": 2023,
            "quarter": 4,
            "eps": -0.54,
            "eps_growth_year": null,
            "eps_4q": -1.85,
            "eps_4q_growth_year": null,
            "roe": -4.85,
            "roe_4q": -15.6,
            "gross_profit": -170324,
            "gross_margin": -13.97,
            "gross_margin_4q_avg": -9.48,
            "net_income": -289139,
            "net_income_4q": null,
            "revenue": 1219100,
            "revenue_4q": null,
            "common_shares": 5306516,
            "book_valuer_per_share": 10.97,
            "book_valuer_per_share_4q_avg": 11.74,
            "equity": 5820479,
            "current_ratio": 92.07,
            "debt_ratio": 52.37,
            "inventory_turnover_ratio": 1.1,
            "account_receivable_turnover_ratio": 8.68,
            "reinvestment_rate": null,
            "research_to_sale_ratio": null,
            "price_fair": 2.1,
            "eps_avg_yearly": 0.06,
            "eps_latest_yearly": 0.08,
            "eps_growth_yearly": 66.67
        }
    },
    "months": {
        "2001-06": {
            "month": "2001-06",
            "price": "1.91",
            "revenue": 782169
        },
        "2001-07": {
            "month": "2001-07",
            "price": "1.23",
            "revenue": 606172
        },
        "2001-08": {
            "month": "2001-08",
            "price": "1.31",
            "revenue": 675965
        },
        "2001-09": {
            "month": "2001-09",
            "price": "1.21",
            "revenue": 464994
        },
        "2001-10": {
            "month": "2001-10",
            "price": "0.98",
            "revenue": 547181
        },
        "2001-11": {
            "month": "2001-11",
            "price": "0.69",
            "revenue": 501514
        },
        "2001-12": {
            "month": "2001-12",
            "price": "0.79",
            "revenue": 479977
        },
        "2002-01": {
            "month": "2002-01",
            "price": "1.19",
            "revenue": 559281
        },
        "2002-02": {
            "month": "2002-02",
            "price": "2.12",
            "revenue": 313478
        },
        "2002-03": {
            "month": "2002-03",
            "price": "2.67",
            "revenue": 493036
        },
        "2002-04": {
            "month": "2002-04",
            "price": "3.35",
            "revenue": 507070
        },
        "2002-05": {
            "month": "2002-05",
            "price": "3.41",
            "revenue": 602168
        },
        "2002-06": {
            "month": "2002-06",
            "price": "4.01",
            "revenue": 524902
        },
        "2002-07": {
            "month": "2002-07",
            "price": "3.86",
            "revenue": 554801
        },
        "2002-08": {
            "month": "2002-08",
            "price": "3.55",
            "revenue": 568607
        },
        "2002-09": {
            "month": "2002-09",
            "price": "2.68",
            "revenue": 527280
        },
        "2002-10": {
            "month": "2002-10",
            "price": "2.84",
            "revenue": 570540
        },
        "2002-11": {
            "month": "2002-11",
            "price": "3.96",
            "revenue": 549416
        },
        "2002-12": {
            "month": "2002-12",
            "price": "3.67",
            "revenue": 563809
        },
        "2003-01": {
            "month": "2003-01",
            "price": "5.46",
            "revenue": 625289
        },
        "2003-02": {
            "month": "2003-02",
            "price": "7.53",
            "revenue": 632803
        },
        "2003-03": {
            "month": "2003-03",
            "price": "6.51",
            "revenue": 451292
        },
        "2003-04": {
            "month": "2003-04",
            "price": "4.60",
            "revenue": 500327
        },
        "2003-05": {
            "month": "2003-05",
            "price": "3.79",
            "revenue": 445331
        },
        "2003-06": {
            "month": "2003-06",
            "price": "4.62",
            "revenue": 522741
        },
        "2003-07": {
            "month": "2003-07",
            "price": "5.51",
            "revenue": 453181
        },
        "2003-08": {
            "month": "2003-08",
            "price": "5.82",
            "revenue": 498260
        },
        "2003-09": {
            "month": "2003-09",
            "price": "6.02",
            "revenue": 463588
        },
        "2003-10": {
            "month": "2003-10",
            "price": "6.17",
            "revenue": 557998
        },
        "2003-11": {
            "month": "2003-11",
            "price": "6.06",
            "revenue": 559182
        },
        "2003-12": {
            "month": "2003-12",
            "price": "6.00",
            "revenue": 649248
        },
        "2004-01": {
            "month": "2004-01",
            "price": "6.40",
            "revenue": 565517
        },
        "2004-02": {
            "month": "2004-02",
            "price": "8.23",
            "revenue": 586973
        },
        "2004-03": {
            "month": "2004-03",
            "price": "11.37",
            "revenue": 745499
        },
        "2004-04": {
            "month": "2004-04",
            "price": "10.96",
            "revenue": 721861
        },
        "2004-05": {
            "month": "2004-05",
            "price": "7.73",
            "revenue": 525436
        },
        "2004-06": {
            "month": "2004-06",
            "price": "8.09",
            "revenue": 675022
        },
        "2004-07": {
            "month": "2004-07",
            "price": "8.42",
            "revenue": 733410
        },
        "2004-08": {
            "month": "2004-08",
            "price": "7.97",
            "revenue": 709649
        },
        "2004-09": {
            "month": "2004-09",
            "price": "10.56",
            "revenue": 650040
        },
        "2004-10": {
            "month": "2004-10",
            "price": "10.73",
            "revenue": 720423
        },
        "2004-11": {
            "month": "2004-11",
            "price": "8.98",
            "revenue": 670519
        },
        "2004-12": {
            "month": "2004-12",
            "price": "9.27",
            "revenue": 726776
        },
        "2005-01": {
            "month": "2005-01",
            "price": "9.06",
            "revenue": 639747
        },
        "2005-02": {
            "month": "2005-02",
            "price": "8.87",
            "revenue": 487094
        },
        "2005-03": {
            "month": "2005-03",
            "price": "7.95",
            "revenue": 865426
        },
        "2005-04": {
            "month": "2005-04",
            "price": "6.70",
            "revenue": 726407
        },
        "2005-05": {
            "month": "2005-05",
            "price": "5.05",
            "revenue": 723675
        },
        "2005-06": {
            "month": "2005-06",
            "price": "6.25",
            "revenue": 650964
        },
        "2005-07": {
            "month": "2005-07",
            "price": "6.14",
            "revenue": 528499
        },
        "2005-08": {
            "month": "2005-08",
            "price": "5.87",
            "revenue": 667217
        },
        "2005-09": {
            "month": "2005-09",
            "price": "5.15",
            "revenue": 799668
        },
        "2005-10": {
            "month": "2005-10",
            "price": "4.00",
            "revenue": 636779
        },
        "2005-11": {
            "month": "2005-11",
            "price": "3.54",
            "revenue": 759947
        },
        "2005-12": {
            "month": "2005-12",
            "price": "3.71",
            "revenue": 649980
        },
        "2006-01": {
            "month": "2006-01",
            "price": "4.16",
            "revenue": 858875
        },
        "2006-02": {
            "month": "2006-02",
            "price": "4.83",
            "revenue": 575054
        },
        "2006-03": {
            "month": "2006-03",
            "price": "4.51",
            "revenue": 785501
        },
        "2006-04": {
            "month": "2006-04",
            "price": "5.02",
            "revenue": 519012
        },
        "2006-05": {
            "month": "2006-05",
            "price": "4.44",
            "revenue": 797794
        },
        "2006-06": {
            "month": "2006-06",
            "price": "3.50",
            "revenue": 801798
        },
        "2006-07": {
            "month": "2006-07",
            "price": "3.48",
            "revenue": 749593
        },
        "2006-08": {
            "month": "2006-08",
            "price": "3.26",
            "revenue": 757940
        },
        "2006-09": {
            "month": "2006-09",
            "price": "3.00",
            "revenue": 779735
        },
        "2006-10": {
            "month": "2006-10",
            "price": "3.52",
            "revenue": 630892
        },
        "2006-11": {
            "month": "2006-11",
            "price": "3.78",
            "revenue": 1018278
        },
        "2006-12": {
            "month": "2006-12",
            "price": "4.43",
            "revenue": 930099
        },
        "2007-01": {
            "month": "2007-01",
            "price": "4.24",
            "revenue": 1027159
        },
        "2007-02": {
            "month": "2007-02",
            "price": "4.33",
            "revenue": 802790
        },
        "2007-03": {
            "month": "2007-03",
            "price": "5.08",
            "revenue": 1351014
        },
        "2007-04": {
            "month": "2007-04",
            "price": "10.39",
            "revenue": 1011976
        },
        "2007-05": {
            "month": "2007-05",
            "price": "9.65",
            "revenue": 1490894
        },
        "2007-06": {
            "month": "2007-06",
            "price": "9.26",
            "revenue": 809505
        },
        "2007-07": {
            "month": "2007-07",
            "price": "10.14",
            "revenue": 625926
        },
        "2007-08": {
            "month": "2007-08",
            "price": "8.32",
            "revenue": 638419
        },
        "2007-09": {
            "month": "2007-09",
            "price": "7.96",
            "revenue": 730249
        },
        "2007-10": {
            "month": "2007-10",
            "price": "7.41",
            "revenue": 759950
        },
        "2007-11": {
            "month": "2007-11",
            "price": "6.92",
            "revenue": 747495
        },
        "2007-12": {
            "month": "2007-12",
            "price": "6.20",
            "revenue": 591284
        },
        "2008-01": {
            "month": "2008-01",
            "price": "5.63",
            "revenue": 873386
        },
        "2008-02": {
            "month": "2008-02",
            "price": "5.80",
            "revenue": 868024
        },
        "2008-03": {
            "month": "2008-03",
            "price": "7.01",
            "revenue": 1059538
        },
        "2008-04": {
            "month": "2008-04",
            "price": "7.62",
            "revenue": 1051327
        },
        "2008-05": {
            "month": "2008-05",
            "price": "8.87",
            "revenue": 808268
        },
        "2008-06": {
            "month": "2008-06",
            "price": "7.34",
            "revenue": 900591
        },
        "2008-07": {
            "month": "2008-07",
            "price": "6.34",
            "revenue": 870580
        },
        "2008-08": {
            "month": "2008-08",
            "price": "5.33",
            "revenue": 848904
        },
        "2008-09": {
            "month": "2008-09",
            "price": "4.48",
            "revenue": 729857
        },
        "2008-10": {
            "month": "2008-10",
            "price": "3.22",
            "revenue": 631435
        },
        "2008-11": {
            "month": "2008-11",
            "price": "3.03",
            "revenue": 508526
        },
        "2008-12": {
            "month": "2008-12",
            "price": "2.87",
            "revenue": 304271
        },
        "2009-01": {
            "month": "2009-01",
            "price": "2.96",
            "revenue": 246298
        },
        "2009-02": {
            "month": "2009-02",
            "price": "2.92",
            "revenue": 306755
        },
        "2009-03": {
            "month": "2009-03",
            "price": "3.28",
            "revenue": 404827
        },
        "2009-04": {
            "month": "2009-04",
            "price": "4.53",
            "revenue": 394043
        },
        "2009-05": {
            "month": "2009-05",
            "price": "4.66",
            "revenue": 489061
        },
        "2009-06": {
            "month": "2009-06",
            "price": "4.46",
            "revenue": 548694
        },
        "2009-07": {
            "month": "2009-07",
            "price": "4.50",
            "revenue": 606917
        },
        "2009-08": {
            "month": "2009-08",
            "price": "5.24",
            "revenue": 651789
        },
        "2009-09": {
            "month": "2009-09",
            "price": "6.63",
            "revenue": 670217
        },
        "2009-10": {
            "month": "2009-10",
            "price": "6.19",
            "revenue": 583297
        },
        "2009-11": {
            "month": "2009-11",
            "price": "5.98",
            "revenue": 762929
        },
        "2009-12": {
            "month": "2009-12",
            "price": "6.34",
            "revenue": 817288
        },
        "2010-01": {
            "month": "2010-01",
            "price": "7.87",
            "revenue": 827177
        },
        "2010-02": {
            "month": "2010-02",
            "price": "7.28",
            "revenue": 759122
        },
        "2010-03": {
            "month": "2010-03",
            "price": "7.96",
            "revenue": 958772
        },
        "2010-04": {
            "month": "2010-04",
            "price": "8.52",
            "revenue": 1104046
        },
        "2010-05": {
            "month": "2010-05",
            "price": "7.82",
            "revenue": 1250628
        },
        "2010-06": {
            "month": "2010-06",
            "price": "7.38",
            "revenue": 901607
        },
        "2010-07": {
            "month": "2010-07",
            "price": "7.66",
            "revenue": 736482
        },
        "2010-08": {
            "month": "2010-08",
            "price": "7.95",
            "revenue": 864845
        },
        "2010-09": {
            "month": "2010-09",
            "price": "8.32",
            "revenue": 473709
        },
        "2010-10": {
            "month": "2010-10",
            "price": "7.90",
            "revenue": 602427
        },
        "2010-11": {
            "month": "2010-11",
            "price": "7.49",
            "revenue": 1124644
        },
        "2010-12": {
            "month": "2010-12",
            "price": "7.86",
            "revenue": 1073360
        },
        "2011-01": {
            "month": "2011-01",
            "price": "8.29",
            "revenue": 1196544
        },
        "2011-02": {
            "month": "2011-02",
            "price": "8.43",
            "revenue": 1050967
        },
        "2011-03": {
            "month": "2011-03",
            "price": "8.04",
            "revenue": 1087666
        },
        "2011-04": {
            "month": "2011-04",
            "price": "8.01",
            "revenue": 984515
        },
        "2011-05": {
            "month": "2011-05",
            "price": "7.96",
            "revenue": 919568
        },
        "2011-06": {
            "month": "2011-06",
            "price": "7.72",
            "revenue": 798905
        },
        "2011-07": {
            "month": "2011-07",
            "price": "7.62",
            "revenue": 850345
        },
        "2011-08": {
            "month": "2011-08",
            "price": "6.78",
            "revenue": 756617
        },
        "2011-09": {
            "month": "2011-09",
            "price": "6.46",
            "revenue": 680297
        },
        "2011-10": {
            "month": "2011-10",
            "price": "5.51",
            "revenue": 641034
        },
        "2011-11": {
            "month": "2011-11",
            "price": "5.00",
            "revenue": 626516
        },
        "2011-12": {
            "month": "2011-12",
            "price": "4.25",
            "revenue": 706932
        },
        "2012-01": {
            "month": "2012-01",
            "price": "4.26",
            "revenue": 575348
        },
        "2012-02": {
            "month": "2012-02",
            "price": "5.78",
            "revenue": 739285
        },
        "2012-03": {
            "month": "2012-03",
            "price": "5.96",
            "revenue": 777242
        },
        "2012-04": {
            "month": "2012-04",
            "price": "5.35",
            "revenue": 728060
        },
        "2012-05": {
            "month": "2012-05",
            "price": "5.02",
            "revenue": 843654
        },
        "2012-06": {
            "month": "2012-06",
            "price": "4.43",
            "revenue": 738659
        },
        "2012-07": {
            "month": "2012-07",
            "price": "4.46",
            "revenue": 722479
        },
        "2012-08": {
            "month": "2012-08",
            "price": "4.54",
            "revenue": 656671
        },
        "2012-09": {
            "month": "2012-09",
            "price": "5.24",
            "revenue": 577373
        },
        "2012-10": {
            "month": "2012-10",
            "price": "5.32",
            "revenue": 557357
        },
        "2012-11": {
            "month": "2012-11",
            "price": "5.34",
            "revenue": 442591
        },
        "2012-12": {
            "month": "2012-12",
            "price": "5.64",
            "revenue": 576920
        },
        "2013-01": {
            "month": "2013-01",
            "price": "7.70",
            "revenue": 608524
        },
        "2013-02": {
            "month": "2013-02",
            "price": "7.38",
            "revenue": 463220
        },
        "2013-03": {
            "month": "2013-03",
            "price": "6.76",
            "revenue": 671416
        },
        "2013-04": {
            "month": "2013-04",
            "price": "6.73",
            "revenue": 496311
        },
        "2013-05": {
            "month": "2013-05",
            "price": "7.20",
            "revenue": 540068
        },
        "2013-06": {
            "month": "2013-06",
            "price": "7.57",
            "revenue": 433167
        },
        "2013-07": {
            "month": "2013-07",
            "price": "7.54",
            "revenue": 479360
        },
        "2013-08": {
            "month": "2013-08",
            "price": "7.35",
            "revenue": 499417
        },
        "2013-09": {
            "month": "2013-09",
            "price": "7.27",
            "revenue": 398780
        },
        "2013-10": {
            "month": "2013-10",
            "price": "7.19",
            "revenue": 488777
        },
        "2013-11": {
            "month": "2013-11",
            "price": "6.56",
            "revenue": 410030
        },
        "2013-12": {
            "month": "2013-12",
            "price": "6.80",
            "revenue": 547659
        },
        "2014-01": {
            "month": "2014-01",
            "price": "6.99",
            "revenue": 452072
        },
        "2014-02": {
            "month": "2014-02",
            "price": "6.84",
            "revenue": 425223
        },
        "2014-03": {
            "month": "2014-03",
            "price": "6.51",
            "revenue": 490175
        },
        "2014-04": {
            "month": "2014-04",
            "price": "6.38",
            "revenue": 493502
        },
        "2014-05": {
            "month": "2014-05",
            "price": "6.32",
            "revenue": 727119
        },
        "2014-06": {
            "month": "2014-06",
            "price": "6.32",
            "revenue": 784711
        },
        "2014-07": {
            "month": "2014-07",
            "price": "6.59",
            "revenue": 746725
        },
        "2014-08": {
            "month": "2014-08",
            "price": "6.97",
            "revenue": 722200
        },
        "2014-09": {
            "month": "2014-09",
            "price": "6.68",
            "revenue": 597326
        },
        "2014-10": {
            "month": "2014-10",
            "price": "5.90",
            "revenue": 608372
        },
        "2014-11": {
            "month": "2014-11",
            "price": "5.64",
            "revenue": 550526
        },
        "2014-12": {
            "month": "2014-12",
            "price": "5.58",
            "revenue": 633738
        },
        "2015-01": {
            "month": "2015-01",
            "price": "5.65",
            "revenue": 660352
        },
        "2015-02": {
            "month": "2015-02",
            "price": "5.91",
            "revenue": 505496
        },
        "2015-03": {
            "month": "2015-03",
            "price": "5.74",
            "revenue": 652472
        },
        "2015-04": {
            "month": "2015-04",
            "price": "5.37",
            "revenue": 618412
        },
        "2015-05": {
            "month": "2015-05",
            "price": "5.10",
            "revenue": 613554
        },
        "2015-06": {
            "month": "2015-06",
            "price": "4.08",
            "revenue": 621153
        },
        "2015-07": {
            "month": "2015-07",
            "price": "3.53",
            "revenue": 648300
        },
        "2015-08": {
            "month": "2015-08",
            "price": "3.13",
            "revenue": 614246
        },
        "2015-09": {
            "month": "2015-09",
            "price": "3.52",
            "revenue": 558172
        },
        "2015-10": {
            "month": "2015-10",
            "price": "4.07",
            "revenue": 667128
        },
        "2015-11": {
            "month": "2015-11",
            "price": "4.53",
            "revenue": 679561
        },
        "2015-12": {
            "month": "2015-12",
            "price": "4.54",
            "revenue": 665313
        },
        "2016-01": {
            "month": "2016-01",
            "price": "4.53",
            "revenue": 653926
        },
        "2016-02": {
            "month": "2016-02",
            "price": "4.80",
            "revenue": 507725
        },
        "2016-03": {
            "month": "2016-03",
            "price": "5.04",
            "revenue": 657071
        },
        "2016-04": {
            "month": "2016-04",
            "price": "4.83",
            "revenue": 624589
        },
        "2016-05": {
            "month": "2016-05",
            "price": "4.33",
            "revenue": 609682
        },
        "2016-06": {
            "month": "2016-06",
            "price": "4.58",
            "revenue": 607113
        },
        "2016-07": {
            "month": "2016-07",
            "price": "4.85",
            "revenue": 633527
        },
        "2016-08": {
            "month": "2016-08",
            "price": "4.89",
            "revenue": 601886
        },
        "2016-09": {
            "month": "2016-09",
            "price": "4.82",
            "revenue": 533346
        },
        "2016-10": {
            "month": "2016-10",
            "price": "4.79",
            "revenue": 572414
        },
        "2016-11": {
            "month": "2016-11",
            "price": "4.95",
            "revenue": 617846
        },
        "2016-12": {
            "month": "2016-12",
            "price": "4.74",
            "revenue": 653386
        },
        "2017-01": {
            "month": "2017-01",
            "price": "4.61",
            "revenue": 690628
        },
        "2017-02": {
            "month": "2017-02",
            "price": "5.66",
            "revenue": 657042
        },
        "2017-03": {
            "month": "2017-03",
            "price": "5.92",
            "revenue": 715801
        },
        "2017-04": {
            "month": "2017-04",
            "price": "4.97",
            "revenue": 668937
        },
        "2017-05": {
            "month": "2017-05",
            "price": "4.68",
            "revenue": 605779
        },
        "2017-06": {
            "month": "2017-06",
            "price": "4.96",
            "revenue": 639631
        },
        "2017-07": {
            "month": "2017-07",
            "price": "4.95",
            "revenue": 612540
        },
        "2017-08": {
            "month": "2017-08",
            "price": "4.88",
            "revenue": 715811
        },
        "2017-09": {
            "month": "2017-09",
            "price": "4.88",
            "revenue": 758868
        },
        "2017-10": {
            "month": "2017-10",
            "price": "4.71",
            "revenue": 656370
        },
        "2017-11": {
            "month": "2017-11",
            "price": "4.84",
            "revenue": 644317
        },
        "2017-12": {
            "month": "2017-12",
            "price": "4.91",
            "revenue": 627283
        },
        "2018-01": {
            "month": "2018-01",
            "price": "5.69",
            "revenue": 795581
        },
        "2018-02": {
            "month": "2018-02",
            "price": "5.46",
            "revenue": 721861
        },
        "2018-03": {
            "month": "2018-03",
            "price": "5.41",
            "revenue": 845536
        },
        "2018-04": {
            "month": "2018-04",
            "price": "5.28",
            "revenue": 722044
        },
        "2018-05": {
            "month": "2018-05",
            "price": "5.13",
            "revenue": 716769
        },
        "2018-06": {
            "month": "2018-06",
            "price": "5.05",
            "revenue": 773262
        },
        "2018-07": {
            "month": "2018-07",
            "price": "4.97",
            "revenue": 778284
        },
        "2018-08": {
            "month": "2018-08",
            "price": "4.98",
            "revenue": 793464
        },
        "2018-09": {
            "month": "2018-09",
            "price": "4.96",
            "revenue": 651922
        },
        "2018-10": {
            "month": "2018-10",
            "price": "4.81",
            "revenue": 671603
        },
        "2018-11": {
            "month": "2018-11",
            "price": "4.92",
            "revenue": 644279
        },
        "2018-12": {
            "month": "2018-12",
            "price": "5.57",
            "revenue": 627131
        },
        "2019-01": {
            "month": "2019-01",
            "price": "5.45",
            "revenue": 710512
        },
        "2019-02": {
            "month": "2019-02",
            "price": "5.45",
            "revenue": 539989
        },
        "2019-03": {
            "month": "2019-03",
            "price": "5.30",
            "revenue": 620715
        },
        "2019-04": {
            "month": "2019-04",
            "price": "5.07",
            "revenue": 544030
        },
        "2019-05": {
            "month": "2019-05",
            "price": "4.89",
            "revenue": 601588
        },
        "2019-06": {
            "month": "2019-06",
            "price": "4.89",
            "revenue": 543271
        },
        "2019-07": {
            "month": "2019-07",
            "price": "4.66",
            "revenue": 595576
        },
        "2019-08": {
            "month": "2019-08",
            "price": "4.49",
            "revenue": 542585
        },
        "2019-09": {
            "month": "2019-09",
            "price": "4.75",
            "revenue": 503784
        },
        "2019-10": {
            "month": "2019-10",
            "price": "4.62",
            "revenue": 474870
        },
        "2019-11": {
            "month": "2019-11",
            "price": "4.39",
            "revenue": 424405
        },
        "2019-12": {
            "month": "2019-12",
            "price": "4.14",
            "revenue": 451480
        },
        "2020-01": {
            "month": "2020-01",
            "price": "4.22",
            "revenue": 454337
        },
        "2020-02": {
            "month": "2020-02",
            "price": "3.92",
            "revenue": 534355
        },
        "2020-03": {
            "month": "2020-03",
            "price": "3.81",
            "revenue": 507801
        },
        "2020-04": {
            "month": "2020-04",
            "price": "3.84",
            "revenue": 429089
        },
        "2020-05": {
            "month": "2020-05",
            "price": "3.83",
            "revenue": 441230
        },
        "2020-06": {
            "month": "2020-06",
            "price": "4.01",
            "revenue": 419890
        },
        "2020-07": {
            "month": "2020-07",
            "price": "4.04",
            "revenue": 376587
        },
        "2020-08": {
            "month": "2020-08",
            "price": "4.05",
            "revenue": 498115
        },
        "2020-09": {
            "month": "2020-09",
            "price": "6.64",
            "revenue": 461587
        },
        "2020-10": {
            "month": "2020-10",
            "price": "7.03",
            "revenue": 485649
        },
        "2020-11": {
            "month": "2020-11",
            "price": "7.11",
            "revenue": 470579
        },
        "2020-12": {
            "month": "2020-12",
            "price": "8.71",
            "revenue": 510572
        },
        "2021-01": {
            "month": "2021-01",
            "price": "8.52",
            "revenue": 569769
        },
        "2021-02": {
            "month": "2021-02",
            "price": "8.68",
            "revenue": 533414
        },
        "2021-03": {
            "month": "2021-03",
            "price": "9.06",
            "revenue": 569411
        },
        "2021-04": {
            "month": "2021-04",
            "price": "12.87",
            "revenue": 552310
        },
        "2021-05": {
            "month": "2021-05",
            "price": "14.65",
            "revenue": 602404
        },
        "2021-06": {
            "month": "2021-06",
            "price": "15.38",
            "revenue": 598924
        },
        "2021-07": {
            "month": "2021-07",
            "price": "25.75",
            "revenue": 650045
        },
        "2021-08": {
            "month": "2021-08",
            "price": "29.25",
            "revenue": 754049
        },
        "2021-09": {
            "month": "2021-09",
            "price": "29.18",
            "revenue": 555749
        },
        "2021-10": {
            "month": "2021-10",
            "price": "24.02",
            "revenue": 504451
        },
        "2021-11": {
            "month": "2021-11",
            "price": "21.90",
            "revenue": 586783
        },
        "2021-12": {
            "month": "2021-12",
            "price": "21.36",
            "revenue": 541477
        },
        "2022-01": {
            "month": "2022-01",
            "price": "18.83",
            "revenue": 561311
        },
        "2022-02": {
            "month": "2022-02",
            "price": "18.91",
            "revenue": 542390
        },
        "2022-03": {
            "month": "2022-03",
            "price": "20.11",
            "revenue": 758896
        },
        "2022-04": {
            "month": "2022-04",
            "price": "19.14",
            "revenue": 821080
        },
        "2022-05": {
            "month": "2022-05",
            "price": "15.35",
            "revenue": 774680
        },
        "2022-06": {
            "month": "2022-06",
            "price": "13.70",
            "revenue": 634062
        },
        "2022-07": {
            "month": "2022-07",
            "price": "11.45",
            "revenue": 481612
        },
        "2022-08": {
            "month": "2022-08",
            "price": "12.06",
            "revenue": 447886
        },
        "2022-09": {
            "month": "2022-09",
            "price": "10.71",
            "revenue": 503928
        },
        "2022-10": {
            "month": "2022-10",
            "price": "9.45",
            "revenue": 411644
        },
        "2022-11": {
            "month": "2022-11",
            "price": "9.88",
            "revenue": 463115
        },
        "2022-12": {
            "month": "2022-12",
            "price": "11.24",
            "revenue": 428092
        },
        "2023-01": {
            "month": "2023-01",
            "price": "12.15",
            "revenue": 408132
        },
        "2023-02": {
            "month": "2023-02",
            "price": "12.36",
            "revenue": 457384
        },
        "2023-03": {
            "month": "2023-03",
            "price": "11.70",
            "revenue": 506125
        },
        "2023-04": {
            "month": "2023-04",
            "price": "11.06",
            "revenue": 521388
        },
        "2023-05": {
            "month": "2023-05",
            "price": "10.47",
            "revenue": 439802
        },
        "2023-06": {
            "month": "2023-06",
            "price": "10.50",
            "revenue": 372732
        },
        "2023-07": {
            "month": "2023-07",
            "price": "9.94",
            "revenue": 310963
        },
        "2023-08": {
            "month": "2023-08",
            "price": "9.75",
            "revenue": 399105
        },
        "2023-09": {
            "month": "2023-09",
            "price": "9.81",
            "revenue": 380418
        },
        "2023-10": {
            "month": "2023-10",
            "price": "9.40",
            "revenue": 431789
        },
        "2023-11": {
            "month": "2023-11",
            "price": "10.41",
            "revenue": 393602
        },
        "2023-12": {
            "month": "2023-12",
            "price": "11.97",
            "revenue": 393709
        },
        "2024-01": {
            "month": "2024-01",
            "price": "11.90",
            "revenue": 433926
        },
        "2024-02": {
            "month": "2024-02",
            "price": "10.79",
            "revenue": 395843
        }
    }
}
