{
    "summary": {
        "stock_name": "高興昌",
        "stock_id": "2008",
        "category": "鋼鐵",
        "main_business": "鋼管、鍍鋅鋼管、鋼管樁<br>冷軋鋼捲(板)<br>熱軋鋼捲(板)、塗面鋼捲(板)",
        "website_url": "http://www.khc.com.tw",
        "ceo": "勝呂榮峰",
        "pe_ratio": 8,
        "report_year_from": 2001,
        "report_year_to": 2023,
        "age": 22,
        "eps_negative_percentage": 61,
        "eps_growth_avg": {
            "last_all": -16.26,
            "last_2y": 100,
            "last_4y": 100,
            "last_8y": -33.33,
            "last_12y": -33.33,
            "last_16y": -50,
            "last_20y": -16.26,
            "at_2006_last_3y": 28.74,
            "at_2007_last_3y": 0,
            "at_2008_last_3y": -100,
            "at_2009_last_3y": -100,
            "at_2010_last_3y": -100,
            "at_2011_last_3y": -100,
            "at_2012_last_3y": null,
            "at_2013_last_3y": null,
            "at_2014_last_3y": -100,
            "at_2015_last_3y": -100,
            "at_2016_last_3y": -100,
            "at_2017_last_3y": -100,
            "at_2018_last_3y": -100,
            "at_2019_last_3y": -100,
            "at_2020_last_3y": null,
            "at_2021_last_3y": null,
            "at_2022_last_3y": 100,
            "at_2023_last_3y": 100,
            "at_2006_last_all": 28.74,
            "at_2007_last_all": 28.74,
            "at_2008_last_all": -3.45,
            "at_2009_last_all": -3.45,
            "at_2010_last_all": -3.45,
            "at_2011_last_all": -3.45,
            "at_2012_last_all": -3.45,
            "at_2013_last_all": -3.45,
            "at_2014_last_all": -22.76,
            "at_2015_last_all": -22.76,
            "at_2016_last_all": -35.63,
            "at_2017_last_all": -35.63,
            "at_2018_last_all": -35.63,
            "at_2019_last_all": -35.63,
            "at_2020_last_all": -35.63,
            "at_2021_last_all": -35.63,
            "at_2022_last_all": -16.26,
            "at_2023_last_all": -16.26
        },
        "latest_eps": 2.46,
        "latest_price": 20.5,
        "latest_roe": 16.15,
        "latest_gross_margin": 5.62,
        "latest_equity": 3166324,
        "latest_revenue": 338126,
        "latest_gross_profit": 19009,
        "latest_net_income": 329870,
        "latest_debt_ratio": 56.97,
        "latest_current_ratio": 107.36,
        "latest_account_receivable_turnover_ratio": 3.42,
        "latest_inventory_turnover_ratio": 0.45,
        "latest_reinvestment_rate": 53.77,
        "latest_research_to_sale_ratio": null
    },
    "eps_dividends": {
        "1991": {
            "cash": 0,
            "stock": 1,
            "eps": 0
        },
        "1992": {
            "cash": 0.5,
            "stock": 0,
            "eps": 0
        },
        "1993": {
            "cash": 0,
            "stock": 1,
            "eps": 0
        },
        "1998": {
            "cash": 0,
            "stock": 0.5,
            "eps": 0
        },
        "2001": {
            "cash": 0,
            "stock": 0,
            "eps": -1.53
        },
        "2002": {
            "cash": 0,
            "stock": 0,
            "eps": 0.29
        },
        "2003": {
            "cash": 0,
            "stock": 0,
            "eps": 0.54
        },
        "2004": {
            "cash": 0,
            "stock": 0,
            "eps": 1.53
        },
        "2005": {
            "cash": 0,
            "stock": 0,
            "eps": -4.32
        },
        "2006": {
            "cash": 0,
            "stock": 0,
            "eps": -1.19
        },
        "2007": {
            "cash": 0,
            "stock": 0,
            "eps": 0.25
        },
        "2008": {
            "cash": 0,
            "stock": 0,
            "eps": -0.41
        },
        "2009": {
            "cash": 0,
            "stock": 0,
            "eps": -1.09
        },
        "2010": {
            "cash": 0,
            "stock": 0,
            "eps": -1.94
        },
        "2011": {
            "cash": 0,
            "stock": 0,
            "eps": -1.49
        },
        "2012": {
            "cash": 0,
            "stock": 0,
            "eps": -2.09
        },
        "2013": {
            "cash": 0,
            "stock": 0,
            "eps": 12.03
        },
        "2014": {
            "cash": 0,
            "stock": 0,
            "eps": -1.35
        },
        "2015": {
            "cash": 0,
            "stock": 0,
            "eps": 0.7
        },
        "2016": {
            "cash": 0,
            "stock": 0,
            "eps": -0.6
        },
        "2017": {
            "cash": 0,
            "stock": 0,
            "eps": -1.04
        },
        "2018": {
            "cash": 0,
            "stock": 0,
            "eps": -0.88
        },
        "2019": {
            "cash": 0,
            "stock": 0,
            "eps": -0.62
        },
        "2020": {
            "cash": 0,
            "stock": 0,
            "eps": -0.16
        },
        "2021": {
            "cash": 0,
            "stock": 0,
            "eps": 0.21
        },
        "2022": {
            "cash": 0,
            "stock": 0,
            "eps": 0.55
        },
        "2023": {
            "cash": 0.5,
            "stock": 0,
            "eps": 2.02
        }
    },
    "dividends": {
        "1991-05-11": {
            "cash": 0,
            "stock": 1
        },
        "1992-06-13": {
            "cash": 0.5,
            "stock": 0
        },
        "1993-06-12": {
            "cash": 0,
            "stock": 1
        },
        "1998-05-07": {
            "cash": 0,
            "stock": 0.5
        },
        "2023-08-29": {
            "cash": 0.5,
            "stock": 0
        }
    },
    "prices": {
        "200101": "5.17",
        "200102": "5.19",
        "200103": "4.71",
        "200104": "4.14",
        "200105": "3.82",
        "200106": "3.87",
        "200107": "3.44",
        "200108": "3.59",
        "200109": "4.33",
        "200110": "4.09",
        "200111": "3.37",
        "200112": "3.74",
        "200201": "3.58",
        "200202": "3.74",
        "200203": "4.45",
        "200204": "5.46",
        "200205": "5.19",
        "200206": "5.92",
        "200207": "8.42",
        "200208": "9.61",
        "200209": "8.72",
        "200210": "7.63",
        "200211": "8.39",
        "200212": "8.82",
        "200301": "9.82",
        "200302": "9.26",
        "200303": "8.40",
        "200304": "8.14",
        "200305": "6.96",
        "200306": "8.58",
        "200307": "10.18",
        "200308": "9.51",
        "200309": "8.67",
        "200310": "9.62",
        "200311": "11.04",
        "200312": "10.19",
        "200401": "10.66",
        "200402": "14.85",
        "200403": "14.06",
        "200404": "12.03",
        "200405": "9.46",
        "200406": "9.43",
        "200407": "10.08",
        "200408": "9.58",
        "200409": "14.20",
        "200410": "15.00",
        "200411": "13.14",
        "200412": "15.97",
        "200501": "15.39",
        "200502": "15.66",
        "200503": "14.45",
        "200504": "11.05",
        "200505": "8.78",
        "200506": "10.06",
        "200507": "9.34",
        "200508": "8.98",
        "200509": "8.69",
        "200510": "6.90",
        "200511": "5.76",
        "200512": "5.58",
        "200601": "5.64",
        "200602": "6.48",
        "200603": "5.89",
        "200604": "7.35",
        "200605": "7.53",
        "200606": "6.41",
        "200607": "6.16",
        "200608": "5.62",
        "200609": "4.99",
        "200610": "6.00",
        "200611": "6.14",
        "200612": "7.31",
        "200701": "6.81",
        "200702": "6.43",
        "200703": "6.70",
        "200704": "7.81",
        "200705": "7.44",
        "200706": "7.14",
        "200707": "9.16",
        "200708": "9.96",
        "200709": "9.30",
        "200710": "8.88",
        "200711": "8.80",
        "200712": "8.52",
        "200801": "8.42",
        "200802": "8.75",
        "200803": "9.28",
        "200804": "11.70",
        "200805": "12.87",
        "200806": "11.10",
        "200807": "9.19",
        "200808": "8.53",
        "200809": "7.20",
        "200810": "4.94",
        "200811": "5.11",
        "200812": "4.86",
        "200901": "4.75",
        "200902": "4.46",
        "200903": "4.86",
        "200904": "5.98",
        "200905": "6.40",
        "200906": "7.07",
        "200907": "7.21",
        "200908": "6.66",
        "200909": "6.27",
        "200910": "6.22",
        "200911": "6.00",
        "200912": "6.26",
        "201001": "7.62",
        "201002": "7.35",
        "201003": "7.93",
        "201004": "9.64",
        "201005": "8.60",
        "201006": "9.06",
        "201007": "8.60",
        "201008": "8.83",
        "201009": "9.07",
        "201010": "9.09",
        "201011": "7.28",
        "201012": "7.30",
        "201101": "7.27",
        "201102": "7.16",
        "201103": "6.52",
        "201104": "6.33",
        "201105": "5.42",
        "201106": "5.10",
        "201107": "4.91",
        "201108": "5.01",
        "201109": "4.73",
        "201110": "4.57",
        "201111": "4.49",
        "201112": "4.21",
        "201201": "4.29",
        "201202": "4.59",
        "201203": "4.81",
        "201204": "5.54",
        "201205": "5.88",
        "201206": "4.96",
        "201207": "4.97",
        "201208": "5.11",
        "201209": "7.61",
        "201210": "6.62",
        "201211": "6.31",
        "201212": "6.48",
        "201301": "6.91",
        "201302": "6.94",
        "201303": "7.45",
        "201304": "7.97",
        "201305": "8.02",
        "201306": "8.79",
        "201307": "9.45",
        "201308": "10.50",
        "201309": "11.12",
        "201310": "11.29",
        "201311": "11.80",
        "201312": "12.02",
        "201401": "14.26",
        "201402": "13.87",
        "201403": "15.02",
        "201404": "13.64",
        "201405": "12.50",
        "201406": "12.34",
        "201407": "12.27",
        "201408": "11.84",
        "201409": "11.33",
        "201410": "10.77",
        "201411": "10.63",
        "201412": "11.22",
        "201501": "11.14",
        "201502": "10.98",
        "201503": "10.80",
        "201504": "10.75",
        "201505": "10.50",
        "201506": "9.65",
        "201507": "8.90",
        "201508": "7.53",
        "201509": "8.30",
        "201510": "8.19",
        "201511": "8.58",
        "201512": "8.78",
        "201601": "8.20",
        "201602": "9.22",
        "201603": "9.21",
        "201604": "8.95",
        "201605": "8.00",
        "201606": "7.83",
        "201607": "7.96",
        "201608": "8.23",
        "201609": "8.28",
        "201610": "9.47",
        "201611": "9.66",
        "201612": "11.04",
        "201701": "10.77",
        "201702": "11.13",
        "201703": "11.03",
        "201704": "10.78",
        "201705": "10.29",
        "201706": "10.26",
        "201707": "10.03",
        "201708": "10.07",
        "201709": "10.04",
        "201710": "10.03",
        "201711": "11.12",
        "201712": "11.30",
        "201801": "12.48",
        "201802": "12.65",
        "201803": "12.67",
        "201804": "12.56",
        "201805": "12.51",
        "201806": "12.54",
        "201807": "12.53",
        "201808": "12.52",
        "201809": "12.51",
        "201810": "12.33",
        "201811": "12.40",
        "201812": "12.38",
        "201901": "12.35",
        "201902": "12.43",
        "201903": "12.43",
        "201904": "12.46",
        "201905": "12.38",
        "201906": "12.36",
        "201907": "12.36",
        "201908": "12.38",
        "201909": "12.39",
        "201910": "12.36",
        "201911": "12.36",
        "201912": "12.39",
        "202001": "12.69",
        "202002": "12.39",
        "202003": "12.26",
        "202004": "12.39",
        "202005": "12.42",
        "202006": "12.42",
        "202007": "12.47",
        "202008": "12.43",
        "202009": "13.30",
        "202010": "13.33",
        "202011": "13.29",
        "202012": "15.49",
        "202101": "15.34",
        "202102": "14.32",
        "202103": "16.36",
        "202104": "19.13",
        "202105": "17.68",
        "202106": "19.88",
        "202107": "24.90",
        "202108": "23.79",
        "202109": "21.90",
        "202110": "18.59",
        "202111": "19.17",
        "202112": "19.90",
        "202201": "19.17",
        "202202": "19.44",
        "202203": "19.75",
        "202204": "18.76",
        "202205": "16.59",
        "202206": "17.09",
        "202207": "16.49",
        "202208": "17.05",
        "202209": "16.77",
        "202210": "16.60",
        "202211": "16.95",
        "202212": "17.38",
        "202301": "18.21",
        "202302": "18.45",
        "202303": "19.51",
        "202304": "19.74",
        "202305": "19.53",
        "202306": "19.70",
        "202307": "19.74",
        "202308": "19.76",
        "202309": "21.02",
        "202310": "20.42"
    },
    "quarters": {
        "20011": {
            "year_quarter": 20011,
            "year": 2001,
            "quarter": 1,
            "eps": -0.32,
            "eps_growth_year": null,
            "eps_4q": -1.9,
            "eps_4q_growth_year": -568.67,
            "roe": -3.41,
            "roe_4q": -3.41,
            "gross_profit": 57254,
            "gross_margin": 3.11,
            "gross_margin_4q_avg": 3.11,
            "net_income": -131143,
            "net_income_4q": null,
            "revenue": 1841059,
            "revenue_4q": null,
            "common_shares": 4238266,
            "book_valuer_per_share": 9.25,
            "book_valuer_per_share_4q_avg": 9.25,
            "equity": 3919494,
            "current_ratio": 54.78,
            "debt_ratio": 67.03,
            "inventory_turnover_ratio": 1.27,
            "account_receivable_turnover_ratio": null,
            "reinvestment_rate": null,
            "research_to_sale_ratio": null,
            "price_fair": 0,
            "eps_avg_yearly": 0,
            "eps_latest_yearly": 0,
            "eps_growth_yearly": 0
        },
        "20012": {
            "year_quarter": 20012,
            "year": 2001,
            "quarter": 2,
            "eps": -0.29,
            "eps_growth_year": null,
            "eps_4q": -1.83,
            "eps_4q_growth_year": -1673.28,
            "roe": -3.1,
            "roe_4q": -6.51,
            "gross_profit": 93284,
            "gross_margin": 6.12,
            "gross_margin_4q_avg": 4.62,
            "net_income": -118940,
            "net_income_4q": null,
            "revenue": 1523279,
            "revenue_4q": null,
            "common_shares": 4238266,
            "book_valuer_per_share": 8.88,
            "book_valuer_per_share_4q_avg": 9.07,
            "equity": 3763309,
            "current_ratio": 52.69,
            "debt_ratio": 68.35,
            "inventory_turnover_ratio": 1.02,
            "account_receivable_turnover_ratio": null,
            "reinvestment_rate": null,
            "research_to_sale_ratio": null,
            "price_fair": 0,
            "eps_avg_yearly": 0,
            "eps_latest_yearly": 0,
            "eps_growth_yearly": 0
        },
        "20013": {
            "year_quarter": 20013,
            "year": 2001,
            "quarter": 3,
            "eps": -0.4,
            "eps_growth_year": null,
            "eps_4q": -1.5,
            "eps_4q_growth_year": null,
            "roe": -4.49,
            "roe_4q": -11,
            "gross_profit": 49997,
            "gross_margin": 3.25,
            "gross_margin_4q_avg": 4.16,
            "net_income": -165613,
            "net_income_4q": null,
            "revenue": 1539070,
            "revenue_4q": null,
            "common_shares": 4238266,
            "book_valuer_per_share": 8.51,
            "book_valuer_per_share_4q_avg": 8.88,
            "equity": 3608641,
            "current_ratio": 52.08,
            "debt_ratio": 70.21,
            "inventory_turnover_ratio": 1.04,
            "account_receivable_turnover_ratio": null,
            "reinvestment_rate": null,
            "research_to_sale_ratio": null,
            "price_fair": 0,
            "eps_avg_yearly": 0,
            "eps_latest_yearly": 0,
            "eps_growth_yearly": 0
        },
        "20014": {
            "year_quarter": 20014,
            "year": 2001,
            "quarter": 4,
            "eps": -0.52,
            "eps_growth_year": null,
            "eps_4q": -1.51,
            "eps_4q_growth_year": null,
            "roe": -6.18,
            "roe_4q": -17.18,
            "gross_profit": 22391,
            "gross_margin": 1.33,
            "gross_margin_4q_avg": 3.45,
            "net_income": -215939,
            "net_income_4q": null,
            "revenue": 1683368,
            "revenue_4q": null,
            "common_shares": 4238266,
            "book_valuer_per_share": 7.97,
            "book_valuer_per_share_4q_avg": 8.65,
            "equity": 3379855,
            "current_ratio": 49.34,
            "debt_ratio": 71.64,
            "inventory_turnover_ratio": 1.22,
            "account_receivable_turnover_ratio": null,
            "reinvestment_rate": null,
            "research_to_sale_ratio": null,
            "price_fair": 0,
            "eps_avg_yearly": 0,
            "eps_latest_yearly": 0,
            "eps_growth_yearly": 0
        },
        "20021": {
            "year_quarter": 20021,
            "year": 2002,
            "quarter": 1,
            "eps": -0.32,
            "eps_growth_year": null,
            "eps_4q": -1.71,
            "eps_4q_growth_year": null,
            "roe": -3.55,
            "roe_4q": -17.32,
            "gross_profit": 68829,
            "gross_margin": 4.16,
            "gross_margin_4q_avg": 3.72,
            "net_income": -115172,
            "net_income_4q": null,
            "revenue": 1655336,
            "revenue_4q": null,
            "common_shares": 4238266,
            "book_valuer_per_share": 7.35,
            "book_valuer_per_share_4q_avg": 8.18,
            "equity": 3114626,
            "current_ratio": 46.71,
            "debt_ratio": 73.48,
            "inventory_turnover_ratio": 1.29,
            "account_receivable_turnover_ratio": null,
            "reinvestment_rate": null,
            "research_to_sale_ratio": null,
            "price_fair": 0,
            "eps_avg_yearly": 0,
            "eps_latest_yearly": 0,
            "eps_growth_yearly": 0
        },
        "20022": {
            "year_quarter": 20022,
            "year": 2002,
            "quarter": 2,
            "eps": 0.12,
            "eps_growth_year": null,
            "eps_4q": -1.27,
            "eps_4q_growth_year": null,
            "roe": 1.37,
            "roe_4q": -12.85,
            "gross_profit": 242948,
            "gross_margin": 12.88,
            "gross_margin_4q_avg": 5.41,
            "net_income": 42990,
            "net_income_4q": null,
            "revenue": 1886554,
            "revenue_4q": null,
            "common_shares": 4238266,
            "book_valuer_per_share": 7.46,
            "book_valuer_per_share_4q_avg": 7.82,
            "equity": 3161852,
            "current_ratio": 44.88,
            "debt_ratio": 72.9,
            "inventory_turnover_ratio": 1.42,
            "account_receivable_turnover_ratio": null,
            "reinvestment_rate": null,
            "research_to_sale_ratio": null,
            "price_fair": 0,
            "eps_avg_yearly": 0,
            "eps_latest_yearly": 0,
            "eps_growth_yearly": 0
        },
        "20023": {
            "year_quarter": 20023,
            "year": 2002,
            "quarter": 3,
            "eps": 0.31,
            "eps_growth_year": null,
            "eps_4q": -0.49,
            "eps_4q_growth_year": null,
            "roe": 3.45,
            "roe_4q": -4.909999999999999,
            "gross_profit": 326656,
            "gross_margin": 13.51,
            "gross_margin_4q_avg": 7.97,
            "net_income": 111348,
            "net_income_4q": null,
            "revenue": 2417495,
            "revenue_4q": null,
            "common_shares": 4238266,
            "book_valuer_per_share": 7.75,
            "book_valuer_per_share_4q_avg": 7.63,
            "equity": 3285710,
            "current_ratio": 47.99,
            "debt_ratio": 72.33,
            "inventory_turnover_ratio": 1.65,
            "account_receivable_turnover_ratio": null,
            "reinvestment_rate": null,
            "research_to_sale_ratio": null,
            "price_fair": 43.4,
            "eps_avg_yearly": 1.24,
            "eps_latest_yearly": 1.24,
            "eps_growth_yearly": 633.33
        },
        "20024": {
            "year_quarter": 20024,
            "year": 2002,
            "quarter": 4,
            "eps": 0.18,
            "eps_growth_year": null,
            "eps_4q": 0.29,
            "eps_4q_growth_year": null,
            "roe": 1.97,
            "roe_4q": 3.24,
            "gross_profit": 277282,
            "gross_margin": 12.51,
            "gross_margin_4q_avg": 10.77,
            "net_income": 65266,
            "net_income_4q": null,
            "revenue": 2216471,
            "revenue_4q": null,
            "common_shares": 4238266,
            "book_valuer_per_share": 7.92,
            "book_valuer_per_share_4q_avg": 7.62,
            "equity": 3356853,
            "current_ratio": 46.55,
            "debt_ratio": 71.62,
            "inventory_turnover_ratio": 1.47,
            "account_receivable_turnover_ratio": null,
            "reinvestment_rate": null,
            "research_to_sale_ratio": null,
            "price_fair": 34.3,
            "eps_avg_yearly": 0.98,
            "eps_latest_yearly": 0.72,
            "eps_growth_yearly": 232.8
        },
        "20031": {
            "year_quarter": 20031,
            "year": 2003,
            "quarter": 1,
            "eps": 0.33,
            "eps_growth_year": null,
            "eps_4q": 0.93,
            "eps_4q_growth_year": null,
            "roe": 3.54,
            "roe_4q": 10.330000000000002,
            "gross_profit": 346410,
            "gross_margin": 13.81,
            "gross_margin_4q_avg": 13.18,
            "net_income": 121717,
            "net_income_4q": null,
            "revenue": 2507722,
            "revenue_4q": null,
            "common_shares": 4238266,
            "book_valuer_per_share": 8.32,
            "book_valuer_per_share_4q_avg": 7.86,
            "equity": 3525804,
            "current_ratio": 51.39,
            "debt_ratio": 71.33,
            "inventory_turnover_ratio": 1.53,
            "account_receivable_turnover_ratio": null,
            "reinvestment_rate": null,
            "research_to_sale_ratio": null,
            "price_fair": 38.27,
            "eps_avg_yearly": 1.09,
            "eps_latest_yearly": 1.32,
            "eps_growth_yearly": 266.31
        },
        "20032": {
            "year_quarter": 20032,
            "year": 2003,
            "quarter": 2,
            "eps": 0.21,
            "eps_growth_year": 75,
            "eps_4q": 1.01,
            "eps_4q_growth_year": null,
            "roe": 2.21,
            "roe_4q": 11.17,
            "gross_profit": 265060,
            "gross_margin": 12.54,
            "gross_margin_4q_avg": 13.09,
            "net_income": 78535,
            "net_income_4q": null,
            "revenue": 2113940,
            "revenue_4q": null,
            "common_shares": 4238266,
            "book_valuer_per_share": 8.48,
            "book_valuer_per_share_4q_avg": 8.12,
            "equity": 3595673,
            "current_ratio": 51.35,
            "debt_ratio": 70.94,
            "inventory_turnover_ratio": 1.07,
            "account_receivable_turnover_ratio": null,
            "reinvestment_rate": null,
            "research_to_sale_ratio": null,
            "price_fair": 36.05,
            "eps_avg_yearly": 1.03,
            "eps_latest_yearly": 0.84,
            "eps_growth_yearly": 163.37
        },
        "20033": {
            "year_quarter": 20033,
            "year": 2003,
            "quarter": 3,
            "eps": -0.07,
            "eps_growth_year": -122.58,
            "eps_4q": 0.57,
            "eps_4q_growth_year": null,
            "roe": -0.69,
            "roe_4q": 7.03,
            "gross_profit": 183487,
            "gross_margin": 7.25,
            "gross_margin_4q_avg": 11.53,
            "net_income": -24895,
            "net_income_4q": null,
            "revenue": 2532214,
            "revenue_4q": null,
            "common_shares": 4238266,
            "book_valuer_per_share": 8.43,
            "book_valuer_per_share_4q_avg": 8.29,
            "equity": 3572407,
            "current_ratio": 50.7,
            "debt_ratio": 70.91,
            "inventory_turnover_ratio": 1.32,
            "account_receivable_turnover_ratio": null,
            "reinvestment_rate": null,
            "research_to_sale_ratio": null,
            "price_fair": 36.05,
            "eps_avg_yearly": 1.03,
            "eps_latest_yearly": 0.84,
            "eps_growth_yearly": 163.37
        },
        "20034": {
            "year_quarter": 20034,
            "year": 2003,
            "quarter": 4,
            "eps": 0.07,
            "eps_growth_year": -61.11,
            "eps_4q": 0.53,
            "eps_4q_growth_year": 83.83,
            "roe": 0.74,
            "roe_4q": 5.8,
            "gross_profit": 292408,
            "gross_margin": 9.68,
            "gross_margin_4q_avg": 10.82,
            "net_income": 26716,
            "net_income_4q": null,
            "revenue": 3021788,
            "revenue_4q": null,
            "common_shares": 4238266,
            "book_valuer_per_share": 8.59,
            "book_valuer_per_share_4q_avg": 8.46,
            "equity": 3641250,
            "current_ratio": 50.28,
            "debt_ratio": 69.89,
            "inventory_turnover_ratio": 1.74,
            "account_receivable_turnover_ratio": null,
            "reinvestment_rate": null,
            "research_to_sale_ratio": null,
            "price_fair": 36.05,
            "eps_avg_yearly": 1.03,
            "eps_latest_yearly": 0.84,
            "eps_growth_yearly": 163.37
        },
        "20041": {
            "year_quarter": 20041,
            "year": 2004,
            "quarter": 1,
            "eps": 0.54,
            "eps_growth_year": 63.64,
            "eps_4q": 0.75,
            "eps_4q_growth_year": -18.72,
            "roe": 5.35,
            "roe_4q": 7.61,
            "gross_profit": 490314,
            "gross_margin": 16.62,
            "gross_margin_4q_avg": 11.52,
            "net_income": 204561,
            "net_income_4q": null,
            "revenue": 2949806,
            "revenue_4q": null,
            "common_shares": 4238266,
            "book_valuer_per_share": 9.46,
            "book_valuer_per_share_4q_avg": 8.74,
            "equity": 4011028,
            "current_ratio": 54.02,
            "debt_ratio": 67.9,
            "inventory_turnover_ratio": 1.65,
            "account_receivable_turnover_ratio": null,
            "reinvestment_rate": null,
            "research_to_sale_ratio": null,
            "price_fair": 43.96,
            "eps_avg_yearly": 1.26,
            "eps_latest_yearly": 2.16,
            "eps_growth_yearly": 667.84
        },
        "20042": {
            "year_quarter": 20042,
            "year": 2004,
            "quarter": 2,
            "eps": 0.52,
            "eps_growth_year": 147.62,
            "eps_4q": 1.06,
            "eps_4q_growth_year": 5.47,
            "roe": 4.81,
            "roe_4q": 10.21,
            "gross_profit": 514565,
            "gross_margin": 17.2,
            "gross_margin_4q_avg": 12.69,
            "net_income": 197683,
            "net_income_4q": null,
            "revenue": 2991053,
            "revenue_4q": null,
            "common_shares": 4238266,
            "book_valuer_per_share": 9.93,
            "book_valuer_per_share_4q_avg": 9.1,
            "equity": 4210302,
            "current_ratio": 60.6,
            "debt_ratio": 67.72,
            "inventory_turnover_ratio": 1.39,
            "account_receivable_turnover_ratio": null,
            "reinvestment_rate": null,
            "research_to_sale_ratio": null,
            "price_fair": 48.77,
            "eps_avg_yearly": 1.39,
            "eps_latest_yearly": 2.08,
            "eps_growth_yearly": 554.06
        },
        "20043": {
            "year_quarter": 20043,
            "year": 2004,
            "quarter": 3,
            "eps": 0.45,
            "eps_growth_year": null,
            "eps_4q": 1.6,
            "eps_4q_growth_year": 181.36,
            "roe": 3.92,
            "roe_4q": 14.82,
            "gross_profit": 382011,
            "gross_margin": 10.09,
            "gross_margin_4q_avg": 13.4,
            "net_income": 168232,
            "net_income_4q": null,
            "revenue": 3784472,
            "revenue_4q": null,
            "common_shares": 4238266,
            "book_valuer_per_share": 10.33,
            "book_valuer_per_share_4q_avg": 9.58,
            "equity": 4376535,
            "current_ratio": 62.01,
            "debt_ratio": 66.88,
            "inventory_turnover_ratio": 1.65,
            "account_receivable_turnover_ratio": null,
            "reinvestment_rate": -1637.82,
            "research_to_sale_ratio": null,
            "price_fair": 50.8,
            "eps_avg_yearly": 1.45,
            "eps_latest_yearly": 1.8,
            "eps_growth_yearly": 467.22
        },
        "20044": {
            "year_quarter": 20044,
            "year": 2004,
            "quarter": 4,
            "eps": 0.02,
            "eps_growth_year": -71.43,
            "eps_4q": 1.74,
            "eps_4q_growth_year": 228.66,
            "roe": 0.15,
            "roe_4q": 14.229999999999999,
            "gross_profit": 501354,
            "gross_margin": 13.09,
            "gross_margin_4q_avg": 14.25,
            "net_income": 6633,
            "net_income_4q": null,
            "revenue": 3829496,
            "revenue_4q": null,
            "common_shares": 4238266,
            "book_valuer_per_share": 10.37,
            "book_valuer_per_share_4q_avg": 10.02,
            "equity": 4394870,
            "current_ratio": 57.28,
            "debt_ratio": 66.55,
            "inventory_turnover_ratio": 1.84,
            "account_receivable_turnover_ratio": null,
            "reinvestment_rate": 37.86,
            "research_to_sale_ratio": null,
            "price_fair": 44.8,
            "eps_avg_yearly": 1.28,
            "eps_latest_yearly": 0.08,
            "eps_growth_yearly": 361.04
        },
        "20051": {
            "year_quarter": 20051,
            "year": 2005,
            "quarter": 1,
            "eps": -0.98,
            "eps_growth_year": -281.48,
            "eps_4q": -0.01,
            "eps_4q_growth_year": -101.4,
            "roe": -8.95,
            "roe_4q": -0.0699999999999994,
            "gross_profit": 410091,
            "gross_margin": 10.65,
            "gross_margin_4q_avg": 12.76,
            "net_income": -376583,
            "net_income_4q": null,
            "revenue": 3849695,
            "revenue_4q": null,
            "common_shares": 4238266,
            "book_valuer_per_share": 9.48,
            "book_valuer_per_share_4q_avg": 10.03,
            "equity": 4018166,
            "current_ratio": 58.94,
            "debt_ratio": 68.58,
            "inventory_turnover_ratio": 1.94,
            "account_receivable_turnover_ratio": null,
            "reinvestment_rate": -8841.24,
            "research_to_sale_ratio": null,
            "price_fair": 44.8,
            "eps_avg_yearly": 1.28,
            "eps_latest_yearly": 0.08,
            "eps_growth_yearly": 361.04
        },
        "20052": {
            "year_quarter": 20052,
            "year": 2005,
            "quarter": 2,
            "eps": -0.3,
            "eps_growth_year": -157.69,
            "eps_4q": -0.75,
            "eps_4q_growth_year": -170.85,
            "roe": -2.97,
            "roe_4q": -7.85,
            "gross_profit": 239016,
            "gross_margin": 9.47,
            "gross_margin_4q_avg": 10.83,
            "net_income": -117452,
            "net_income_4q": null,
            "revenue": 2523418,
            "revenue_4q": null,
            "common_shares": 4238266,
            "book_valuer_per_share": 9.2,
            "book_valuer_per_share_4q_avg": 9.85,
            "equity": 3900650,
            "current_ratio": 59.63,
            "debt_ratio": 70.75,
            "inventory_turnover_ratio": 0.9,
            "account_receivable_turnover_ratio": null,
            "reinvestment_rate": -8629.24,
            "research_to_sale_ratio": null,
            "price_fair": 44.8,
            "eps_avg_yearly": 1.28,
            "eps_latest_yearly": 0.08,
            "eps_growth_yearly": 361.04
        },
        "20053": {
            "year_quarter": 20053,
            "year": 2005,
            "quarter": 3,
            "eps": -1.56,
            "eps_growth_year": -446.67,
            "eps_4q": -2.57,
            "eps_4q_growth_year": -260.64,
            "roe": -16.63,
            "roe_4q": -28.4,
            "gross_profit": -367233,
            "gross_margin": -13.64,
            "gross_margin_4q_avg": 4.89,
            "net_income": -600154,
            "net_income_4q": null,
            "revenue": 2692504,
            "revenue_4q": null,
            "common_shares": 4238266,
            "book_valuer_per_share": 7.83,
            "book_valuer_per_share_4q_avg": 9.22,
            "equity": 3316518,
            "current_ratio": 50.7,
            "debt_ratio": 73.17,
            "inventory_turnover_ratio": 1.16,
            "account_receivable_turnover_ratio": null,
            "reinvestment_rate": null,
            "research_to_sale_ratio": null,
            "price_fair": 44.8,
            "eps_avg_yearly": 1.28,
            "eps_latest_yearly": 0.08,
            "eps_growth_yearly": 361.04
        },
        "20054": {
            "year_quarter": 20054,
            "year": 2005,
            "quarter": 4,
            "eps": -1.48,
            "eps_growth_year": -7500,
            "eps_4q": -4.3,
            "eps_4q_growth_year": -347.04,
            "roe": -18.85,
            "roe_4q": -47.400000000000006,
            "gross_profit": -140088,
            "gross_margin": -6.35,
            "gross_margin_4q_avg": 0.03,
            "net_income": -571429,
            "net_income_4q": null,
            "revenue": 2205038,
            "revenue_4q": null,
            "common_shares": 4238266,
            "book_valuer_per_share": 6.44,
            "book_valuer_per_share_4q_avg": 8.24,
            "equity": 2747510,
            "current_ratio": 41.93,
            "debt_ratio": 75.8,
            "inventory_turnover_ratio": 1.34,
            "account_receivable_turnover_ratio": null,
            "reinvestment_rate": null,
            "research_to_sale_ratio": null,
            "price_fair": 44.8,
            "eps_avg_yearly": 1.28,
            "eps_latest_yearly": 0.08,
            "eps_growth_yearly": 361.04
        },
        "20061": {
            "year_quarter": 20061,
            "year": 2006,
            "quarter": 1,
            "eps": -0.61,
            "eps_growth_year": null,
            "eps_4q": -3.92,
            "eps_4q_growth_year": null,
            "roe": -9.05,
            "roe_4q": -47.5,
            "gross_profit": -214209,
            "gross_margin": -8.38,
            "gross_margin_4q_avg": -4.73,
            "net_income": -237295,
            "net_income_4q": null,
            "revenue": 2555016,
            "revenue_4q": null,
            "common_shares": 4238266,
            "book_valuer_per_share": 5.89,
            "book_valuer_per_share_4q_avg": 7.34,
            "equity": 2495712,
            "current_ratio": 39.15,
            "debt_ratio": 76.8,
            "inventory_turnover_ratio": 2.34,
            "account_receivable_turnover_ratio": null,
            "reinvestment_rate": null,
            "research_to_sale_ratio": null,
            "price_fair": 44.8,
            "eps_avg_yearly": 1.28,
            "eps_latest_yearly": 0.08,
            "eps_growth_yearly": 361.04
        },
        "20062": {
            "year_quarter": 20062,
            "year": 2006,
            "quarter": 2,
            "eps": -0.21,
            "eps_growth_year": null,
            "eps_4q": -3.52,
            "eps_4q_growth_year": null,
            "roe": -3.29,
            "roe_4q": -47.82,
            "gross_profit": 102604,
            "gross_margin": 4.01,
            "gross_margin_4q_avg": -6.09,
            "net_income": -80876,
            "net_income_4q": null,
            "revenue": 2559768,
            "revenue_4q": null,
            "common_shares": 4238266,
            "book_valuer_per_share": 5.72,
            "book_valuer_per_share_4q_avg": 6.47,
            "equity": 2423186,
            "current_ratio": 41.22,
            "debt_ratio": 78.5,
            "inventory_turnover_ratio": 2.36,
            "account_receivable_turnover_ratio": null,
            "reinvestment_rate": null,
            "research_to_sale_ratio": null,
            "price_fair": 44.8,
            "eps_avg_yearly": 1.28,
            "eps_latest_yearly": 0.08,
            "eps_growth_yearly": 361.04
        },
        "20063": {
            "year_quarter": 20063,
            "year": 2006,
            "quarter": 3,
            "eps": 0.07,
            "eps_growth_year": null,
            "eps_4q": -2.15,
            "eps_4q_growth_year": null,
            "roe": 1.15,
            "roe_4q": -30.040000000000003,
            "gross_profit": 221055,
            "gross_margin": 8.52,
            "gross_margin_4q_avg": -0.55,
            "net_income": 28040,
            "net_income_4q": null,
            "revenue": 2593292,
            "revenue_4q": null,
            "common_shares": 4238266,
            "book_valuer_per_share": 5.81,
            "book_valuer_per_share_4q_avg": 5.97,
            "equity": 2462220,
            "current_ratio": 42.49,
            "debt_ratio": 78.71,
            "inventory_turnover_ratio": 1.8,
            "account_receivable_turnover_ratio": null,
            "reinvestment_rate": null,
            "research_to_sale_ratio": null,
            "price_fair": 45,
            "eps_avg_yearly": 1.29,
            "eps_latest_yearly": 0.08,
            "eps_growth_yearly": 322.14
        },
        "20064": {
            "year_quarter": 20064,
            "year": 2006,
            "quarter": 4,
            "eps": -0.44,
            "eps_growth_year": null,
            "eps_4q": -1.19,
            "eps_4q_growth_year": null,
            "roe": -6.66,
            "roe_4q": -17.85,
            "gross_profit": 48699,
            "gross_margin": 1.62,
            "gross_margin_4q_avg": 1.44,
            "net_income": -169176,
            "net_income_4q": null,
            "revenue": 3005030,
            "revenue_4q": null,
            "common_shares": 4238266,
            "book_valuer_per_share": 6.13,
            "book_valuer_per_share_4q_avg": 5.89,
            "equity": 2619006,
            "current_ratio": 42.73,
            "debt_ratio": 78.54,
            "inventory_turnover_ratio": 1.73,
            "account_receivable_turnover_ratio": null,
            "reinvestment_rate": null,
            "research_to_sale_ratio": null,
            "price_fair": 48.3,
            "eps_avg_yearly": 1.38,
            "eps_latest_yearly": 0.08,
            "eps_growth_yearly": 403.78
        },
        "20071": {
            "year_quarter": 20071,
            "year": 2007,
            "quarter": 1,
            "eps": -0.68,
            "eps_growth_year": null,
            "eps_4q": -1.25,
            "eps_4q_growth_year": null,
            "roe": -10.65,
            "roe_4q": -19.450000000000003,
            "gross_profit": -41717,
            "gross_margin": -1.58,
            "gross_margin_4q_avg": 3.14,
            "net_income": -263694,
            "net_income_4q": null,
            "revenue": 2642445,
            "revenue_4q": null,
            "common_shares": 4238266,
            "book_valuer_per_share": 5.51,
            "book_valuer_per_share_4q_avg": 5.79,
            "equity": 2334862,
            "current_ratio": 39.95,
            "debt_ratio": 80.26,
            "inventory_turnover_ratio": 1.55,
            "account_receivable_turnover_ratio": null,
            "reinvestment_rate": null,
            "research_to_sale_ratio": null,
            "price_fair": 48.72,
            "eps_avg_yearly": 1.39,
            "eps_latest_yearly": 0.08,
            "eps_growth_yearly": 417.88
        },
        "20072": {
            "year_quarter": 20072,
            "year": 2007,
            "quarter": 2,
            "eps": -0.3,
            "eps_growth_year": null,
            "eps_4q": -1.23,
            "eps_4q_growth_year": null,
            "roe": -5.14,
            "roe_4q": -21.3,
            "gross_profit": 124619,
            "gross_margin": 4.28,
            "gross_margin_4q_avg": 3.21,
            "net_income": -117158,
            "net_income_4q": null,
            "revenue": 2908845,
            "revenue_4q": null,
            "common_shares": 4238266,
            "book_valuer_per_share": 5.25,
            "book_valuer_per_share_4q_avg": 5.68,
            "equity": 2223763,
            "current_ratio": 40.02,
            "debt_ratio": 81.02,
            "inventory_turnover_ratio": 1.61,
            "account_receivable_turnover_ratio": null,
            "reinvestment_rate": null,
            "research_to_sale_ratio": null,
            "price_fair": 53.55,
            "eps_avg_yearly": 1.53,
            "eps_latest_yearly": 0.08,
            "eps_growth_yearly": 558.71
        },
        "20073": {
            "year_quarter": 20073,
            "year": 2007,
            "quarter": 3,
            "eps": 1.63,
            "eps_growth_year": 2228.57,
            "eps_4q": 0.21,
            "eps_4q_growth_year": null,
            "roe": 26.57,
            "roe_4q": 4.119999999999999,
            "gross_profit": 26009,
            "gross_margin": 0.96,
            "gross_margin_4q_avg": 1.32,
            "net_income": 630446,
            "net_income_4q": null,
            "revenue": 2707970,
            "revenue_4q": null,
            "common_shares": 4238266,
            "book_valuer_per_share": 5.95,
            "book_valuer_per_share_4q_avg": 5.71,
            "equity": 2522265,
            "current_ratio": 43.89,
            "debt_ratio": 77.71,
            "inventory_turnover_ratio": 1.73,
            "account_receivable_turnover_ratio": null,
            "reinvestment_rate": null,
            "research_to_sale_ratio": null,
            "price_fair": 53.55,
            "eps_avg_yearly": 1.53,
            "eps_latest_yearly": 0.08,
            "eps_growth_yearly": 558.71
        },
        "20074": {
            "year_quarter": 20074,
            "year": 2007,
            "quarter": 4,
            "eps": -0.4,
            "eps_growth_year": null,
            "eps_4q": 0.24,
            "eps_4q_growth_year": null,
            "roe": -6.31,
            "roe_4q": 4.470000000000001,
            "gross_profit": 24479,
            "gross_margin": 0.88,
            "gross_margin_4q_avg": 1.14,
            "net_income": -154450,
            "net_income_4q": null,
            "revenue": 2794227,
            "revenue_4q": null,
            "common_shares": 4238266,
            "book_valuer_per_share": 5.55,
            "book_valuer_per_share_4q_avg": 5.57,
            "equity": 2373960,
            "current_ratio": 39.67,
            "debt_ratio": 77.68,
            "inventory_turnover_ratio": 2.26,
            "account_receivable_turnover_ratio": null,
            "reinvestment_rate": null,
            "research_to_sale_ratio": null,
            "price_fair": 53.55,
            "eps_avg_yearly": 1.53,
            "eps_latest_yearly": 0.08,
            "eps_growth_yearly": 558.71
        },
        "20081": {
            "year_quarter": 20081,
            "year": 2008,
            "quarter": 1,
            "eps": 0.13,
            "eps_growth_year": null,
            "eps_4q": 1.13,
            "eps_4q_growth_year": null,
            "roe": 1.95,
            "roe_4q": 17.07,
            "gross_profit": 300870,
            "gross_margin": 9.26,
            "gross_margin_4q_avg": 3.85,
            "net_income": 47240,
            "net_income_4q": null,
            "revenue": 3247835,
            "revenue_4q": null,
            "common_shares": 4238266,
            "book_valuer_per_share": 5.76,
            "book_valuer_per_share_4q_avg": 5.63,
            "equity": 2462967,
            "current_ratio": 42.47,
            "debt_ratio": 77.31,
            "inventory_turnover_ratio": 2.71,
            "account_receivable_turnover_ratio": null,
            "reinvestment_rate": null,
            "research_to_sale_ratio": null,
            "price_fair": 3.96,
            "eps_avg_yearly": 1.32,
            "eps_latest_yearly": 0.08,
            "eps_growth_yearly": -150.29
        },
        "20082": {
            "year_quarter": 20082,
            "year": 2008,
            "quarter": 2,
            "eps": 1.21,
            "eps_growth_year": null,
            "eps_4q": 2.56,
            "eps_4q_growth_year": null,
            "roe": 17.47,
            "roe_4q": 39.68,
            "gross_profit": 694086,
            "gross_margin": 18.05,
            "gross_margin_4q_avg": 7.29,
            "net_income": 469525,
            "net_income_4q": null,
            "revenue": 3846133,
            "revenue_4q": null,
            "common_shares": 4238266,
            "book_valuer_per_share": 6.83,
            "book_valuer_per_share_4q_avg": 6.02,
            "equity": 2911781,
            "current_ratio": 49.48,
            "debt_ratio": 74.13,
            "inventory_turnover_ratio": 2.75,
            "account_receivable_turnover_ratio": null,
            "reinvestment_rate": null,
            "research_to_sale_ratio": null,
            "price_fair": 78.4,
            "eps_avg_yearly": 2.24,
            "eps_latest_yearly": 4.84,
            "eps_growth_yearly": 962.34
        },
        "20083": {
            "year_quarter": 20083,
            "year": 2008,
            "quarter": 3,
            "eps": 0.57,
            "eps_growth_year": -65.03,
            "eps_4q": 1.51,
            "eps_4q_growth_year": 625.43,
            "roe": 7.36,
            "roe_4q": 20.47,
            "gross_profit": 421714,
            "gross_margin": 14.2,
            "gross_margin_4q_avg": 10.6,
            "net_income": 220956,
            "net_income_4q": null,
            "revenue": 2969289,
            "revenue_4q": null,
            "common_shares": 4238266,
            "book_valuer_per_share": 7.27,
            "book_valuer_per_share_4q_avg": 6.35,
            "equity": 3094654,
            "current_ratio": 52.86,
            "debt_ratio": 72.83,
            "inventory_turnover_ratio": 1.5,
            "account_receivable_turnover_ratio": null,
            "reinvestment_rate": null,
            "research_to_sale_ratio": null,
            "price_fair": 84,
            "eps_avg_yearly": 2.4,
            "eps_latest_yearly": 2.28,
            "eps_growth_yearly": 909.76
        },
        "20084": {
            "year_quarter": 20084,
            "year": 2008,
            "quarter": 4,
            "eps": -2.32,
            "eps_growth_year": null,
            "eps_4q": -0.4,
            "eps_4q_growth_year": -268.61,
            "roe": -33.85,
            "roe_4q": -7.070000000000003,
            "gross_profit": -589213,
            "gross_margin": -43.96,
            "gross_margin_4q_avg": -0.61,
            "net_income": -897620,
            "net_income_4q": null,
            "revenue": 1340421,
            "revenue_4q": null,
            "common_shares": 4238266,
            "book_valuer_per_share": 5.18,
            "book_valuer_per_share_4q_avg": 6.26,
            "equity": 2208950,
            "current_ratio": 40.28,
            "debt_ratio": 78.26,
            "inventory_turnover_ratio": 1.15,
            "account_receivable_turnover_ratio": 10.1,
            "reinvestment_rate": null,
            "research_to_sale_ratio": null,
            "price_fair": 124.6,
            "eps_avg_yearly": 3.56,
            "eps_latest_yearly": 2.28,
            "eps_growth_yearly": 1555.75
        },
        "20091": {
            "year_quarter": 20091,
            "year": 2009,
            "quarter": 1,
            "eps": -0.58,
            "eps_growth_year": -546.15,
            "eps_4q": -1.02,
            "eps_4q_growth_year": -190.33,
            "roe": -10.67,
            "roe_4q": -19.690000000000005,
            "gross_profit": -47307,
            "gross_margin": -3.08,
            "gross_margin_4q_avg": -3.7,
            "net_income": -224130,
            "net_income_4q": null,
            "revenue": 1538086,
            "revenue_4q": null,
            "common_shares": 4238266,
            "book_valuer_per_share": 4.67,
            "book_valuer_per_share_4q_avg": 5.99,
            "equity": 1993527,
            "current_ratio": 35.74,
            "debt_ratio": 78.25,
            "inventory_turnover_ratio": 1.48,
            "account_receivable_turnover_ratio": 6.34,
            "reinvestment_rate": null,
            "research_to_sale_ratio": null,
            "price_fair": 124.6,
            "eps_avg_yearly": 3.56,
            "eps_latest_yearly": 2.28,
            "eps_growth_yearly": 1555.75
        },
        "20092": {
            "year_quarter": 20092,
            "year": 2009,
            "quarter": 2,
            "eps": -0.22,
            "eps_growth_year": -118.18,
            "eps_4q": -2.33,
            "eps_4q_growth_year": -190.69,
            "roe": -4.23,
            "roe_4q": -41.39,
            "gross_profit": -118786,
            "gross_margin": -7.72,
            "gross_margin_4q_avg": -10.14,
            "net_income": -85940,
            "net_income_4q": null,
            "revenue": 1539462,
            "revenue_4q": null,
            "common_shares": 4238266,
            "book_valuer_per_share": 4.84,
            "book_valuer_per_share_4q_avg": 5.49,
            "equity": 2065921,
            "current_ratio": 32.21,
            "debt_ratio": 77,
            "inventory_turnover_ratio": 2.16,
            "account_receivable_turnover_ratio": 6.33,
            "reinvestment_rate": null,
            "research_to_sale_ratio": null,
            "price_fair": 124.6,
            "eps_avg_yearly": 3.56,
            "eps_latest_yearly": 2.28,
            "eps_growth_yearly": 1555.75
        },
        "20093": {
            "year_quarter": 20093,
            "year": 2009,
            "quarter": 3,
            "eps": -0.32,
            "eps_growth_year": -156.14,
            "eps_4q": -3.14,
            "eps_4q_growth_year": -308.04,
            "roe": -6.87,
            "roe_4q": -55.620000000000005,
            "gross_profit": 90274,
            "gross_margin": 5.28,
            "gross_margin_4q_avg": -12.37,
            "net_income": -141542,
            "net_income_4q": null,
            "revenue": 1711058,
            "revenue_4q": null,
            "common_shares": 4238266,
            "book_valuer_per_share": 4.8,
            "book_valuer_per_share_4q_avg": 4.87,
            "equity": 2055282,
            "current_ratio": 37.3,
            "debt_ratio": 78.03,
            "inventory_turnover_ratio": 2.2,
            "account_receivable_turnover_ratio": 6.82,
            "reinvestment_rate": null,
            "research_to_sale_ratio": null,
            "price_fair": 124.6,
            "eps_avg_yearly": 3.56,
            "eps_latest_yearly": 2.28,
            "eps_growth_yearly": 1555.75
        },
        "20094": {
            "year_quarter": 20094,
            "year": 2009,
            "quarter": 4,
            "eps": 0.03,
            "eps_growth_year": null,
            "eps_4q": -1.07,
            "eps_4q_growth_year": null,
            "roe": 0.58,
            "roe_4q": -21.189999999999998,
            "gross_profit": -48948,
            "gross_margin": -2.91,
            "gross_margin_4q_avg": -2.11,
            "net_income": 11893,
            "net_income_4q": null,
            "revenue": 1680518,
            "revenue_4q": null,
            "common_shares": 4238266,
            "book_valuer_per_share": 5.23,
            "book_valuer_per_share_4q_avg": 4.89,
            "equity": 2070093,
            "current_ratio": 40.58,
            "debt_ratio": 77.51,
            "inventory_turnover_ratio": 2.12,
            "account_receivable_turnover_ratio": 12.95,
            "reinvestment_rate": null,
            "research_to_sale_ratio": null,
            "price_fair": 124.6,
            "eps_avg_yearly": 3.56,
            "eps_latest_yearly": 2.28,
            "eps_growth_yearly": 1555.75
        },
        "20101": {
            "year_quarter": 20101,
            "year": 2010,
            "quarter": 1,
            "eps": -0.18,
            "eps_growth_year": null,
            "eps_4q": -0.68,
            "eps_4q_growth_year": null,
            "roe": -3.46,
            "roe_4q": -13.98,
            "gross_profit": 69873,
            "gross_margin": 3.6,
            "gross_margin_4q_avg": -0.44,
            "net_income": -70452,
            "net_income_4q": null,
            "revenue": 1939496,
            "revenue_4q": null,
            "common_shares": 4238266,
            "book_valuer_per_share": 5.05,
            "book_valuer_per_share_4q_avg": 4.98,
            "equity": 1998432,
            "current_ratio": 38.44,
            "debt_ratio": 77.79,
            "inventory_turnover_ratio": 2.21,
            "account_receivable_turnover_ratio": 6.35,
            "reinvestment_rate": null,
            "research_to_sale_ratio": null,
            "price_fair": 124.6,
            "eps_avg_yearly": 3.56,
            "eps_latest_yearly": 2.28,
            "eps_growth_yearly": 1555.75
        },
        "20102": {
            "year_quarter": 20102,
            "year": 2010,
            "quarter": 2,
            "eps": 0.01,
            "eps_growth_year": null,
            "eps_4q": -0.45,
            "eps_4q_growth_year": null,
            "roe": 0.19,
            "roe_4q": -9.56,
            "gross_profit": 134899,
            "gross_margin": 8.13,
            "gross_margin_4q_avg": 3.53,
            "net_income": 3801,
            "net_income_4q": null,
            "revenue": 1659630,
            "revenue_4q": null,
            "common_shares": 4238266,
            "book_valuer_per_share": 5.05,
            "book_valuer_per_share_4q_avg": 5.03,
            "equity": 2009545,
            "current_ratio": 44.24,
            "debt_ratio": 78.58,
            "inventory_turnover_ratio": 1.4,
            "account_receivable_turnover_ratio": 5.98,
            "reinvestment_rate": null,
            "research_to_sale_ratio": null,
            "price_fair": 124.6,
            "eps_avg_yearly": 3.56,
            "eps_latest_yearly": 2.28,
            "eps_growth_yearly": 1555.75
        },
        "20103": {
            "year_quarter": 20103,
            "year": 2010,
            "quarter": 3,
            "eps": -0.59,
            "eps_growth_year": null,
            "eps_4q": -0.73,
            "eps_4q_growth_year": null,
            "roe": -12.13,
            "roe_4q": -14.820000000000002,
            "gross_profit": -82287,
            "gross_margin": -5.1,
            "gross_margin_4q_avg": 0.93,
            "net_income": -230418,
            "net_income_4q": null,
            "revenue": 1613750,
            "revenue_4q": null,
            "common_shares": 4238266,
            "book_valuer_per_share": 4.49,
            "book_valuer_per_share_4q_avg": 4.96,
            "equity": 1789598,
            "current_ratio": 40.78,
            "debt_ratio": 80.47,
            "inventory_turnover_ratio": 1.56,
            "account_receivable_turnover_ratio": 5.88,
            "reinvestment_rate": null,
            "research_to_sale_ratio": null,
            "price_fair": 124.6,
            "eps_avg_yearly": 3.56,
            "eps_latest_yearly": 2.28,
            "eps_growth_yearly": 1555.75
        },
        "20104": {
            "year_quarter": 20104,
            "year": 2010,
            "quarter": 4,
            "eps": -1.18,
            "eps_growth_year": -4025.95,
            "eps_4q": -1.88,
            "eps_4q_growth_year": null,
            "roe": -28.5,
            "roe_4q": -43.900000000000006,
            "gross_profit": -50184,
            "gross_margin": -2.99,
            "gross_margin_4q_avg": 0.91,
            "net_income": -501941,
            "net_income_4q": null,
            "revenue": 1676858,
            "revenue_4q": null,
            "common_shares": 4238266,
            "book_valuer_per_share": 4.09,
            "book_valuer_per_share_4q_avg": 4.67,
            "equity": 1732246,
            "current_ratio": 33.73,
            "debt_ratio": 80.4,
            "inventory_turnover_ratio": 2.06,
            "account_receivable_turnover_ratio": 5.02,
            "reinvestment_rate": null,
            "research_to_sale_ratio": null,
            "price_fair": 124.6,
            "eps_avg_yearly": 3.56,
            "eps_latest_yearly": 2.28,
            "eps_growth_yearly": 1555.75
        },
        "20111": {
            "year_quarter": 20111,
            "year": 2011,
            "quarter": 1,
            "eps": -0.21,
            "eps_growth_year": null,
            "eps_4q": -1.92,
            "eps_4q_growth_year": null,
            "roe": -5.18,
            "roe_4q": -45.620000000000005,
            "gross_profit": 57542,
            "gross_margin": 3.72,
            "gross_margin_4q_avg": 0.94,
            "net_income": -87113,
            "net_income_4q": null,
            "revenue": 1546796,
            "revenue_4q": null,
            "common_shares": 4238266,
            "book_valuer_per_share": 3.85,
            "book_valuer_per_share_4q_avg": 4.37,
            "equity": 1629671,
            "current_ratio": 35.51,
            "debt_ratio": 81.76,
            "inventory_turnover_ratio": 1.85,
            "account_receivable_turnover_ratio": 3.84,
            "reinvestment_rate": null,
            "research_to_sale_ratio": null,
            "price_fair": 124.6,
            "eps_avg_yearly": 3.56,
            "eps_latest_yearly": 2.28,
            "eps_growth_yearly": 1555.75
        },
        "20112": {
            "year_quarter": 20112,
            "year": 2011,
            "quarter": 2,
            "eps": -0.39,
            "eps_growth_year": -4172.94,
            "eps_4q": -2.31,
            "eps_4q_growth_year": null,
            "roe": -10.64,
            "roe_4q": -56.45,
            "gross_profit": -25554,
            "gross_margin": -1.99,
            "gross_margin_4q_avg": -1.59,
            "net_income": -163801,
            "net_income_4q": null,
            "revenue": 1287253,
            "revenue_4q": null,
            "common_shares": 4238266,
            "book_valuer_per_share": 3.42,
            "book_valuer_per_share_4q_avg": 3.96,
            "equity": 1448899,
            "current_ratio": 32.36,
            "debt_ratio": 83.26,
            "inventory_turnover_ratio": 1.69,
            "account_receivable_turnover_ratio": 3.29,
            "reinvestment_rate": null,
            "research_to_sale_ratio": null,
            "price_fair": 124.6,
            "eps_avg_yearly": 3.56,
            "eps_latest_yearly": 2.28,
            "eps_growth_yearly": 1555.75
        },
        "20113": {
            "year_quarter": 20113,
            "year": 2011,
            "quarter": 3,
            "eps": -0.47,
            "eps_growth_year": null,
            "eps_4q": -2.24,
            "eps_4q_growth_year": null,
            "roe": -14.7,
            "roe_4q": -59.019999999999996,
            "gross_profit": -65555,
            "gross_margin": -4.89,
            "gross_margin_4q_avg": -1.54,
            "net_income": -197883,
            "net_income_4q": null,
            "revenue": 1339948,
            "revenue_4q": null,
            "common_shares": 4238266,
            "book_valuer_per_share": 2.93,
            "book_valuer_per_share_4q_avg": 3.57,
            "equity": 1243881,
            "current_ratio": 31.15,
            "debt_ratio": 84.37,
            "inventory_turnover_ratio": 2.24,
            "account_receivable_turnover_ratio": 4.18,
            "reinvestment_rate": null,
            "research_to_sale_ratio": null,
            "price_fair": 124.6,
            "eps_avg_yearly": 3.56,
            "eps_latest_yearly": 2.28,
            "eps_growth_yearly": 1555.75
        },
        "20114": {
            "year_quarter": 20114,
            "year": 2011,
            "quarter": 4,
            "eps": -0.42,
            "eps_growth_year": null,
            "eps_4q": -1.47,
            "eps_4q_growth_year": null,
            "roe": -15.3,
            "roe_4q": -45.82,
            "gross_profit": -42629,
            "gross_margin": -4.02,
            "gross_margin_4q_avg": -1.8,
            "net_income": -175956,
            "net_income_4q": null,
            "revenue": 1060353,
            "revenue_4q": null,
            "common_shares": 4238266,
            "book_valuer_per_share": 2.49,
            "book_valuer_per_share_4q_avg": 3.17,
            "equity": 1056378,
            "current_ratio": 32.51,
            "debt_ratio": 86.84,
            "inventory_turnover_ratio": 1.95,
            "account_receivable_turnover_ratio": 4.07,
            "reinvestment_rate": null,
            "research_to_sale_ratio": null,
            "price_fair": 124.6,
            "eps_avg_yearly": 3.56,
            "eps_latest_yearly": 2.28,
            "eps_growth_yearly": 1555.75
        },
        "20121": {
            "year_quarter": 20121,
            "year": 2012,
            "quarter": 1,
            "eps": -0.48,
            "eps_growth_year": null,
            "eps_4q": -1.75,
            "eps_4q_growth_year": null,
            "roe": -21.25,
            "roe_4q": -61.89,
            "gross_profit": -70847,
            "gross_margin": -6.54,
            "gross_margin_4q_avg": -4.36,
            "net_income": -204294,
            "net_income_4q": null,
            "revenue": 1083671,
            "revenue_4q": null,
            "common_shares": 4238266,
            "book_valuer_per_share": 2.05,
            "book_valuer_per_share_4q_avg": 2.72,
            "equity": 866804,
            "current_ratio": 27.65,
            "debt_ratio": 88.82,
            "inventory_turnover_ratio": 2.16,
            "account_receivable_turnover_ratio": 6.02,
            "reinvestment_rate": null,
            "research_to_sale_ratio": null,
            "price_fair": 124.6,
            "eps_avg_yearly": 3.56,
            "eps_latest_yearly": 2.28,
            "eps_growth_yearly": 1555.75
        },
        "20122": {
            "year_quarter": 20122,
            "year": 2012,
            "quarter": 2,
            "eps": -0.44,
            "eps_growth_year": null,
            "eps_4q": -1.81,
            "eps_4q_growth_year": null,
            "roe": -24.16,
            "roe_4q": -75.41,
            "gross_profit": -85002,
            "gross_margin": -15.75,
            "gross_margin_4q_avg": -7.8,
            "net_income": -187288,
            "net_income_4q": null,
            "revenue": 539851,
            "revenue_4q": null,
            "common_shares": 4238266,
            "book_valuer_per_share": 1.61,
            "book_valuer_per_share_4q_avg": 2.27,
            "equity": 683457,
            "current_ratio": 16.1,
            "debt_ratio": 90.34,
            "inventory_turnover_ratio": 1.76,
            "account_receivable_turnover_ratio": 4.62,
            "reinvestment_rate": null,
            "research_to_sale_ratio": null,
            "price_fair": 6.84,
            "eps_avg_yearly": 2.28,
            "eps_latest_yearly": 2.28,
            "eps_growth_yearly": -211.57
        },
        "20123": {
            "year_quarter": 20123,
            "year": 2012,
            "quarter": 3,
            "eps": -0.31,
            "eps_growth_year": null,
            "eps_4q": -1.65,
            "eps_4q_growth_year": null,
            "roe": -20.78,
            "roe_4q": -81.49,
            "gross_profit": -105388,
            "gross_margin": -44.29,
            "gross_margin_4q_avg": -17.65,
            "net_income": -132026,
            "net_income_4q": null,
            "revenue": 237948,
            "revenue_4q": null,
            "common_shares": 4238266,
            "book_valuer_per_share": 1.39,
            "book_valuer_per_share_4q_avg": 1.89,
            "equity": 587197,
            "current_ratio": 25.96,
            "debt_ratio": 91.82,
            "inventory_turnover_ratio": 1.41,
            "account_receivable_turnover_ratio": 3.98,
            "reinvestment_rate": null,
            "research_to_sale_ratio": null,
            "price_fair": 0,
            "eps_avg_yearly": 0,
            "eps_latest_yearly": 0,
            "eps_growth_yearly": 0
        },
        "20124": {
            "year_quarter": 20124,
            "year": 2012,
            "quarter": 4,
            "eps": -0.86,
            "eps_growth_year": null,
            "eps_4q": -2.09,
            "eps_4q_growth_year": null,
            "roe": -91.18,
            "roe_4q": -157.37,
            "gross_profit": -81938,
            "gross_margin": -23.36,
            "gross_margin_4q_avg": -22.49,
            "net_income": -364263,
            "net_income_4q": null,
            "revenue": 350688,
            "revenue_4q": null,
            "common_shares": 4238266,
            "book_valuer_per_share": 0.5,
            "book_valuer_per_share_4q_avg": 1.39,
            "equity": 211810,
            "current_ratio": 29.76,
            "debt_ratio": 96.97,
            "inventory_turnover_ratio": 1.72,
            "account_receivable_turnover_ratio": 4.74,
            "reinvestment_rate": null,
            "research_to_sale_ratio": null,
            "price_fair": 0,
            "eps_avg_yearly": 0,
            "eps_latest_yearly": 0,
            "eps_growth_yearly": 0
        },
        "20131": {
            "year_quarter": 20131,
            "year": 2013,
            "quarter": 1,
            "eps": 1.45,
            "eps_growth_year": null,
            "eps_4q": -0.17,
            "eps_4q_growth_year": null,
            "roe": 119.15,
            "roe_4q": -16.970000000000002,
            "gross_profit": -92153,
            "gross_margin": -34.09,
            "gross_margin_4q_avg": -29.37,
            "net_income": 613576,
            "net_income_4q": null,
            "revenue": 270284,
            "revenue_4q": null,
            "common_shares": 4238266,
            "book_valuer_per_share": 1.93,
            "book_valuer_per_share_4q_avg": 1.36,
            "equity": 818144,
            "current_ratio": 46.72,
            "debt_ratio": 88.38,
            "inventory_turnover_ratio": 1.25,
            "account_receivable_turnover_ratio": 3.66,
            "reinvestment_rate": null,
            "research_to_sale_ratio": null,
            "price_fair": 0,
            "eps_avg_yearly": 0,
            "eps_latest_yearly": 0,
            "eps_growth_yearly": 0
        },
        "20132": {
            "year_quarter": 20132,
            "year": 2013,
            "quarter": 2,
            "eps": 11.67,
            "eps_growth_year": null,
            "eps_4q": 11.95,
            "eps_4q_growth_year": null,
            "roe": 149.61,
            "roe_4q": 156.79999999999998,
            "gross_profit": -66386,
            "gross_margin": -21.09,
            "gross_margin_4q_avg": -30.71,
            "net_income": 4947030,
            "net_income_4q": null,
            "revenue": 314840,
            "revenue_4q": null,
            "common_shares": 4238266,
            "book_valuer_per_share": 13.67,
            "book_valuer_per_share_4q_avg": 4.37,
            "equity": 5795061,
            "current_ratio": 423.95,
            "debt_ratio": 15.67,
            "inventory_turnover_ratio": 1.23,
            "account_receivable_turnover_ratio": 3.7,
            "reinvestment_rate": -91.48,
            "research_to_sale_ratio": null,
            "price_fair": 1633.8,
            "eps_avg_yearly": 46.68,
            "eps_latest_yearly": 46.68,
            "eps_growth_yearly": 2819.31
        },
        "20133": {
            "year_quarter": 20133,
            "year": 2013,
            "quarter": 3,
            "eps": -0.14,
            "eps_growth_year": null,
            "eps_4q": 12.12,
            "eps_4q_growth_year": null,
            "roe": -1.02,
            "roe_4q": 176.56,
            "gross_profit": -34462,
            "gross_margin": -10,
            "gross_margin_4q_avg": -22.14,
            "net_income": -59195,
            "net_income_4q": null,
            "revenue": 344736,
            "revenue_4q": null,
            "common_shares": 4238266,
            "book_valuer_per_share": 13.59,
            "book_valuer_per_share_4q_avg": 7.42,
            "equity": 5760596,
            "current_ratio": 441.4,
            "debt_ratio": 15.3,
            "inventory_turnover_ratio": 1.14,
            "account_receivable_turnover_ratio": 3.49,
            "reinvestment_rate": -87.81,
            "research_to_sale_ratio": null,
            "price_fair": 1633.8,
            "eps_avg_yearly": 46.68,
            "eps_latest_yearly": 46.68,
            "eps_growth_yearly": 2819.31
        },
        "20134": {
            "year_quarter": 20134,
            "year": 2013,
            "quarter": 4,
            "eps": -0.95,
            "eps_growth_year": null,
            "eps_4q": 19.02,
            "eps_4q_growth_year": null,
            "roe": -5.3,
            "roe_4q": 262.44000000000005,
            "gross_profit": -62891,
            "gross_margin": -17.15,
            "gross_margin_4q_avg": -20.58,
            "net_income": -261183,
            "net_income_4q": null,
            "revenue": 366668,
            "revenue_4q": null,
            "common_shares": 2754873,
            "book_valuer_per_share": 14.85,
            "book_valuer_per_share_4q_avg": 11.01,
            "equity": 4090449,
            "current_ratio": 195.49,
            "debt_ratio": 16.84,
            "inventory_turnover_ratio": 1.27,
            "account_receivable_turnover_ratio": 3.43,
            "reinvestment_rate": -105.39,
            "research_to_sale_ratio": null,
            "price_fair": 1633.8,
            "eps_avg_yearly": 46.68,
            "eps_latest_yearly": 46.68,
            "eps_growth_yearly": 2819.31
        },
        "20141": {
            "year_quarter": 20141,
            "year": 2014,
            "quarter": 1,
            "eps": -0.2,
            "eps_growth_year": -113.79,
            "eps_4q": 16.6,
            "eps_4q_growth_year": null,
            "roe": -1.34,
            "roe_4q": 141.95000000000002,
            "gross_profit": -23147,
            "gross_margin": -6.61,
            "gross_margin_4q_avg": -13.71,
            "net_income": -54517,
            "net_income_4q": null,
            "revenue": 350061,
            "revenue_4q": null,
            "common_shares": 2754873,
            "book_valuer_per_share": 14.63,
            "book_valuer_per_share_4q_avg": 14.19,
            "equity": 4029328,
            "current_ratio": 178.49,
            "debt_ratio": 17.78,
            "inventory_turnover_ratio": 1.12,
            "account_receivable_turnover_ratio": 2.83,
            "reinvestment_rate": -102.93,
            "research_to_sale_ratio": null,
            "price_fair": 1633.8,
            "eps_avg_yearly": 46.68,
            "eps_latest_yearly": 46.68,
            "eps_growth_yearly": 2819.31
        },
        "20142": {
            "year_quarter": 20142,
            "year": 2014,
            "quarter": 2,
            "eps": -0.64,
            "eps_growth_year": -105.48,
            "eps_4q": -2,
            "eps_4q_growth_year": -116.71,
            "roe": -4.45,
            "roe_4q": -12.11,
            "gross_profit": -34786,
            "gross_margin": -10.87,
            "gross_margin_4q_avg": -11.16,
            "net_income": -175018,
            "net_income_4q": null,
            "revenue": 319911,
            "revenue_4q": null,
            "common_shares": 2754873,
            "book_valuer_per_share": 13.95,
            "book_valuer_per_share_4q_avg": 14.26,
            "equity": 3841730,
            "current_ratio": 133.33,
            "debt_ratio": 20.96,
            "inventory_turnover_ratio": 0.94,
            "account_receivable_turnover_ratio": 3.09,
            "reinvestment_rate": -107.35,
            "research_to_sale_ratio": null,
            "price_fair": 1633.8,
            "eps_avg_yearly": 46.68,
            "eps_latest_yearly": 46.68,
            "eps_growth_yearly": 2819.31
        },
        "20143": {
            "year_quarter": 20143,
            "year": 2014,
            "quarter": 3,
            "eps": -0.27,
            "eps_growth_year": null,
            "eps_4q": -2.05,
            "eps_4q_growth_year": -116.91,
            "roe": -1.95,
            "roe_4q": -13.04,
            "gross_profit": -43220,
            "gross_margin": -12.17,
            "gross_margin_4q_avg": -11.7,
            "net_income": -73785,
            "net_income_4q": null,
            "revenue": 355275,
            "revenue_4q": null,
            "common_shares": 2754873,
            "book_valuer_per_share": 13.49,
            "book_valuer_per_share_4q_avg": 14.23,
            "equity": 3717636,
            "current_ratio": 114.62,
            "debt_ratio": 25.05,
            "inventory_turnover_ratio": 0.97,
            "account_receivable_turnover_ratio": 4.18,
            "reinvestment_rate": -100.56,
            "research_to_sale_ratio": null,
            "price_fair": 1633.8,
            "eps_avg_yearly": 46.68,
            "eps_latest_yearly": 46.68,
            "eps_growth_yearly": 2819.31
        },
        "20144": {
            "year_quarter": 20144,
            "year": 2014,
            "quarter": 4,
            "eps": -0.24,
            "eps_growth_year": null,
            "eps_4q": -1.34,
            "eps_4q_growth_year": -107.05,
            "roe": -1.79,
            "roe_4q": -9.530000000000001,
            "gross_profit": 624,
            "gross_margin": 0.13,
            "gross_margin_4q_avg": -7.38,
            "net_income": -65969,
            "net_income_4q": null,
            "revenue": 463983,
            "revenue_4q": null,
            "common_shares": 2754873,
            "book_valuer_per_share": 13.32,
            "book_valuer_per_share_4q_avg": 13.85,
            "equity": 3669688,
            "current_ratio": 103.88,
            "debt_ratio": 29.96,
            "inventory_turnover_ratio": 1.11,
            "account_receivable_turnover_ratio": 5.45,
            "reinvestment_rate": -90.1,
            "research_to_sale_ratio": null,
            "price_fair": 1633.8,
            "eps_avg_yearly": 46.68,
            "eps_latest_yearly": 46.68,
            "eps_growth_yearly": 2819.31
        },
        "20151": {
            "year_quarter": 20151,
            "year": 2015,
            "quarter": 1,
            "eps": -0.17,
            "eps_growth_year": null,
            "eps_4q": -1.31,
            "eps_4q_growth_year": -107.92,
            "roe": -1.3,
            "roe_4q": -9.49,
            "gross_profit": -17728,
            "gross_margin": -5.26,
            "gross_margin_4q_avg": -7.04,
            "net_income": -47208,
            "net_income_4q": null,
            "revenue": 336715,
            "revenue_4q": null,
            "common_shares": 2754873,
            "book_valuer_per_share": 12.99,
            "book_valuer_per_share_4q_avg": 13.44,
            "equity": 3578694,
            "current_ratio": 95.66,
            "debt_ratio": 32.98,
            "inventory_turnover_ratio": 0.84,
            "account_receivable_turnover_ratio": 3.41,
            "reinvestment_rate": -85.65,
            "research_to_sale_ratio": null,
            "price_fair": 1633.8,
            "eps_avg_yearly": 46.68,
            "eps_latest_yearly": 46.68,
            "eps_growth_yearly": 2819.31
        },
        "20152": {
            "year_quarter": 20152,
            "year": 2015,
            "quarter": 2,
            "eps": -0.16,
            "eps_growth_year": null,
            "eps_4q": -0.84,
            "eps_4q_growth_year": null,
            "roe": -1.26,
            "roe_4q": -6.3,
            "gross_profit": -16766,
            "gross_margin": -4.55,
            "gross_margin_4q_avg": -5.46,
            "net_income": -44416,
            "net_income_4q": null,
            "revenue": 368368,
            "revenue_4q": null,
            "common_shares": 2754873,
            "book_valuer_per_share": 12.62,
            "book_valuer_per_share_4q_avg": 13.11,
            "equity": 3476000,
            "current_ratio": 116.26,
            "debt_ratio": 33.69,
            "inventory_turnover_ratio": 0.95,
            "account_receivable_turnover_ratio": 3.7,
            "reinvestment_rate": -91.54,
            "research_to_sale_ratio": null,
            "price_fair": 1633.8,
            "eps_avg_yearly": 46.68,
            "eps_latest_yearly": 46.68,
            "eps_growth_yearly": 2819.31
        },
        "20153": {
            "year_quarter": 20153,
            "year": 2015,
            "quarter": 3,
            "eps": -0.28,
            "eps_growth_year": null,
            "eps_4q": -0.85,
            "eps_4q_growth_year": null,
            "roe": -2.3,
            "roe_4q": -6.6499999999999995,
            "gross_profit": -16329,
            "gross_margin": -5.76,
            "gross_margin_4q_avg": -3.86,
            "net_income": -76648,
            "net_income_4q": null,
            "revenue": 283601,
            "revenue_4q": null,
            "common_shares": 2754873,
            "book_valuer_per_share": 11.59,
            "book_valuer_per_share_4q_avg": 12.63,
            "equity": 3192094,
            "current_ratio": 86.74,
            "debt_ratio": 48.32,
            "inventory_turnover_ratio": 0.86,
            "account_receivable_turnover_ratio": 3.96,
            "reinvestment_rate": -87.61,
            "research_to_sale_ratio": null,
            "price_fair": 1633.8,
            "eps_avg_yearly": 46.68,
            "eps_latest_yearly": 46.68,
            "eps_growth_yearly": 2819.31
        },
        "20154": {
            "year_quarter": 20154,
            "year": 2015,
            "quarter": 4,
            "eps": 1.31,
            "eps_growth_year": null,
            "eps_4q": 0.69,
            "eps_4q_growth_year": null,
            "roe": 10.62,
            "roe_4q": 5.760000000000001,
            "gross_profit": -29100,
            "gross_margin": -11.29,
            "gross_margin_4q_avg": -6.72,
            "net_income": 355656,
            "net_income_4q": null,
            "revenue": 257854,
            "revenue_4q": null,
            "common_shares": 2754873,
            "book_valuer_per_share": 12.88,
            "book_valuer_per_share_4q_avg": 12.52,
            "equity": 3508020,
            "current_ratio": 102.29,
            "debt_ratio": 38.55,
            "inventory_turnover_ratio": 0.91,
            "account_receivable_turnover_ratio": 4.27,
            "reinvestment_rate": -79.33,
            "research_to_sale_ratio": null,
            "price_fair": 1633.8,
            "eps_avg_yearly": 46.68,
            "eps_latest_yearly": 46.68,
            "eps_growth_yearly": 2819.31
        },
        "20161": {
            "year_quarter": 20161,
            "year": 2016,
            "quarter": 1,
            "eps": -0.12,
            "eps_growth_year": null,
            "eps_4q": 0.81,
            "eps_4q_growth_year": null,
            "roe": -0.97,
            "roe_4q": 6.089999999999999,
            "gross_profit": 12419,
            "gross_margin": 4.51,
            "gross_margin_4q_avg": -4.27,
            "net_income": -32780,
            "net_income_4q": null,
            "revenue": 275377,
            "revenue_4q": null,
            "common_shares": 2723423,
            "book_valuer_per_share": 13.23,
            "book_valuer_per_share_4q_avg": 12.58,
            "equity": 3280902,
            "current_ratio": 81.34,
            "debt_ratio": 39.61,
            "inventory_turnover_ratio": 0.91,
            "account_receivable_turnover_ratio": 3.57,
            "reinvestment_rate": -71.67,
            "research_to_sale_ratio": null,
            "price_fair": 1633.8,
            "eps_avg_yearly": 46.68,
            "eps_latest_yearly": 46.68,
            "eps_growth_yearly": 2819.31
        },
        "20162": {
            "year_quarter": 20162,
            "year": 2016,
            "quarter": 2,
            "eps": -0.16,
            "eps_growth_year": null,
            "eps_4q": 0.83,
            "eps_4q_growth_year": null,
            "roe": -1.23,
            "roe_4q": 6.119999999999998,
            "gross_profit": 1692,
            "gross_margin": 0.57,
            "gross_margin_4q_avg": -2.99,
            "net_income": -39788,
            "net_income_4q": null,
            "revenue": 297894,
            "revenue_4q": null,
            "common_shares": 2479423,
            "book_valuer_per_share": 12.81,
            "book_valuer_per_share_4q_avg": 12.63,
            "equity": 3176545,
            "current_ratio": 77.84,
            "debt_ratio": 40.58,
            "inventory_turnover_ratio": 1.16,
            "account_receivable_turnover_ratio": 3.32,
            "reinvestment_rate": -54.08,
            "research_to_sale_ratio": null,
            "price_fair": 1633.8,
            "eps_avg_yearly": 46.68,
            "eps_latest_yearly": 46.68,
            "eps_growth_yearly": 2819.31
        },
        "20163": {
            "year_quarter": 20163,
            "year": 2016,
            "quarter": 3,
            "eps": -0.12,
            "eps_growth_year": null,
            "eps_4q": 1.02,
            "eps_4q_growth_year": null,
            "roe": -0.91,
            "roe_4q": 7.509999999999999,
            "gross_profit": -2205,
            "gross_margin": -0.99,
            "gross_margin_4q_avg": -1.8,
            "net_income": -29288,
            "net_income_4q": null,
            "revenue": 223668,
            "revenue_4q": null,
            "common_shares": 2479423,
            "book_valuer_per_share": 13.27,
            "book_valuer_per_share_4q_avg": 13.05,
            "equity": 3289456,
            "current_ratio": 83.5,
            "debt_ratio": 40.49,
            "inventory_turnover_ratio": 0.84,
            "account_receivable_turnover_ratio": 2.98,
            "reinvestment_rate": -39.44,
            "research_to_sale_ratio": null,
            "price_fair": 1633.8,
            "eps_avg_yearly": 46.68,
            "eps_latest_yearly": 46.68,
            "eps_growth_yearly": 2819.31
        },
        "20164": {
            "year_quarter": 20164,
            "year": 2016,
            "quarter": 4,
            "eps": -0.2,
            "eps_growth_year": -115.17,
            "eps_4q": -0.65,
            "eps_4q_growth_year": -195.14,
            "roe": -1.4,
            "roe_4q": -4.51,
            "gross_profit": 3676,
            "gross_margin": 1.11,
            "gross_margin_4q_avg": 1.3,
            "net_income": -44219,
            "net_income_4q": null,
            "revenue": 331106,
            "revenue_4q": null,
            "common_shares": 2479423,
            "book_valuer_per_share": 13.65,
            "book_valuer_per_share_4q_avg": 13.24,
            "equity": 3045030,
            "current_ratio": 60.19,
            "debt_ratio": 43.72,
            "inventory_turnover_ratio": 1.15,
            "account_receivable_turnover_ratio": 3.49,
            "reinvestment_rate": -26.84,
            "research_to_sale_ratio": null,
            "price_fair": 1633.8,
            "eps_avg_yearly": 46.68,
            "eps_latest_yearly": 46.68,
            "eps_growth_yearly": 2819.31
        },
        "20171": {
            "year_quarter": 20171,
            "year": 2017,
            "quarter": 1,
            "eps": -0.22,
            "eps_growth_year": null,
            "eps_4q": -0.72,
            "eps_4q_growth_year": -189.01,
            "roe": -1.59,
            "roe_4q": -5.130000000000001,
            "gross_profit": -15997,
            "gross_margin": -7.15,
            "gross_margin_4q_avg": -1.62,
            "net_income": -48370,
            "net_income_4q": null,
            "revenue": 223669,
            "revenue_4q": null,
            "common_shares": 2231523,
            "book_valuer_per_share": 13.66,
            "book_valuer_per_share_4q_avg": 13.35,
            "equity": 3047663,
            "current_ratio": 65,
            "debt_ratio": 46.73,
            "inventory_turnover_ratio": 0.62,
            "account_receivable_turnover_ratio": 1.62,
            "reinvestment_rate": -27.79,
            "research_to_sale_ratio": null,
            "price_fair": 1633.8,
            "eps_avg_yearly": 46.68,
            "eps_latest_yearly": 46.68,
            "eps_growth_yearly": 2819.31
        },
        "20172": {
            "year_quarter": 20172,
            "year": 2017,
            "quarter": 2,
            "eps": -0.24,
            "eps_growth_year": null,
            "eps_4q": -0.79,
            "eps_4q_growth_year": -195.09,
            "roe": -1.82,
            "roe_4q": -5.720000000000001,
            "gross_profit": -19823,
            "gross_margin": -6.47,
            "gross_margin_4q_avg": -3.38,
            "net_income": -54800,
            "net_income_4q": null,
            "revenue": 306254,
            "revenue_4q": null,
            "common_shares": 2231523,
            "book_valuer_per_share": 13.35,
            "book_valuer_per_share_4q_avg": 13.48,
            "equity": 2979894,
            "current_ratio": 66.09,
            "debt_ratio": 48.77,
            "inventory_turnover_ratio": 0.55,
            "account_receivable_turnover_ratio": 1.95,
            "reinvestment_rate": null,
            "research_to_sale_ratio": null,
            "price_fair": 0,
            "eps_avg_yearly": 0,
            "eps_latest_yearly": 0,
            "eps_growth_yearly": 0
        },
        "20173": {
            "year_quarter": 20173,
            "year": 2017,
            "quarter": 3,
            "eps": -0.17,
            "eps_growth_year": null,
            "eps_4q": -0.83,
            "eps_4q_growth_year": -181.26,
            "roe": -1.29,
            "roe_4q": -6.1,
            "gross_profit": 12989,
            "gross_margin": 3.32,
            "gross_margin_4q_avg": -2.3,
            "net_income": -38226,
            "net_income_4q": null,
            "revenue": 391344,
            "revenue_4q": null,
            "common_shares": 2231523,
            "book_valuer_per_share": 13.15,
            "book_valuer_per_share_4q_avg": 13.45,
            "equity": 2933703,
            "current_ratio": 62.17,
            "debt_ratio": 46.38,
            "inventory_turnover_ratio": 0.62,
            "account_receivable_turnover_ratio": 3.21,
            "reinvestment_rate": null,
            "research_to_sale_ratio": null,
            "price_fair": 0,
            "eps_avg_yearly": 0,
            "eps_latest_yearly": 0,
            "eps_growth_yearly": 0
        },
        "20174": {
            "year_quarter": 20174,
            "year": 2017,
            "quarter": 4,
            "eps": -0.41,
            "eps_growth_year": null,
            "eps_4q": -1.12,
            "eps_4q_growth_year": null,
            "roe": -2.98,
            "roe_4q": -7.68,
            "gross_profit": -4503,
            "gross_margin": -1.29,
            "gross_margin_4q_avg": -2.9,
            "net_income": -83131,
            "net_income_4q": null,
            "revenue": 348947,
            "revenue_4q": null,
            "common_shares": 2231523,
            "book_valuer_per_share": 13.21,
            "book_valuer_per_share_4q_avg": 13.34,
            "equity": 2652807,
            "current_ratio": 70.11,
            "debt_ratio": 51.19,
            "inventory_turnover_ratio": 0.69,
            "account_receivable_turnover_ratio": 4.46,
            "reinvestment_rate": null,
            "research_to_sale_ratio": null,
            "price_fair": 0,
            "eps_avg_yearly": 0,
            "eps_latest_yearly": 0,
            "eps_growth_yearly": 0
        },
        "20181": {
            "year_quarter": 20181,
            "year": 2018,
            "quarter": 1,
            "eps": -0.57,
            "eps_growth_year": null,
            "eps_4q": -1.45,
            "eps_4q_growth_year": null,
            "roe": -4.36,
            "roe_4q": -10.45,
            "gross_profit": -4307,
            "gross_margin": -1.52,
            "gross_margin_4q_avg": -1.49,
            "net_income": -114483,
            "net_income_4q": null,
            "revenue": 282577,
            "revenue_4q": null,
            "common_shares": 2008523,
            "book_valuer_per_share": 12.91,
            "book_valuer_per_share_4q_avg": 13.16,
            "equity": 2592740,
            "current_ratio": 59.24,
            "debt_ratio": 49.3,
            "inventory_turnover_ratio": 0.62,
            "account_receivable_turnover_ratio": 2.86,
            "reinvestment_rate": null,
            "research_to_sale_ratio": null,
            "price_fair": 0,
            "eps_avg_yearly": 0,
            "eps_latest_yearly": 0,
            "eps_growth_yearly": 0
        },
        "20182": {
            "year_quarter": 20182,
            "year": 2018,
            "quarter": 2,
            "eps": -0.31,
            "eps_growth_year": null,
            "eps_4q": -1.48,
            "eps_4q_growth_year": null,
            "roe": -2.4,
            "roe_4q": -11.030000000000001,
            "gross_profit": -18774,
            "gross_margin": -5.08,
            "gross_margin_4q_avg": -1.14,
            "net_income": -61488,
            "net_income_4q": null,
            "revenue": 369312,
            "revenue_4q": null,
            "common_shares": 2008523,
            "book_valuer_per_share": 12.61,
            "book_valuer_per_share_4q_avg": 12.97,
            "equity": 2533247,
            "current_ratio": 58.18,
            "debt_ratio": 51.04,
            "inventory_turnover_ratio": 0.85,
            "account_receivable_turnover_ratio": 3.14,
            "reinvestment_rate": null,
            "research_to_sale_ratio": null,
            "price_fair": 0,
            "eps_avg_yearly": 0,
            "eps_latest_yearly": 0,
            "eps_growth_yearly": 0
        },
        "20183": {
            "year_quarter": 20183,
            "year": 2018,
            "quarter": 3,
            "eps": 0.04,
            "eps_growth_year": null,
            "eps_4q": -1.25,
            "eps_4q_growth_year": null,
            "roe": 0.3,
            "roe_4q": -9.440000000000001,
            "gross_profit": -5143,
            "gross_margin": -1.3,
            "gross_margin_4q_avg": -2.3,
            "net_income": 7352,
            "net_income_4q": null,
            "revenue": 395050,
            "revenue_4q": null,
            "common_shares": 2008523,
            "book_valuer_per_share": 11.94,
            "book_valuer_per_share_4q_avg": 12.67,
            "equity": 2398936,
            "current_ratio": 57.42,
            "debt_ratio": 53.58,
            "inventory_turnover_ratio": 0.87,
            "account_receivable_turnover_ratio": 2.79,
            "reinvestment_rate": null,
            "research_to_sale_ratio": null,
            "price_fair": 0,
            "eps_avg_yearly": 0,
            "eps_latest_yearly": 0,
            "eps_growth_yearly": 0
        },
        "20184": {
            "year_quarter": 20184,
            "year": 2018,
            "quarter": 4,
            "eps": -0.04,
            "eps_growth_year": null,
            "eps_4q": -0.88,
            "eps_4q_growth_year": null,
            "roe": -0.33,
            "roe_4q": -6.79,
            "gross_profit": 6769,
            "gross_margin": 1.85,
            "gross_margin_4q_avg": -1.51,
            "net_income": -7792,
            "net_income_4q": null,
            "revenue": 366171,
            "revenue_4q": null,
            "common_shares": 2008523,
            "book_valuer_per_share": 11.79,
            "book_valuer_per_share_4q_avg": 12.31,
            "equity": 2367622,
            "current_ratio": 58.3,
            "debt_ratio": 54.77,
            "inventory_turnover_ratio": 0.74,
            "account_receivable_turnover_ratio": 2.76,
            "reinvestment_rate": null,
            "research_to_sale_ratio": null,
            "price_fair": 0,
            "eps_avg_yearly": 0,
            "eps_latest_yearly": 0,
            "eps_growth_yearly": 0
        },
        "20191": {
            "year_quarter": 20191,
            "year": 2019,
            "quarter": 1,
            "eps": -0.11,
            "eps_growth_year": null,
            "eps_4q": -0.42,
            "eps_4q_growth_year": null,
            "roe": -0.92,
            "roe_4q": -3.3499999999999996,
            "gross_profit": 28341,
            "gross_margin": 6.74,
            "gross_margin_4q_avg": 0.55,
            "net_income": -21767,
            "net_income_4q": null,
            "revenue": 420630,
            "revenue_4q": null,
            "common_shares": 2008523,
            "book_valuer_per_share": 11.7,
            "book_valuer_per_share_4q_avg": 12.01,
            "equity": 2350386,
            "current_ratio": 57.29,
            "debt_ratio": 54.52,
            "inventory_turnover_ratio": 0.81,
            "account_receivable_turnover_ratio": 3.74,
            "reinvestment_rate": null,
            "research_to_sale_ratio": null,
            "price_fair": 0,
            "eps_avg_yearly": 0,
            "eps_latest_yearly": 0,
            "eps_growth_yearly": 0
        },
        "20192": {
            "year_quarter": 20192,
            "year": 2019,
            "quarter": 2,
            "eps": -0.08,
            "eps_growth_year": null,
            "eps_4q": -0.19,
            "eps_4q_growth_year": null,
            "roe": -0.68,
            "roe_4q": -1.6300000000000001,
            "gross_profit": 22255,
            "gross_margin": 7.75,
            "gross_margin_4q_avg": 3.76,
            "net_income": -15930,
            "net_income_4q": null,
            "revenue": 286993,
            "revenue_4q": null,
            "common_shares": 2008523,
            "book_valuer_per_share": 11.62,
            "book_valuer_per_share_4q_avg": 11.76,
            "equity": 2333641,
            "current_ratio": 55.16,
            "debt_ratio": 54.68,
            "inventory_turnover_ratio": 0.56,
            "account_receivable_turnover_ratio": 2.43,
            "reinvestment_rate": null,
            "research_to_sale_ratio": null,
            "price_fair": 0,
            "eps_avg_yearly": 0,
            "eps_latest_yearly": 0,
            "eps_growth_yearly": 0
        },
        "20193": {
            "year_quarter": 20193,
            "year": 2019,
            "quarter": 3,
            "eps": -0.14,
            "eps_growth_year": -450,
            "eps_4q": -0.37,
            "eps_4q_growth_year": null,
            "roe": -1.23,
            "roe_4q": -3.16,
            "gross_profit": -29356,
            "gross_margin": -12.62,
            "gross_margin_4q_avg": 0.93,
            "net_income": -29020,
            "net_income_4q": null,
            "revenue": 232570,
            "revenue_4q": null,
            "common_shares": 2008523,
            "book_valuer_per_share": 11.87,
            "book_valuer_per_share_4q_avg": 11.75,
            "equity": 2383814,
            "current_ratio": 57.21,
            "debt_ratio": 54.05,
            "inventory_turnover_ratio": 0.55,
            "account_receivable_turnover_ratio": 2.13,
            "reinvestment_rate": null,
            "research_to_sale_ratio": null,
            "price_fair": 0,
            "eps_avg_yearly": 0,
            "eps_latest_yearly": 0,
            "eps_growth_yearly": 0
        },
        "20194": {
            "year_quarter": 20194,
            "year": 2019,
            "quarter": 4,
            "eps": -0.29,
            "eps_growth_year": null,
            "eps_4q": -0.62,
            "eps_4q_growth_year": null,
            "roe": -2.38,
            "roe_4q": -5.21,
            "gross_profit": -25568,
            "gross_margin": -12.66,
            "gross_margin_4q_avg": -2.7,
            "net_income": -57390,
            "net_income_4q": null,
            "revenue": 201944,
            "revenue_4q": null,
            "common_shares": 2008523,
            "book_valuer_per_share": 12.17,
            "book_valuer_per_share_4q_avg": 11.84,
            "equity": 2444669,
            "current_ratio": 56.91,
            "debt_ratio": 52.64,
            "inventory_turnover_ratio": 0.48,
            "account_receivable_turnover_ratio": 1.68,
            "reinvestment_rate": null,
            "research_to_sale_ratio": null,
            "price_fair": 0,
            "eps_avg_yearly": 0,
            "eps_latest_yearly": 0,
            "eps_growth_yearly": 0
        },
        "20201": {
            "year_quarter": 20201,
            "year": 2020,
            "quarter": 1,
            "eps": -0.33,
            "eps_growth_year": null,
            "eps_4q": -0.84,
            "eps_4q_growth_year": null,
            "roe": -2.81,
            "roe_4q": -7.1,
            "gross_profit": -32238,
            "gross_margin": -15.27,
            "gross_margin_4q_avg": -8.2,
            "net_income": -66063,
            "net_income_4q": null,
            "revenue": 211132,
            "revenue_4q": null,
            "common_shares": 2008523,
            "book_valuer_per_share": 11.27,
            "book_valuer_per_share_4q_avg": 11.73,
            "equity": 2264130,
            "current_ratio": 51.66,
            "debt_ratio": 54.89,
            "inventory_turnover_ratio": 0.53,
            "account_receivable_turnover_ratio": 1.74,
            "reinvestment_rate": null,
            "research_to_sale_ratio": null,
            "price_fair": 0,
            "eps_avg_yearly": 0,
            "eps_latest_yearly": 0,
            "eps_growth_yearly": 0
        },
        "20202": {
            "year_quarter": 20202,
            "year": 2020,
            "quarter": 2,
            "eps": -0.12,
            "eps_growth_year": null,
            "eps_4q": -0.88,
            "eps_4q_growth_year": null,
            "roe": -1.06,
            "roe_4q": -7.48,
            "gross_profit": -8711,
            "gross_margin": -3.96,
            "gross_margin_4q_avg": -11.13,
            "net_income": -24691,
            "net_income_4q": null,
            "revenue": 219748,
            "revenue_4q": null,
            "common_shares": 2008523,
            "book_valuer_per_share": 11.92,
            "book_valuer_per_share_4q_avg": 11.81,
            "equity": 2393617,
            "current_ratio": 55.81,
            "debt_ratio": 53.58,
            "inventory_turnover_ratio": 0.55,
            "account_receivable_turnover_ratio": 2.4,
            "reinvestment_rate": null,
            "research_to_sale_ratio": null,
            "price_fair": 0,
            "eps_avg_yearly": 0,
            "eps_latest_yearly": 0,
            "eps_growth_yearly": 0
        },
        "20203": {
            "year_quarter": 20203,
            "year": 2020,
            "quarter": 3,
            "eps": 0.36,
            "eps_growth_year": null,
            "eps_4q": -0.38,
            "eps_4q_growth_year": null,
            "roe": 2.99,
            "roe_4q": -3.26,
            "gross_profit": 41907,
            "gross_margin": 18.23,
            "gross_margin_4q_avg": -3.42,
            "net_income": 72330,
            "net_income_4q": null,
            "revenue": 229829,
            "revenue_4q": null,
            "common_shares": 2008523,
            "book_valuer_per_share": 12.2,
            "book_valuer_per_share_4q_avg": 11.89,
            "equity": 2449874,
            "current_ratio": 62.84,
            "debt_ratio": 56.06,
            "inventory_turnover_ratio": 0.43,
            "account_receivable_turnover_ratio": 2.81,
            "reinvestment_rate": null,
            "research_to_sale_ratio": null,
            "price_fair": 0,
            "eps_avg_yearly": 0,
            "eps_latest_yearly": 0,
            "eps_growth_yearly": 0
        },
        "20204": {
            "year_quarter": 20204,
            "year": 2020,
            "quarter": 4,
            "eps": -0.07,
            "eps_growth_year": null,
            "eps_4q": -0.16,
            "eps_4q_growth_year": null,
            "roe": -0.55,
            "roe_4q": -1.4299999999999997,
            "gross_profit": 21063,
            "gross_margin": 6.98,
            "gross_margin_4q_avg": 1.5,
            "net_income": -14369,
            "net_income_4q": null,
            "revenue": 301801,
            "revenue_4q": null,
            "common_shares": 2008523,
            "book_valuer_per_share": 13.8,
            "book_valuer_per_share_4q_avg": 12.3,
            "equity": 2772158,
            "current_ratio": 54.49,
            "debt_ratio": 58.39,
            "inventory_turnover_ratio": 0.59,
            "account_receivable_turnover_ratio": 3.03,
            "reinvestment_rate": null,
            "research_to_sale_ratio": null,
            "price_fair": 0,
            "eps_avg_yearly": 0,
            "eps_latest_yearly": 0,
            "eps_growth_yearly": 0
        },
        "20211": {
            "year_quarter": 20211,
            "year": 2021,
            "quarter": 1,
            "eps": -0.06,
            "eps_growth_year": null,
            "eps_4q": 0.1,
            "eps_4q_growth_year": null,
            "roe": -0.45,
            "roe_4q": 0.9300000000000002,
            "gross_profit": 20141,
            "gross_margin": 7.36,
            "gross_margin_4q_avg": 7.15,
            "net_income": -12683,
            "net_income_4q": null,
            "revenue": 273665,
            "revenue_4q": null,
            "common_shares": 2008523,
            "book_valuer_per_share": 14.19,
            "book_valuer_per_share_4q_avg": 13.03,
            "equity": 2850697,
            "current_ratio": 55.8,
            "debt_ratio": 57.8,
            "inventory_turnover_ratio": 0.52,
            "account_receivable_turnover_ratio": 2.6,
            "reinvestment_rate": null,
            "research_to_sale_ratio": null,
            "price_fair": 0,
            "eps_avg_yearly": 0,
            "eps_latest_yearly": 0,
            "eps_growth_yearly": 0
        },
        "20212": {
            "year_quarter": 20212,
            "year": 2021,
            "quarter": 2,
            "eps": 0.07,
            "eps_growth_year": null,
            "eps_4q": 0.3,
            "eps_4q_growth_year": null,
            "roe": 0.5,
            "roe_4q": 2.49,
            "gross_profit": 50340,
            "gross_margin": 12.95,
            "gross_margin_4q_avg": 11.38,
            "net_income": 14882,
            "net_income_4q": null,
            "revenue": 388756,
            "revenue_4q": null,
            "common_shares": 2008523,
            "book_valuer_per_share": 15.24,
            "book_valuer_per_share_4q_avg": 13.86,
            "equity": 3061239,
            "current_ratio": 59.88,
            "debt_ratio": 57.08,
            "inventory_turnover_ratio": 0.66,
            "account_receivable_turnover_ratio": 3.89,
            "reinvestment_rate": null,
            "research_to_sale_ratio": null,
            "price_fair": 0,
            "eps_avg_yearly": 0,
            "eps_latest_yearly": 0,
            "eps_growth_yearly": 0
        },
        "20213": {
            "year_quarter": 20213,
            "year": 2021,
            "quarter": 3,
            "eps": 0.26,
            "eps_growth_year": -27.78,
            "eps_4q": 0.2,
            "eps_4q_growth_year": null,
            "roe": 1.76,
            "roe_4q": 1.2599999999999998,
            "gross_profit": 75476,
            "gross_margin": 15.54,
            "gross_margin_4q_avg": 10.71,
            "net_income": 52970,
            "net_income_4q": null,
            "revenue": 485618,
            "revenue_4q": null,
            "common_shares": 2008523,
            "book_valuer_per_share": 14.74,
            "book_valuer_per_share_4q_avg": 14.49,
            "equity": 2960533,
            "current_ratio": 61.18,
            "debt_ratio": 58.54,
            "inventory_turnover_ratio": 0.76,
            "account_receivable_turnover_ratio": 4.29,
            "reinvestment_rate": null,
            "research_to_sale_ratio": null,
            "price_fair": 36.4,
            "eps_avg_yearly": 1.04,
            "eps_latest_yearly": 1.04,
            "eps_growth_yearly": 1085.71
        },
        "20214": {
            "year_quarter": 20214,
            "year": 2021,
            "quarter": 4,
            "eps": -0.06,
            "eps_growth_year": null,
            "eps_4q": 0.21,
            "eps_4q_growth_year": null,
            "roe": -0.44,
            "roe_4q": 1.37,
            "gross_profit": 48616,
            "gross_margin": 12.08,
            "gross_margin_4q_avg": 11.98,
            "net_income": -13052,
            "net_income_4q": null,
            "revenue": 402585,
            "revenue_4q": null,
            "common_shares": 2008523,
            "book_valuer_per_share": 14.79,
            "book_valuer_per_share_4q_avg": 14.74,
            "equity": 2969641,
            "current_ratio": 65.55,
            "debt_ratio": 59.47,
            "inventory_turnover_ratio": 0.55,
            "account_receivable_turnover_ratio": 3.53,
            "reinvestment_rate": null,
            "research_to_sale_ratio": null,
            "price_fair": 36.4,
            "eps_avg_yearly": 1.04,
            "eps_latest_yearly": 1.04,
            "eps_growth_yearly": 1085.71
        },
        "20221": {
            "year_quarter": 20221,
            "year": 2022,
            "quarter": 1,
            "eps": 0.01,
            "eps_growth_year": null,
            "eps_4q": 0.29,
            "eps_4q_growth_year": 179.89,
            "roe": 0.1,
            "roe_4q": 1.92,
            "gross_profit": 47411,
            "gross_margin": 10.78,
            "gross_margin_4q_avg": 12.84,
            "net_income": 2821,
            "net_income_4q": null,
            "revenue": 439785,
            "revenue_4q": null,
            "common_shares": 2008523,
            "book_valuer_per_share": 14.69,
            "book_valuer_per_share_4q_avg": 14.87,
            "equity": 2951050,
            "current_ratio": 61.08,
            "debt_ratio": 60,
            "inventory_turnover_ratio": 0.52,
            "account_receivable_turnover_ratio": 3.83,
            "reinvestment_rate": null,
            "research_to_sale_ratio": null,
            "price_fair": 36.4,
            "eps_avg_yearly": 1.04,
            "eps_latest_yearly": 1.04,
            "eps_growth_yearly": 1085.71
        },
        "20222": {
            "year_quarter": 20222,
            "year": 2022,
            "quarter": 2,
            "eps": 0.15,
            "eps_growth_year": 114.29,
            "eps_4q": 0.37,
            "eps_4q_growth_year": 22.35,
            "roe": 1.1,
            "roe_4q": 2.5200000000000005,
            "gross_profit": 89097,
            "gross_margin": 14.31,
            "gross_margin_4q_avg": 13.18,
            "net_income": 30869,
            "net_income_4q": null,
            "revenue": 622747,
            "revenue_4q": null,
            "common_shares": 2008523,
            "book_valuer_per_share": 13.15,
            "book_valuer_per_share_4q_avg": 14.34,
            "equity": 2641263,
            "current_ratio": 56.77,
            "debt_ratio": 62.18,
            "inventory_turnover_ratio": 0.67,
            "account_receivable_turnover_ratio": 4.23,
            "reinvestment_rate": null,
            "research_to_sale_ratio": null,
            "price_fair": 28.7,
            "eps_avg_yearly": 0.82,
            "eps_latest_yearly": 0.6,
            "eps_growth_yearly": 3342.86
        },
        "20223": {
            "year_quarter": 20223,
            "year": 2022,
            "quarter": 3,
            "eps": 0.26,
            "eps_growth_year": 0,
            "eps_4q": 0.36,
            "eps_4q_growth_year": 78.13,
            "roe": 2,
            "roe_4q": 2.7600000000000002,
            "gross_profit": 97638,
            "gross_margin": 16,
            "gross_margin_4q_avg": 13.29,
            "net_income": 52040,
            "net_income_4q": null,
            "revenue": 610198,
            "revenue_4q": null,
            "common_shares": 2008523,
            "book_valuer_per_share": 12.82,
            "book_valuer_per_share_4q_avg": 13.86,
            "equity": 2574152,
            "current_ratio": 57.54,
            "debt_ratio": 63.46,
            "inventory_turnover_ratio": 0.63,
            "account_receivable_turnover_ratio": 3.97,
            "reinvestment_rate": null,
            "research_to_sale_ratio": null,
            "price_fair": 31.27,
            "eps_avg_yearly": 0.89,
            "eps_latest_yearly": 1.04,
            "eps_growth_yearly": 2326.35
        },
        "20224": {
            "year_quarter": 20224,
            "year": 2022,
            "quarter": 4,
            "eps": 0.13,
            "eps_growth_year": null,
            "eps_4q": 0.56,
            "eps_4q_growth_year": 166.36,
            "roe": 0.98,
            "roe_4q": 4.18,
            "gross_profit": 92985,
            "gross_margin": 17.11,
            "gross_margin_4q_avg": 14.55,
            "net_income": 26454,
            "net_income_4q": null,
            "revenue": 543324,
            "revenue_4q": null,
            "common_shares": 2008523,
            "book_valuer_per_share": 14.02,
            "book_valuer_per_share_4q_avg": 13.67,
            "equity": 2815630,
            "current_ratio": 62.44,
            "debt_ratio": 61.22,
            "inventory_turnover_ratio": 0.57,
            "account_receivable_turnover_ratio": 4.28,
            "reinvestment_rate": null,
            "research_to_sale_ratio": null,
            "price_fair": 28,
            "eps_avg_yearly": 0.8,
            "eps_latest_yearly": 0.52,
            "eps_growth_yearly": 1694.76
        },
        "20231": {
            "year_quarter": 20231,
            "year": 2023,
            "quarter": 1,
            "eps": 0.3,
            "eps_growth_year": 2900,
            "eps_4q": 0.86,
            "eps_4q_growth_year": 200.74,
            "roe": 2.07,
            "roe_4q": 6.15,
            "gross_profit": 73010,
            "gross_margin": 16.91,
            "gross_margin_4q_avg": 16.08,
            "net_income": 60664,
            "net_income_4q": null,
            "revenue": 431643,
            "revenue_4q": null,
            "common_shares": 2008523,
            "book_valuer_per_share": 15.45,
            "book_valuer_per_share_4q_avg": 13.86,
            "equity": 3044619,
            "current_ratio": 63.4,
            "debt_ratio": 58.48,
            "inventory_turnover_ratio": 0.5,
            "account_receivable_turnover_ratio": 3.91,
            "reinvestment_rate": 274.42,
            "research_to_sale_ratio": null,
            "price_fair": 30.8,
            "eps_avg_yearly": 0.88,
            "eps_latest_yearly": 1.2,
            "eps_growth_yearly": 1460.42
        },
        "20232": {
            "year_quarter": 20232,
            "year": 2023,
            "quarter": 2,
            "eps": 1.72,
            "eps_growth_year": 1046.67,
            "eps_4q": 2.46,
            "eps_4q_growth_year": 570.58,
            "roe": 10.62,
            "roe_4q": 15.67,
            "gross_profit": 19009,
            "gross_margin": 5.62,
            "gross_margin_4q_avg": 13.91,
            "net_income": 329870,
            "net_income_4q": null,
            "revenue": 338126,
            "revenue_4q": null,
            "common_shares": 1908523,
            "book_valuer_per_share": 16.59,
            "book_valuer_per_share_4q_avg": 14.72,
            "equity": 3166324,
            "current_ratio": 107.36,
            "debt_ratio": 56.97,
            "inventory_turnover_ratio": 0.45,
            "account_receivable_turnover_ratio": 3.42,
            "reinvestment_rate": 53.77,
            "research_to_sale_ratio": null,
            "price_fair": 65.8,
            "eps_avg_yearly": 1.88,
            "eps_latest_yearly": 6.88,
            "eps_growth_yearly": 1532.58
        }
    },
    "months": {
        "2001-06": {
            "month": "2001-06",
            "price": "3.87",
            "revenue": 479317
        },
        "2001-07": {
            "month": "2001-07",
            "price": "3.44",
            "revenue": 524533
        },
        "2001-08": {
            "month": "2001-08",
            "price": "3.59",
            "revenue": 529863
        },
        "2001-09": {
            "month": "2001-09",
            "price": "4.33",
            "revenue": 484675
        },
        "2001-10": {
            "month": "2001-10",
            "price": "4.09",
            "revenue": 552714
        },
        "2001-11": {
            "month": "2001-11",
            "price": "3.37",
            "revenue": 620340
        },
        "2001-12": {
            "month": "2001-12",
            "price": "3.74",
            "revenue": 488486
        },
        "2002-01": {
            "month": "2002-01",
            "price": "3.58",
            "revenue": 621100
        },
        "2002-02": {
            "month": "2002-02",
            "price": "3.74",
            "revenue": 397140
        },
        "2002-03": {
            "month": "2002-03",
            "price": "4.45",
            "revenue": 635068
        },
        "2002-04": {
            "month": "2002-04",
            "price": "5.46",
            "revenue": 577919
        },
        "2002-05": {
            "month": "2002-05",
            "price": "5.19",
            "revenue": 652623
        },
        "2002-06": {
            "month": "2002-06",
            "price": "5.92",
            "revenue": 654197
        },
        "2002-07": {
            "month": "2002-07",
            "price": "8.42",
            "revenue": 819336
        },
        "2002-08": {
            "month": "2002-08",
            "price": "9.61",
            "revenue": 820320
        },
        "2002-09": {
            "month": "2002-09",
            "price": "8.72",
            "revenue": 778621
        },
        "2002-10": {
            "month": "2002-10",
            "price": "7.63",
            "revenue": 681311
        },
        "2002-11": {
            "month": "2002-11",
            "price": "8.39",
            "revenue": 708837
        },
        "2002-12": {
            "month": "2002-12",
            "price": "8.82",
            "revenue": 815651
        },
        "2003-01": {
            "month": "2003-01",
            "price": "9.82",
            "revenue": 788647
        },
        "2003-02": {
            "month": "2003-02",
            "price": "9.26",
            "revenue": 790048
        },
        "2003-03": {
            "month": "2003-03",
            "price": "8.40",
            "revenue": 929026
        },
        "2003-04": {
            "month": "2003-04",
            "price": "8.14",
            "revenue": 853937
        },
        "2003-05": {
            "month": "2003-05",
            "price": "6.96",
            "revenue": 593011
        },
        "2003-06": {
            "month": "2003-06",
            "price": "8.58",
            "revenue": 666992
        },
        "2003-07": {
            "month": "2003-07",
            "price": "10.18",
            "revenue": 874995
        },
        "2003-08": {
            "month": "2003-08",
            "price": "9.51",
            "revenue": 871123
        },
        "2003-09": {
            "month": "2003-09",
            "price": "8.67",
            "revenue": 790519
        },
        "2003-10": {
            "month": "2003-10",
            "price": "9.62",
            "revenue": 915569
        },
        "2003-11": {
            "month": "2003-11",
            "price": "11.04",
            "revenue": 1101490
        },
        "2003-12": {
            "month": "2003-12",
            "price": "10.19",
            "revenue": 1000307
        },
        "2004-01": {
            "month": "2004-01",
            "price": "10.66",
            "revenue": 786074
        },
        "2004-02": {
            "month": "2004-02",
            "price": "14.85",
            "revenue": 990032
        },
        "2004-03": {
            "month": "2004-03",
            "price": "14.06",
            "revenue": 1173699
        },
        "2004-04": {
            "month": "2004-04",
            "price": "12.03",
            "revenue": 917328
        },
        "2004-05": {
            "month": "2004-05",
            "price": "9.46",
            "revenue": 935537
        },
        "2004-06": {
            "month": "2004-06",
            "price": "9.43",
            "revenue": 1138187
        },
        "2004-07": {
            "month": "2004-07",
            "price": "10.08",
            "revenue": 1043736
        },
        "2004-08": {
            "month": "2004-08",
            "price": "9.58",
            "revenue": 1338792
        },
        "2004-09": {
            "month": "2004-09",
            "price": "14.20",
            "revenue": 1401946
        },
        "2004-10": {
            "month": "2004-10",
            "price": "15.00",
            "revenue": 1366888
        },
        "2004-11": {
            "month": "2004-11",
            "price": "13.14",
            "revenue": 1189465
        },
        "2004-12": {
            "month": "2004-12",
            "price": "15.97",
            "revenue": 1272229
        },
        "2005-01": {
            "month": "2005-01",
            "price": "15.39",
            "revenue": 1326101
        },
        "2005-02": {
            "month": "2005-02",
            "price": "15.66",
            "revenue": 1041115
        },
        "2005-03": {
            "month": "2005-03",
            "price": "14.45",
            "revenue": 1481889
        },
        "2005-04": {
            "month": "2005-04",
            "price": "11.05",
            "revenue": 1253253
        },
        "2005-05": {
            "month": "2005-05",
            "price": "8.78",
            "revenue": 892072
        },
        "2005-06": {
            "month": "2005-06",
            "price": "10.06",
            "revenue": 434829
        },
        "2005-07": {
            "month": "2005-07",
            "price": "9.34",
            "revenue": 929774
        },
        "2005-08": {
            "month": "2005-08",
            "price": "8.98",
            "revenue": 766911
        },
        "2005-09": {
            "month": "2005-09",
            "price": "8.69",
            "revenue": 938981
        },
        "2005-10": {
            "month": "2005-10",
            "price": "6.90",
            "revenue": 776972
        },
        "2005-11": {
            "month": "2005-11",
            "price": "5.76",
            "revenue": 684990
        },
        "2005-12": {
            "month": "2005-12",
            "price": "5.58",
            "revenue": 743768
        },
        "2006-01": {
            "month": "2006-01",
            "price": "5.64",
            "revenue": 696175
        },
        "2006-02": {
            "month": "2006-02",
            "price": "6.48",
            "revenue": 1024504
        },
        "2006-03": {
            "month": "2006-03",
            "price": "5.89",
            "revenue": 834337
        },
        "2006-04": {
            "month": "2006-04",
            "price": "7.35",
            "revenue": 658487
        },
        "2006-05": {
            "month": "2006-05",
            "price": "7.53",
            "revenue": 987823
        },
        "2006-06": {
            "month": "2006-06",
            "price": "6.41",
            "revenue": 913458
        },
        "2006-07": {
            "month": "2006-07",
            "price": "6.16",
            "revenue": 843051
        },
        "2006-08": {
            "month": "2006-08",
            "price": "5.62",
            "revenue": 931257
        },
        "2006-09": {
            "month": "2006-09",
            "price": "4.99",
            "revenue": 818984
        },
        "2006-10": {
            "month": "2006-10",
            "price": "6.00",
            "revenue": 1068161
        },
        "2006-11": {
            "month": "2006-11",
            "price": "6.14",
            "revenue": 931756
        },
        "2006-12": {
            "month": "2006-12",
            "price": "7.31",
            "revenue": 1005113
        },
        "2007-01": {
            "month": "2007-01",
            "price": "6.81",
            "revenue": 832846
        },
        "2007-02": {
            "month": "2007-02",
            "price": "6.43",
            "revenue": 733132
        },
        "2007-03": {
            "month": "2007-03",
            "price": "6.70",
            "revenue": 1076467
        },
        "2007-04": {
            "month": "2007-04",
            "price": "7.81",
            "revenue": 998619
        },
        "2007-05": {
            "month": "2007-05",
            "price": "7.44",
            "revenue": 1142869
        },
        "2007-06": {
            "month": "2007-06",
            "price": "7.14",
            "revenue": 767357
        },
        "2007-07": {
            "month": "2007-07",
            "price": "9.16",
            "revenue": 1016534
        },
        "2007-08": {
            "month": "2007-08",
            "price": "9.96",
            "revenue": 711634
        },
        "2007-09": {
            "month": "2007-09",
            "price": "9.30",
            "revenue": 979801
        },
        "2007-10": {
            "month": "2007-10",
            "price": "8.88",
            "revenue": 984341
        },
        "2007-11": {
            "month": "2007-11",
            "price": "8.80",
            "revenue": 849576
        },
        "2007-12": {
            "month": "2007-12",
            "price": "8.52",
            "revenue": 960311
        },
        "2008-01": {
            "month": "2008-01",
            "price": "8.42",
            "revenue": 1024043
        },
        "2008-02": {
            "month": "2008-02",
            "price": "8.75",
            "revenue": 971058
        },
        "2008-03": {
            "month": "2008-03",
            "price": "9.28",
            "revenue": 1252735
        },
        "2008-04": {
            "month": "2008-04",
            "price": "11.70",
            "revenue": 1101416
        },
        "2008-05": {
            "month": "2008-05",
            "price": "12.87",
            "revenue": 1328349
        },
        "2008-06": {
            "month": "2008-06",
            "price": "11.10",
            "revenue": 1416367
        },
        "2008-07": {
            "month": "2008-07",
            "price": "9.19",
            "revenue": 1261203
        },
        "2008-08": {
            "month": "2008-08",
            "price": "8.53",
            "revenue": 938121
        },
        "2008-09": {
            "month": "2008-09",
            "price": "7.20",
            "revenue": 769965
        },
        "2008-10": {
            "month": "2008-10",
            "price": "4.94",
            "revenue": 378033
        },
        "2008-11": {
            "month": "2008-11",
            "price": "5.11",
            "revenue": 503256
        },
        "2008-12": {
            "month": "2008-12",
            "price": "4.86",
            "revenue": 459072
        },
        "2009-01": {
            "month": "2009-01",
            "price": "4.75",
            "revenue": 403491
        },
        "2009-02": {
            "month": "2009-02",
            "price": "4.46",
            "revenue": 542424
        },
        "2009-03": {
            "month": "2009-03",
            "price": "4.86",
            "revenue": 592171
        },
        "2009-04": {
            "month": "2009-04",
            "price": "5.98",
            "revenue": 505326
        },
        "2009-05": {
            "month": "2009-05",
            "price": "6.40",
            "revenue": 489170
        },
        "2009-06": {
            "month": "2009-06",
            "price": "7.07",
            "revenue": 544966
        },
        "2009-07": {
            "month": "2009-07",
            "price": "7.21",
            "revenue": 587622
        },
        "2009-08": {
            "month": "2009-08",
            "price": "6.66",
            "revenue": 589622
        },
        "2009-09": {
            "month": "2009-09",
            "price": "6.27",
            "revenue": 533814
        },
        "2009-10": {
            "month": "2009-10",
            "price": "6.22",
            "revenue": 508902
        },
        "2009-11": {
            "month": "2009-11",
            "price": "6.00",
            "revenue": 445163
        },
        "2009-12": {
            "month": "2009-12",
            "price": "6.26",
            "revenue": 726453
        },
        "2010-01": {
            "month": "2010-01",
            "price": "7.62",
            "revenue": 661370
        },
        "2010-02": {
            "month": "2010-02",
            "price": "7.35",
            "revenue": 480753
        },
        "2010-03": {
            "month": "2010-03",
            "price": "7.93",
            "revenue": 797374
        },
        "2010-04": {
            "month": "2010-04",
            "price": "9.64",
            "revenue": 806683
        },
        "2010-05": {
            "month": "2010-05",
            "price": "8.60",
            "revenue": 567255
        },
        "2010-06": {
            "month": "2010-06",
            "price": "9.06",
            "revenue": 285691
        },
        "2010-07": {
            "month": "2010-07",
            "price": "8.60",
            "revenue": 454764
        },
        "2010-08": {
            "month": "2010-08",
            "price": "8.83",
            "revenue": 583533
        },
        "2010-09": {
            "month": "2010-09",
            "price": "9.07",
            "revenue": 575452
        },
        "2010-10": {
            "month": "2010-10",
            "price": "9.09",
            "revenue": 497907
        },
        "2010-11": {
            "month": "2010-11",
            "price": "7.28",
            "revenue": 510362
        },
        "2010-12": {
            "month": "2010-12",
            "price": "7.30",
            "revenue": 668590
        },
        "2011-01": {
            "month": "2011-01",
            "price": "7.27",
            "revenue": 567842
        },
        "2011-02": {
            "month": "2011-02",
            "price": "7.16",
            "revenue": 399896
        },
        "2011-03": {
            "month": "2011-03",
            "price": "6.52",
            "revenue": 579058
        },
        "2011-04": {
            "month": "2011-04",
            "price": "6.33",
            "revenue": 473444
        },
        "2011-05": {
            "month": "2011-05",
            "price": "5.42",
            "revenue": 412027
        },
        "2011-06": {
            "month": "2011-06",
            "price": "5.10",
            "revenue": 401781
        },
        "2011-07": {
            "month": "2011-07",
            "price": "4.91",
            "revenue": 431274
        },
        "2011-08": {
            "month": "2011-08",
            "price": "5.01",
            "revenue": 516119
        },
        "2011-09": {
            "month": "2011-09",
            "price": "4.73",
            "revenue": 392556
        },
        "2011-10": {
            "month": "2011-10",
            "price": "4.57",
            "revenue": 270189
        },
        "2011-11": {
            "month": "2011-11",
            "price": "4.49",
            "revenue": 389829
        },
        "2011-12": {
            "month": "2011-12",
            "price": "4.21",
            "revenue": 400335
        },
        "2012-01": {
            "month": "2012-01",
            "price": "4.29",
            "revenue": 342900
        },
        "2012-02": {
            "month": "2012-02",
            "price": "4.59",
            "revenue": 415116
        },
        "2012-03": {
            "month": "2012-03",
            "price": "4.81",
            "revenue": 325655
        },
        "2012-04": {
            "month": "2012-04",
            "price": "5.54",
            "revenue": 262749
        },
        "2012-05": {
            "month": "2012-05",
            "price": "5.88",
            "revenue": 185271
        },
        "2012-06": {
            "month": "2012-06",
            "price": "4.96",
            "revenue": 91907
        },
        "2012-07": {
            "month": "2012-07",
            "price": "4.97",
            "revenue": 68970
        },
        "2012-08": {
            "month": "2012-08",
            "price": "5.11",
            "revenue": 90341
        },
        "2012-09": {
            "month": "2012-09",
            "price": "7.61",
            "revenue": 78561
        },
        "2012-10": {
            "month": "2012-10",
            "price": "6.62",
            "revenue": 97616
        },
        "2012-11": {
            "month": "2012-11",
            "price": "6.31",
            "revenue": 125682
        },
        "2012-12": {
            "month": "2012-12",
            "price": "6.48",
            "revenue": 127390
        },
        "2013-01": {
            "month": "2013-01",
            "price": "6.91",
            "revenue": 116557
        },
        "2013-02": {
            "month": "2013-02",
            "price": "6.94",
            "revenue": 70213
        },
        "2013-03": {
            "month": "2013-03",
            "price": "7.45",
            "revenue": 83514
        },
        "2013-04": {
            "month": "2013-04",
            "price": "7.97",
            "revenue": 113010
        },
        "2013-05": {
            "month": "2013-05",
            "price": "8.02",
            "revenue": 92858
        },
        "2013-06": {
            "month": "2013-06",
            "price": "8.79",
            "revenue": 108972
        },
        "2013-07": {
            "month": "2013-07",
            "price": "9.45",
            "revenue": 111255
        },
        "2013-08": {
            "month": "2013-08",
            "price": "10.50",
            "revenue": 126089
        },
        "2013-09": {
            "month": "2013-09",
            "price": "11.12",
            "revenue": 107392
        },
        "2013-10": {
            "month": "2013-10",
            "price": "11.29",
            "revenue": 119215
        },
        "2013-11": {
            "month": "2013-11",
            "price": "11.80",
            "revenue": 106979
        },
        "2013-12": {
            "month": "2013-12",
            "price": "12.02",
            "revenue": 140474
        },
        "2014-01": {
            "month": "2014-01",
            "price": "14.26",
            "revenue": 114156
        },
        "2014-02": {
            "month": "2014-02",
            "price": "13.87",
            "revenue": 106105
        },
        "2014-03": {
            "month": "2014-03",
            "price": "15.02",
            "revenue": 129800
        },
        "2014-04": {
            "month": "2014-04",
            "price": "13.64",
            "revenue": 116895
        },
        "2014-05": {
            "month": "2014-05",
            "price": "12.50",
            "revenue": 112903
        },
        "2014-06": {
            "month": "2014-06",
            "price": "12.34",
            "revenue": 90112
        },
        "2014-07": {
            "month": "2014-07",
            "price": "12.27",
            "revenue": 117821
        },
        "2014-08": {
            "month": "2014-08",
            "price": "11.84",
            "revenue": 140478
        },
        "2014-09": {
            "month": "2014-09",
            "price": "11.33",
            "revenue": 96976
        },
        "2014-10": {
            "month": "2014-10",
            "price": "10.77",
            "revenue": 165437
        },
        "2014-11": {
            "month": "2014-11",
            "price": "10.63",
            "revenue": 158985
        },
        "2014-12": {
            "month": "2014-12",
            "price": "11.22",
            "revenue": 139560
        },
        "2015-01": {
            "month": "2015-01",
            "price": "11.14",
            "revenue": 121187
        },
        "2015-02": {
            "month": "2015-02",
            "price": "10.98",
            "revenue": 85370
        },
        "2015-03": {
            "month": "2015-03",
            "price": "10.80",
            "revenue": 130158
        },
        "2015-04": {
            "month": "2015-04",
            "price": "10.75",
            "revenue": 166657
        },
        "2015-05": {
            "month": "2015-05",
            "price": "10.50",
            "revenue": 116911
        },
        "2015-06": {
            "month": "2015-06",
            "price": "9.65",
            "revenue": 84800
        },
        "2015-07": {
            "month": "2015-07",
            "price": "8.90",
            "revenue": 104989
        },
        "2015-08": {
            "month": "2015-08",
            "price": "7.53",
            "revenue": 101901
        },
        "2015-09": {
            "month": "2015-09",
            "price": "8.30",
            "revenue": 76712
        },
        "2015-10": {
            "month": "2015-10",
            "price": "8.19",
            "revenue": 66387
        },
        "2015-11": {
            "month": "2015-11",
            "price": "8.58",
            "revenue": 75620
        },
        "2015-12": {
            "month": "2015-12",
            "price": "8.78",
            "revenue": 115846
        },
        "2016-01": {
            "month": "2016-01",
            "price": "8.20",
            "revenue": 122115
        },
        "2016-02": {
            "month": "2016-02",
            "price": "9.22",
            "revenue": 65737
        },
        "2016-03": {
            "month": "2016-03",
            "price": "9.21",
            "revenue": 87525
        },
        "2016-04": {
            "month": "2016-04",
            "price": "8.95",
            "revenue": 116374
        },
        "2016-05": {
            "month": "2016-05",
            "price": "8.00",
            "revenue": 86923
        },
        "2016-06": {
            "month": "2016-06",
            "price": "7.83",
            "revenue": 94597
        },
        "2016-07": {
            "month": "2016-07",
            "price": "7.96",
            "revenue": 77008
        },
        "2016-08": {
            "month": "2016-08",
            "price": "8.23",
            "revenue": 82733
        },
        "2016-09": {
            "month": "2016-09",
            "price": "8.28",
            "revenue": 63927
        },
        "2016-10": {
            "month": "2016-10",
            "price": "9.47",
            "revenue": 90696
        },
        "2016-11": {
            "month": "2016-11",
            "price": "9.66",
            "revenue": 128056
        },
        "2016-12": {
            "month": "2016-12",
            "price": "11.04",
            "revenue": 112354
        },
        "2017-01": {
            "month": "2017-01",
            "price": "10.77",
            "revenue": 57121
        },
        "2017-02": {
            "month": "2017-02",
            "price": "11.13",
            "revenue": 52048
        },
        "2017-03": {
            "month": "2017-03",
            "price": "11.03",
            "revenue": 114500
        },
        "2017-04": {
            "month": "2017-04",
            "price": "10.78",
            "revenue": 92532
        },
        "2017-05": {
            "month": "2017-05",
            "price": "10.29",
            "revenue": 97005
        },
        "2017-06": {
            "month": "2017-06",
            "price": "10.26",
            "revenue": 116717
        },
        "2017-07": {
            "month": "2017-07",
            "price": "10.03",
            "revenue": 137720
        },
        "2017-08": {
            "month": "2017-08",
            "price": "10.07",
            "revenue": 119968
        },
        "2017-09": {
            "month": "2017-09",
            "price": "10.04",
            "revenue": 133656
        },
        "2017-10": {
            "month": "2017-10",
            "price": "10.03",
            "revenue": 122016
        },
        "2017-11": {
            "month": "2017-11",
            "price": "11.12",
            "revenue": 95879
        },
        "2017-12": {
            "month": "2017-12",
            "price": "11.30",
            "revenue": 131052
        },
        "2018-01": {
            "month": "2018-01",
            "price": "12.48",
            "revenue": 123512
        },
        "2018-02": {
            "month": "2018-02",
            "price": "12.65",
            "revenue": 61443
        },
        "2018-03": {
            "month": "2018-03",
            "price": "12.67",
            "revenue": 97622
        },
        "2018-04": {
            "month": "2018-04",
            "price": "12.56",
            "revenue": 112752
        },
        "2018-05": {
            "month": "2018-05",
            "price": "12.51",
            "revenue": 135590
        },
        "2018-06": {
            "month": "2018-06",
            "price": "12.54",
            "revenue": 120969
        },
        "2018-07": {
            "month": "2018-07",
            "price": "12.53",
            "revenue": 131160
        },
        "2018-08": {
            "month": "2018-08",
            "price": "12.52",
            "revenue": 134501
        },
        "2018-09": {
            "month": "2018-09",
            "price": "12.51",
            "revenue": 129388
        },
        "2018-10": {
            "month": "2018-10",
            "price": "12.33",
            "revenue": 139109
        },
        "2018-11": {
            "month": "2018-11",
            "price": "12.40",
            "revenue": 158650
        },
        "2018-12": {
            "month": "2018-12",
            "price": "12.38",
            "revenue": 68412
        },
        "2019-01": {
            "month": "2019-01",
            "price": "12.35",
            "revenue": 142822
        },
        "2019-02": {
            "month": "2019-02",
            "price": "12.43",
            "revenue": 114718
        },
        "2019-03": {
            "month": "2019-03",
            "price": "12.43",
            "revenue": 163090
        },
        "2019-04": {
            "month": "2019-04",
            "price": "12.46",
            "revenue": 104792
        },
        "2019-05": {
            "month": "2019-05",
            "price": "12.38",
            "revenue": 106190
        },
        "2019-06": {
            "month": "2019-06",
            "price": "12.36",
            "revenue": 76011
        },
        "2019-07": {
            "month": "2019-07",
            "price": "12.36",
            "revenue": 86548
        },
        "2019-08": {
            "month": "2019-08",
            "price": "12.38",
            "revenue": 71043
        },
        "2019-09": {
            "month": "2019-09",
            "price": "12.39",
            "revenue": 74979
        },
        "2019-10": {
            "month": "2019-10",
            "price": "12.36",
            "revenue": 56484
        },
        "2019-11": {
            "month": "2019-11",
            "price": "12.36",
            "revenue": 69065
        },
        "2019-12": {
            "month": "2019-12",
            "price": "12.39",
            "revenue": 76394
        },
        "2020-01": {
            "month": "2020-01",
            "price": "12.69",
            "revenue": 74539
        },
        "2020-02": {
            "month": "2020-02",
            "price": "12.39",
            "revenue": 71100
        },
        "2020-03": {
            "month": "2020-03",
            "price": "12.26",
            "revenue": 65493
        },
        "2020-04": {
            "month": "2020-04",
            "price": "12.39",
            "revenue": 60529
        },
        "2020-05": {
            "month": "2020-05",
            "price": "12.42",
            "revenue": 67167
        },
        "2020-06": {
            "month": "2020-06",
            "price": "12.42",
            "revenue": 92052
        },
        "2020-07": {
            "month": "2020-07",
            "price": "12.47",
            "revenue": 62950
        },
        "2020-08": {
            "month": "2020-08",
            "price": "12.43",
            "revenue": 77456
        },
        "2020-09": {
            "month": "2020-09",
            "price": "13.30",
            "revenue": 89423
        },
        "2020-10": {
            "month": "2020-10",
            "price": "13.33",
            "revenue": 95624
        },
        "2020-11": {
            "month": "2020-11",
            "price": "13.29",
            "revenue": 95820
        },
        "2020-12": {
            "month": "2020-12",
            "price": "15.49",
            "revenue": 110358
        },
        "2021-01": {
            "month": "2021-01",
            "price": "15.34",
            "revenue": 99906
        },
        "2021-02": {
            "month": "2021-02",
            "price": "14.32",
            "revenue": 63399
        },
        "2021-03": {
            "month": "2021-03",
            "price": "16.36",
            "revenue": 110361
        },
        "2021-04": {
            "month": "2021-04",
            "price": "19.13",
            "revenue": 127751
        },
        "2021-05": {
            "month": "2021-05",
            "price": "17.68",
            "revenue": 130587
        },
        "2021-06": {
            "month": "2021-06",
            "price": "19.88",
            "revenue": 130418
        },
        "2021-07": {
            "month": "2021-07",
            "price": "24.90",
            "revenue": 174694
        },
        "2021-08": {
            "month": "2021-08",
            "price": "23.79",
            "revenue": 158453
        },
        "2021-09": {
            "month": "2021-09",
            "price": "21.90",
            "revenue": 152471
        },
        "2021-10": {
            "month": "2021-10",
            "price": "18.59",
            "revenue": 137643
        },
        "2021-11": {
            "month": "2021-11",
            "price": "19.17",
            "revenue": 134729
        },
        "2021-12": {
            "month": "2021-12",
            "price": "19.90",
            "revenue": 130213
        },
        "2022-01": {
            "month": "2022-01",
            "price": "19.17",
            "revenue": 138823
        },
        "2022-02": {
            "month": "2022-02",
            "price": "19.44",
            "revenue": 171315
        },
        "2022-03": {
            "month": "2022-03",
            "price": "19.75",
            "revenue": 129647
        },
        "2022-04": {
            "month": "2022-04",
            "price": "18.76",
            "revenue": 237669
        },
        "2022-05": {
            "month": "2022-05",
            "price": "16.59",
            "revenue": 165634
        },
        "2022-06": {
            "month": "2022-06",
            "price": "17.09",
            "revenue": 219443
        },
        "2022-07": {
            "month": "2022-07",
            "price": "16.49",
            "revenue": 227765
        },
        "2022-08": {
            "month": "2022-08",
            "price": "17.05",
            "revenue": 223797
        },
        "2022-09": {
            "month": "2022-09",
            "price": "16.77",
            "revenue": 158637
        },
        "2022-10": {
            "month": "2022-10",
            "price": "16.60",
            "revenue": 150181
        },
        "2022-11": {
            "month": "2022-11",
            "price": "16.95",
            "revenue": 190464
        },
        "2022-12": {
            "month": "2022-12",
            "price": "17.38",
            "revenue": 202679
        },
        "2023-01": {
            "month": "2023-01",
            "price": "18.21",
            "revenue": 145190
        },
        "2023-02": {
            "month": "2023-02",
            "price": "18.45",
            "revenue": 162425
        },
        "2023-03": {
            "month": "2023-03",
            "price": "19.51",
            "revenue": 124029
        },
        "2023-04": {
            "month": "2023-04",
            "price": "19.74",
            "revenue": 120084
        },
        "2023-05": {
            "month": "2023-05",
            "price": "19.53",
            "revenue": 115038
        },
        "2023-06": {
            "month": "2023-06",
            "price": "19.70",
            "revenue": 103003
        },
        "2023-07": {
            "month": "2023-07",
            "price": "19.74",
            "revenue": 117369
        },
        "2023-08": {
            "month": "2023-08",
            "price": "19.76",
            "revenue": 129029
        },
        "2023-09": {
            "month": "2023-09",
            "price": "21.02",
            "revenue": 120726
        }
    }
}
