{
    "summary": {
        "stock_name": "第一銅",
        "stock_id": "2009",
        "category": "鋼鐵",
        "main_business": "各種銅製品與銅片之製銷與加工,廢銅鐵之買賣及舊廢船之解體<br>印刷電路基板用銅箔,積體電路及各種電路用引線架之製造買賣貿易<br>以銅為基材之電子材料及原料製造買賣及外銷貿易",
        "website_url": "http://www.fcht.com.tw",
        "ceo": "洪茂陽",
        "pe_ratio": 61,
        "report_year_from": 2001,
        "report_year_to": 2023,
        "age": 22,
        "eps_negative_percentage": 26,
        "eps_growth_avg": {
            "last_all": -7.84,
            "last_2y": 22.88,
            "last_4y": -30.79,
            "last_8y": -20.53,
            "last_12y": -21.75,
            "last_16y": -18.24,
            "last_20y": -7.84,
            "at_2006_last_3y": 50.31,
            "at_2007_last_3y": 26.88,
            "at_2008_last_3y": -5.45,
            "at_2009_last_3y": -7.71,
            "at_2010_last_3y": -51.9,
            "at_2011_last_3y": -77.53,
            "at_2012_last_3y": -66.29,
            "at_2013_last_3y": -24.19,
            "at_2014_last_3y": 20,
            "at_2015_last_3y": 20,
            "at_2016_last_3y": 20,
            "at_2017_last_3y": 0,
            "at_2018_last_3y": -84.46,
            "at_2019_last_3y": -84.46,
            "at_2020_last_3y": -84.46,
            "at_2021_last_3y": -22.97,
            "at_2022_last_3y": -18.08,
            "at_2023_last_3y": -18.08,
            "at_2006_last_all": 50.31,
            "at_2007_last_all": 35.62,
            "at_2008_last_all": 13.02,
            "at_2009_last_all": 13.02,
            "at_2010_last_all": 6.5,
            "at_2011_last_all": -6.81,
            "at_2012_last_all": -6.81,
            "at_2013_last_all": 0.61,
            "at_2014_last_all": 10.55,
            "at_2015_last_all": 0.5,
            "at_2016_last_all": 0.5,
            "at_2017_last_all": 0.5,
            "at_2018_last_all": -5.28,
            "at_2019_last_all": -12.57,
            "at_2020_last_all": -12.57,
            "at_2021_last_all": -4.53,
            "at_2022_last_all": -7.84,
            "at_2023_last_all": -7.84
        },
        "latest_eps": 0.53,
        "latest_price": 32.4,
        "latest_roe": 3.4,
        "latest_gross_margin": 2.44,
        "latest_equity": 4743920,
        "latest_revenue": 627710,
        "latest_gross_profit": 15319,
        "latest_net_income": 3540,
        "latest_debt_ratio": 29.33,
        "latest_current_ratio": 134.59,
        "latest_account_receivable_turnover_ratio": 3.98,
        "latest_inventory_turnover_ratio": 0.31,
        "latest_reinvestment_rate": 33.66,
        "latest_research_to_sale_ratio": null
    },
    "eps_dividends": {
        "1990": {
            "cash": 0,
            "stock": 3,
            "eps": 0
        },
        "1991": {
            "cash": 0,
            "stock": 1,
            "eps": 0
        },
        "1992": {
            "cash": 0,
            "stock": 1,
            "eps": 0
        },
        "1993": {
            "cash": 0.5,
            "stock": 1,
            "eps": 0
        },
        "1994": {
            "cash": 0,
            "stock": 1,
            "eps": 0
        },
        "1995": {
            "cash": 0.5,
            "stock": 0.5,
            "eps": 0
        },
        "1996": {
            "cash": 0,
            "stock": 0.5,
            "eps": 0
        },
        "1997": {
            "cash": 0,
            "stock": 0.5,
            "eps": 0
        },
        "1998": {
            "cash": 0,
            "stock": 0.5,
            "eps": 0
        },
        "1999": {
            "cash": 0,
            "stock": 0.5,
            "eps": 0
        },
        "2000": {
            "cash": 0.2,
            "stock": 0.4,
            "eps": 0
        },
        "2001": {
            "cash": 0,
            "stock": 0,
            "eps": -0.69
        },
        "2002": {
            "cash": 0,
            "stock": 0,
            "eps": 0.34
        },
        "2003": {
            "cash": 0.05,
            "stock": 0.05,
            "eps": 0.58
        },
        "2004": {
            "cash": 0.49,
            "stock": 0,
            "eps": 0.75
        },
        "2005": {
            "cash": 0.6,
            "stock": 0,
            "eps": 0.76
        },
        "2006": {
            "cash": 0.3,
            "stock": 0,
            "eps": 1.6
        },
        "2007": {
            "cash": 1.4,
            "stock": 0,
            "eps": 1.23
        },
        "2008": {
            "cash": 0.9,
            "stock": 0,
            "eps": -1.77
        },
        "2009": {
            "cash": 0,
            "stock": 0,
            "eps": 1.78
        },
        "2010": {
            "cash": 0.6,
            "stock": 0,
            "eps": 1.2
        },
        "2011": {
            "cash": 1.1,
            "stock": 0,
            "eps": -0.09
        },
        "2012": {
            "cash": 0,
            "stock": 0,
            "eps": 0.05
        },
        "2013": {
            "cash": 0,
            "stock": 0,
            "eps": 0.08
        },
        "2014": {
            "cash": 0.5,
            "stock": 0,
            "eps": 0.36
        },
        "2015": {
            "cash": 0.4,
            "stock": 0,
            "eps": -0.95
        },
        "2016": {
            "cash": 0,
            "stock": 0,
            "eps": -0.44
        },
        "2017": {
            "cash": 0,
            "stock": 0,
            "eps": 0.74
        },
        "2018": {
            "cash": 0,
            "stock": 0,
            "eps": 0.23
        },
        "2019": {
            "cash": 0,
            "stock": 0,
            "eps": -0.28
        },
        "2020": {
            "cash": 0,
            "stock": 0,
            "eps": 0.22
        },
        "2021": {
            "cash": 0.8,
            "stock": 0,
            "eps": 1.18
        },
        "2022": {
            "cash": 1,
            "stock": 0,
            "eps": 0.54
        },
        "2023": {
            "cash": 0.4,
            "stock": 0,
            "eps": 0.01
        }
    },
    "dividends": {
        "1990-05-21": {
            "cash": 0,
            "stock": 3
        },
        "1991-06-17": {
            "cash": 0,
            "stock": 1
        },
        "1992-05-26": {
            "cash": 0,
            "stock": 1
        },
        "1993-05-25": {
            "cash": 0.5,
            "stock": 1
        },
        "1994-05-24": {
            "cash": 0,
            "stock": 1
        },
        "1995-06-20": {
            "cash": 0.5,
            "stock": 0.5
        },
        "1996-06-26": {
            "cash": 0,
            "stock": 0.5
        },
        "1997-06-19": {
            "cash": 0,
            "stock": 0.5
        },
        "1998-05-27": {
            "cash": 0,
            "stock": 0.5
        },
        "1999-06-15": {
            "cash": 0,
            "stock": 0.5
        },
        "2000-06-20": {
            "cash": 0.2,
            "stock": 0.4
        },
        "2003-04-01": {
            "cash": 0.05,
            "stock": 0.05
        },
        "2004-03-30": {
            "cash": 0.49,
            "stock": 0
        },
        "2005-03-28": {
            "cash": 0.6,
            "stock": 0
        },
        "2006-03-27": {
            "cash": 0.3,
            "stock": 0
        },
        "2007-03-26": {
            "cash": 1.4,
            "stock": 0
        },
        "2008-03-21": {
            "cash": 0.9,
            "stock": 0
        },
        "2010-03-22": {
            "cash": 0.6,
            "stock": 0
        },
        "2011-03-28": {
            "cash": 1.1,
            "stock": 0
        },
        "2014-06-19": {
            "cash": 0.5,
            "stock": 0
        },
        "2015-08-27": {
            "cash": 0.4,
            "stock": 0
        },
        "2021-10-14": {
            "cash": 0.8,
            "stock": 0
        },
        "2022-08-18": {
            "cash": 1,
            "stock": 0
        },
        "2023-03-06": {
            "cash": 0.4,
            "stock": 0
        }
    },
    "prices": {
        "200101": "4.54",
        "200102": "5.96",
        "200103": "5.56",
        "200104": "5.05",
        "200105": "3.76",
        "200106": "3.39",
        "200107": "3.22",
        "200108": "3.11",
        "200109": "2.60",
        "200110": "2.57",
        "200111": "2.62",
        "200112": "2.93",
        "200201": "3.02",
        "200202": "3.01",
        "200203": "4.36",
        "200204": "6.22",
        "200205": "6.03",
        "200206": "6.37",
        "200207": "5.75",
        "200208": "4.97",
        "200209": "4.34",
        "200210": "4.24",
        "200211": "5.45",
        "200212": "6.00",
        "200301": "8.22",
        "200302": "8.40",
        "200303": "6.93",
        "200304": "6.58",
        "200305": "6.08",
        "200306": "7.41",
        "200307": "8.28",
        "200308": "7.68",
        "200309": "7.08",
        "200310": "8.09",
        "200311": "8.67",
        "200312": "9.14",
        "200401": "12.09",
        "200402": "13.94",
        "200403": "13.92",
        "200404": "13.53",
        "200405": "10.17",
        "200406": "11.61",
        "200407": "11.23",
        "200408": "10.24",
        "200409": "12.72",
        "200410": "14.44",
        "200411": "13.18",
        "200412": "13.40",
        "200501": "13.08",
        "200502": "13.39",
        "200503": "12.79",
        "200504": "10.61",
        "200505": "8.59",
        "200506": "10.60",
        "200507": "10.66",
        "200508": "11.47",
        "200509": "10.87",
        "200510": "9.69",
        "200511": "9.09",
        "200512": "9.40",
        "200601": "10.04",
        "200602": "10.50",
        "200603": "10.00",
        "200604": "12.70",
        "200605": "13.07",
        "200606": "10.86",
        "200607": "11.46",
        "200608": "11.67",
        "200609": "11.60",
        "200610": "13.69",
        "200611": "14.04",
        "200612": "15.27",
        "200701": "16.23",
        "200702": "14.70",
        "200703": "15.23",
        "200704": "17.06",
        "200705": "15.94",
        "200706": "15.94",
        "200707": "16.45",
        "200708": "13.32",
        "200709": "13.69",
        "200710": "13.98",
        "200711": "13.03",
        "200712": "11.78",
        "200801": "11.37",
        "200802": "12.34",
        "200803": "12.91",
        "200804": "14.13",
        "200805": "13.86",
        "200806": "12.84",
        "200807": "10.16",
        "200808": "8.83",
        "200809": "7.04",
        "200810": "5.80",
        "200811": "5.45",
        "200812": "5.30",
        "200901": "5.35",
        "200902": "5.25",
        "200903": "6.20",
        "200904": "8.03",
        "200905": "8.26",
        "200906": "8.02",
        "200907": "7.92",
        "200908": "9.35",
        "200909": "9.46",
        "200910": "9.91",
        "200911": "11.65",
        "200912": "12.48",
        "201001": "14.26",
        "201002": "13.75",
        "201003": "15.19",
        "201004": "15.73",
        "201005": "13.74",
        "201006": "12.71",
        "201007": "13.09",
        "201008": "13.60",
        "201009": "13.92",
        "201010": "14.27",
        "201011": "13.87",
        "201012": "14.28",
        "201101": "14.29",
        "201102": "14.07",
        "201103": "13.47",
        "201104": "14.18",
        "201105": "13.93",
        "201106": "13.73",
        "201107": "13.60",
        "201108": "11.18",
        "201109": "10.35",
        "201110": "9.30",
        "201111": "8.81",
        "201112": "8.08",
        "201201": "8.28",
        "201202": "9.87",
        "201203": "9.64",
        "201204": "8.10",
        "201205": "7.71",
        "201206": "7.10",
        "201207": "7.14",
        "201208": "7.49",
        "201209": "8.43",
        "201210": "9.76",
        "201211": "9.90",
        "201212": "10.16",
        "201301": "10.33",
        "201302": "9.67",
        "201303": "9.16",
        "201304": "9.04",
        "201305": "9.13",
        "201306": "9.14",
        "201307": "9.33",
        "201308": "9.14",
        "201309": "9.05",
        "201310": "9.20",
        "201311": "9.83",
        "201312": "10.88",
        "201401": "11.08",
        "201402": "10.76",
        "201403": "10.55",
        "201404": "10.73",
        "201405": "10.49",
        "201406": "10.45",
        "201407": "10.11",
        "201408": "10.47",
        "201409": "10.69",
        "201410": "10.37",
        "201411": "10.18",
        "201412": "10.04",
        "201501": "9.92",
        "201502": "9.80",
        "201503": "9.76",
        "201504": "9.98",
        "201505": "9.77",
        "201506": "9.03",
        "201507": "8.32",
        "201508": "6.89",
        "201509": "6.85",
        "201510": "7.45",
        "201511": "7.05",
        "201512": "6.69",
        "201601": "6.42",
        "201602": "6.63",
        "201603": "7.57",
        "201604": "7.15",
        "201605": "6.66",
        "201606": "6.50",
        "201607": "6.78",
        "201608": "6.64",
        "201609": "6.61",
        "201610": "6.67",
        "201611": "7.62",
        "201612": "7.68",
        "201701": "7.50",
        "201702": "9.73",
        "201703": "10.79",
        "201704": "9.38",
        "201705": "8.71",
        "201706": "9.04",
        "201707": "9.81",
        "201708": "10.97",
        "201709": "10.39",
        "201710": "10.51",
        "201711": "10.70",
        "201712": "10.84",
        "201801": "13.45",
        "201802": "11.87",
        "201803": "11.68",
        "201804": "11.66",
        "201805": "11.20",
        "201806": "11.05",
        "201807": "10.22",
        "201808": "10.25",
        "201809": "10.18",
        "201810": "9.45",
        "201811": "9.26",
        "201812": "9.68",
        "201901": "9.85",
        "201902": "10.05",
        "201903": "10.39",
        "201904": "10.38",
        "201905": "10.08",
        "201906": "10.17",
        "201907": "10.23",
        "201908": "9.68",
        "201909": "9.81",
        "201910": "9.53",
        "201911": "9.31",
        "201912": "9.37",
        "202001": "9.35",
        "202002": "8.69",
        "202003": "6.95",
        "202004": "7.12",
        "202005": "7.33",
        "202006": "7.52",
        "202007": "8.18",
        "202008": "8.02",
        "202009": "9.41",
        "202010": "9.56",
        "202011": "10.67",
        "202012": "20.82",
        "202101": "25.10",
        "202102": "27.52",
        "202103": "30.27",
        "202104": "42.68",
        "202105": "59.28",
        "202106": "63.65",
        "202107": "58.40",
        "202108": "54.01",
        "202109": "50.82",
        "202110": "45.16",
        "202111": "44.84",
        "202112": "43.62",
        "202201": "42.56",
        "202202": "43.43",
        "202203": "46.27",
        "202204": "42.83",
        "202205": "34.13",
        "202206": "31.10",
        "202207": "27.59",
        "202208": "27.39",
        "202209": "24.32",
        "202210": "23.20",
        "202211": "30.73",
        "202212": "31.17",
        "202301": "31.49",
        "202302": "36.37",
        "202303": "34.20",
        "202304": "33.78",
        "202305": "32.08",
        "202306": "32.74"
    },
    "quarters": {
        "20011": {
            "year_quarter": 20011,
            "year": 2001,
            "quarter": 1,
            "eps": 0.17,
            "eps_growth_year": -50,
            "eps_4q": 0.2,
            "eps_4q_growth_year": -77.66,
            "roe": 1.8,
            "roe_4q": 1.8,
            "gross_profit": 73311,
            "gross_margin": 10.9,
            "gross_margin_4q_avg": 10.9,
            "net_income": 62434,
            "revenue": 672461,
            "common_shares": 3578330,
            "book_valuer_per_share": 10.02,
            "book_valuer_per_share_4q_avg": 10.02,
            "equity": 3587261,
            "current_ratio": 153.36,
            "debt_ratio": 29.17,
            "inventory_turnover_ratio": 0.96,
            "account_receivable_turnover_ratio": null,
            "reinvestment_rate": null,
            "research_to_sale_ratio": null,
            "price_fair": 0,
            "eps_avg_yearly": 0,
            "eps_latest_yearly": 0,
            "eps_growth_yearly": 0
        },
        "20012": {
            "year_quarter": 20012,
            "year": 2001,
            "quarter": 2,
            "eps": -0.65,
            "eps_growth_year": -912.5,
            "eps_4q": -0.52,
            "eps_4q_growth_year": -161.89,
            "roe": -6.58,
            "roe_4q": -4.78,
            "gross_profit": 51039,
            "gross_margin": 7.68,
            "gross_margin_4q_avg": 9.29,
            "net_income": -233773,
            "revenue": 664765,
            "common_shares": 3578330,
            "book_valuer_per_share": 9.83,
            "book_valuer_per_share_4q_avg": 9.93,
            "equity": 3518868,
            "current_ratio": 216.75,
            "debt_ratio": 26.72,
            "inventory_turnover_ratio": 0.96,
            "account_receivable_turnover_ratio": null,
            "reinvestment_rate": null,
            "research_to_sale_ratio": null,
            "price_fair": 0,
            "eps_avg_yearly": 0,
            "eps_latest_yearly": 0,
            "eps_growth_yearly": 0
        },
        "20013": {
            "year_quarter": 20013,
            "year": 2001,
            "quarter": 3,
            "eps": 0.04,
            "eps_growth_year": -33.33,
            "eps_4q": -0.56,
            "eps_4q_growth_year": -186.69,
            "roe": 0.39,
            "roe_4q": -4.390000000000001,
            "gross_profit": 69137,
            "gross_margin": 10.13,
            "gross_margin_4q_avg": 9.57,
            "net_income": 13813,
            "revenue": 682613,
            "common_shares": 3578330,
            "book_valuer_per_share": 9.79,
            "book_valuer_per_share_4q_avg": 9.88,
            "equity": 3502941,
            "current_ratio": 188.43,
            "debt_ratio": 28.79,
            "inventory_turnover_ratio": 1.16,
            "account_receivable_turnover_ratio": null,
            "reinvestment_rate": null,
            "research_to_sale_ratio": null,
            "price_fair": 0,
            "eps_avg_yearly": 0,
            "eps_latest_yearly": 0,
            "eps_growth_yearly": 0
        },
        "20014": {
            "year_quarter": 20014,
            "year": 2001,
            "quarter": 4,
            "eps": -0.25,
            "eps_growth_year": null,
            "eps_4q": -0.69,
            "eps_4q_growth_year": -291.67,
            "roe": -2.54,
            "roe_4q": -6.930000000000001,
            "gross_profit": 34814,
            "gross_margin": 7.45,
            "gross_margin_4q_avg": 9.04,
            "net_income": -87706,
            "revenue": 467476,
            "common_shares": 3578330,
            "book_valuer_per_share": 9.54,
            "book_valuer_per_share_4q_avg": 9.8,
            "equity": 3415064,
            "current_ratio": 161.22,
            "debt_ratio": 31.41,
            "inventory_turnover_ratio": 0.85,
            "account_receivable_turnover_ratio": null,
            "reinvestment_rate": null,
            "research_to_sale_ratio": null,
            "price_fair": 0,
            "eps_avg_yearly": 0,
            "eps_latest_yearly": 0,
            "eps_growth_yearly": 0
        },
        "20021": {
            "year_quarter": 20021,
            "year": 2002,
            "quarter": 1,
            "eps": 0.1,
            "eps_growth_year": -41.18,
            "eps_4q": -0.77,
            "eps_4q_growth_year": -479.74,
            "roe": 1.02,
            "roe_4q": -7.71,
            "gross_profit": 55960,
            "gross_margin": 9.66,
            "gross_margin_4q_avg": 8.73,
            "net_income": 35292,
            "revenue": 579076,
            "common_shares": 3578330,
            "book_valuer_per_share": 9.77,
            "book_valuer_per_share_4q_avg": 9.73,
            "equity": 3496507,
            "current_ratio": 156.29,
            "debt_ratio": 33.14,
            "inventory_turnover_ratio": 0.97,
            "account_receivable_turnover_ratio": null,
            "reinvestment_rate": null,
            "research_to_sale_ratio": null,
            "price_fair": 0,
            "eps_avg_yearly": 0,
            "eps_latest_yearly": 0,
            "eps_growth_yearly": 0
        },
        "20022": {
            "year_quarter": 20022,
            "year": 2002,
            "quarter": 2,
            "eps": 0.09,
            "eps_growth_year": null,
            "eps_4q": -0.02,
            "eps_4q_growth_year": null,
            "roe": 0.87,
            "roe_4q": -0.2599999999999999,
            "gross_profit": 94129,
            "gross_margin": 11.43,
            "gross_margin_4q_avg": 9.67,
            "net_income": 30544,
            "revenue": 823695,
            "common_shares": 3578330,
            "book_valuer_per_share": 9.93,
            "book_valuer_per_share_4q_avg": 9.76,
            "equity": 3553038,
            "current_ratio": 202.18,
            "debt_ratio": 27.35,
            "inventory_turnover_ratio": 1.38,
            "account_receivable_turnover_ratio": null,
            "reinvestment_rate": null,
            "research_to_sale_ratio": null,
            "price_fair": 1.08,
            "eps_avg_yearly": 0.36,
            "eps_latest_yearly": 0.36,
            "eps_growth_yearly": -40
        },
        "20023": {
            "year_quarter": 20023,
            "year": 2002,
            "quarter": 3,
            "eps": 0.18,
            "eps_growth_year": 350,
            "eps_4q": 0.12,
            "eps_4q_growth_year": null,
            "roe": 1.82,
            "roe_4q": 1.17,
            "gross_profit": 74176,
            "gross_margin": 10.06,
            "gross_margin_4q_avg": 9.65,
            "net_income": 65232,
            "revenue": 737271,
            "common_shares": 3578330,
            "book_valuer_per_share": 10.08,
            "book_valuer_per_share_4q_avg": 9.83,
            "equity": 3607538,
            "current_ratio": 227.28,
            "debt_ratio": 25.55,
            "inventory_turnover_ratio": 1.26,
            "account_receivable_turnover_ratio": null,
            "reinvestment_rate": null,
            "research_to_sale_ratio": null,
            "price_fair": 18.9,
            "eps_avg_yearly": 0.54,
            "eps_latest_yearly": 0.72,
            "eps_growth_yearly": 180
        },
        "20024": {
            "year_quarter": 20024,
            "year": 2002,
            "quarter": 4,
            "eps": -0.03,
            "eps_growth_year": null,
            "eps_4q": 0.33,
            "eps_4q_growth_year": null,
            "roe": -0.33,
            "roe_4q": 3.38,
            "gross_profit": 93723,
            "gross_margin": 12.72,
            "gross_margin_4q_avg": 10.97,
            "net_income": -12045,
            "revenue": 736843,
            "common_shares": 3578330,
            "book_valuer_per_share": 10.15,
            "book_valuer_per_share_4q_avg": 9.98,
            "equity": 3633350,
            "current_ratio": 251.68,
            "debt_ratio": 23.98,
            "inventory_turnover_ratio": 1.12,
            "account_receivable_turnover_ratio": null,
            "reinvestment_rate": 39.19,
            "research_to_sale_ratio": null,
            "price_fair": 18.9,
            "eps_avg_yearly": 0.54,
            "eps_latest_yearly": 0.72,
            "eps_growth_yearly": 180
        },
        "20031": {
            "year_quarter": 20031,
            "year": 2003,
            "quarter": 1,
            "eps": 0.13,
            "eps_growth_year": 30,
            "eps_4q": 0.36,
            "eps_4q_growth_year": null,
            "roe": 1.27,
            "roe_4q": 3.63,
            "gross_profit": 65444,
            "gross_margin": 9.34,
            "gross_margin_4q_avg": 10.89,
            "net_income": 46793,
            "revenue": 700487,
            "common_shares": 3578330,
            "book_valuer_per_share": 10.38,
            "book_valuer_per_share_4q_avg": 10.14,
            "equity": 3714488,
            "current_ratio": 261.54,
            "debt_ratio": 22.66,
            "inventory_turnover_ratio": 1.03,
            "account_receivable_turnover_ratio": null,
            "reinvestment_rate": 42.11,
            "research_to_sale_ratio": null,
            "price_fair": 18.9,
            "eps_avg_yearly": 0.54,
            "eps_latest_yearly": 0.72,
            "eps_growth_yearly": 180
        },
        "20032": {
            "year_quarter": 20032,
            "year": 2003,
            "quarter": 2,
            "eps": 0.12,
            "eps_growth_year": 33.33,
            "eps_4q": 0.4,
            "eps_4q_growth_year": null,
            "roe": 1.16,
            "roe_4q": 3.92,
            "gross_profit": 67839,
            "gross_margin": 9.1,
            "gross_margin_4q_avg": 10.31,
            "net_income": 43220,
            "revenue": 745158,
            "common_shares": 3578330,
            "book_valuer_per_share": 10.47,
            "book_valuer_per_share_4q_avg": 10.27,
            "equity": 3747467,
            "current_ratio": 242.88,
            "debt_ratio": 23.35,
            "inventory_turnover_ratio": 1.15,
            "account_receivable_turnover_ratio": null,
            "reinvestment_rate": 47.28,
            "research_to_sale_ratio": null,
            "price_fair": 18.2,
            "eps_avg_yearly": 0.52,
            "eps_latest_yearly": 0.48,
            "eps_growth_yearly": 109.74
        },
        "20033": {
            "year_quarter": 20033,
            "year": 2003,
            "quarter": 3,
            "eps": 0.24,
            "eps_growth_year": 33.33,
            "eps_4q": 0.46,
            "eps_4q_growth_year": 285.55,
            "roe": 2.23,
            "roe_4q": 4.33,
            "gross_profit": 64584,
            "gross_margin": 8.74,
            "gross_margin_4q_avg": 9.98,
            "net_income": 84551,
            "revenue": 739373,
            "common_shares": 3596222,
            "book_valuer_per_share": 10.62,
            "book_valuer_per_share_4q_avg": 10.41,
            "equity": 3818847,
            "current_ratio": 429.18,
            "debt_ratio": 16.92,
            "inventory_turnover_ratio": 1.09,
            "account_receivable_turnover_ratio": null,
            "reinvestment_rate": 44.54,
            "research_to_sale_ratio": null,
            "price_fair": 22.05,
            "eps_avg_yearly": 0.63,
            "eps_latest_yearly": 0.96,
            "eps_growth_yearly": 182.31
        },
        "20034": {
            "year_quarter": 20034,
            "year": 2003,
            "quarter": 4,
            "eps": 0.09,
            "eps_growth_year": null,
            "eps_4q": 0.58,
            "eps_4q_growth_year": 76.1,
            "roe": 0.83,
            "roe_4q": 5.49,
            "gross_profit": 81949,
            "gross_margin": 9.6,
            "gross_margin_4q_avg": 9.2,
            "net_income": 31990,
            "revenue": 853389,
            "common_shares": 3596222,
            "book_valuer_per_share": 10.76,
            "book_valuer_per_share_4q_avg": 10.56,
            "equity": 3871127,
            "current_ratio": 264.45,
            "debt_ratio": 23.58,
            "inventory_turnover_ratio": 1.14,
            "account_receivable_turnover_ratio": null,
            "reinvestment_rate": -34.38,
            "research_to_sale_ratio": null,
            "price_fair": 20.16,
            "eps_avg_yearly": 0.58,
            "eps_latest_yearly": 0.36,
            "eps_growth_yearly": 95.85
        },
        "20041": {
            "year_quarter": 20041,
            "year": 2004,
            "quarter": 1,
            "eps": 0.25,
            "eps_growth_year": 92.31,
            "eps_4q": 0.69,
            "eps_4q_growth_year": 90.55,
            "roe": 2.28,
            "roe_4q": 6.5,
            "gross_profit": 138854,
            "gross_margin": 14.28,
            "gross_margin_4q_avg": 10.43,
            "net_income": 90574,
            "revenue": 972209,
            "common_shares": 3596222,
            "book_valuer_per_share": 11.33,
            "book_valuer_per_share_4q_avg": 10.8,
            "equity": 4075744,
            "current_ratio": 309.89,
            "debt_ratio": 21.24,
            "inventory_turnover_ratio": 1.06,
            "account_receivable_turnover_ratio": null,
            "reinvestment_rate": -40.01,
            "research_to_sale_ratio": null,
            "price_fair": 22.63,
            "eps_avg_yearly": 0.65,
            "eps_latest_yearly": 1,
            "eps_growth_yearly": 198.39
        },
        "20042": {
            "year_quarter": 20042,
            "year": 2004,
            "quarter": 2,
            "eps": 0.26,
            "eps_growth_year": 116.67,
            "eps_4q": 0.83,
            "eps_4q_growth_year": 109.84,
            "roe": 2.34,
            "roe_4q": 7.68,
            "gross_profit": 144823,
            "gross_margin": 12.95,
            "gross_margin_4q_avg": 11.39,
            "net_income": 93762,
            "revenue": 1118653,
            "common_shares": 3596222,
            "book_valuer_per_share": 10.92,
            "book_valuer_per_share_4q_avg": 10.91,
            "equity": 3925373,
            "current_ratio": 230.27,
            "debt_ratio": 26.85,
            "inventory_turnover_ratio": 0.91,
            "account_receivable_turnover_ratio": null,
            "reinvestment_rate": -53.03,
            "research_to_sale_ratio": null,
            "price_fair": 24.6,
            "eps_avg_yearly": 0.7,
            "eps_latest_yearly": 1.04,
            "eps_growth_yearly": 172.33
        },
        "20043": {
            "year_quarter": 20043,
            "year": 2004,
            "quarter": 3,
            "eps": 0.2,
            "eps_growth_year": -16.67,
            "eps_4q": 0.8,
            "eps_4q_growth_year": 74.28,
            "roe": 1.81,
            "roe_4q": 7.26,
            "gross_profit": 83907,
            "gross_margin": 8.11,
            "gross_margin_4q_avg": 11.24,
            "net_income": 71635,
            "revenue": 1034496,
            "common_shares": 3596222,
            "book_valuer_per_share": 11.07,
            "book_valuer_per_share_4q_avg": 11.02,
            "equity": 3979740,
            "current_ratio": 251.8,
            "debt_ratio": 25.72,
            "inventory_turnover_ratio": 0.74,
            "account_receivable_turnover_ratio": null,
            "reinvestment_rate": -84.65,
            "research_to_sale_ratio": null,
            "price_fair": 25.03,
            "eps_avg_yearly": 0.72,
            "eps_latest_yearly": 0.8,
            "eps_growth_yearly": 139.25
        },
        "20044": {
            "year_quarter": 20044,
            "year": 2004,
            "quarter": 4,
            "eps": 0.04,
            "eps_growth_year": -55.56,
            "eps_4q": 0.69,
            "eps_4q_growth_year": 17.96,
            "roe": 0.4,
            "roe_4q": 6.83,
            "gross_profit": 106775,
            "gross_margin": 9.71,
            "gross_margin_4q_avg": 11.26,
            "net_income": 15862,
            "revenue": 1099961,
            "common_shares": 3596222,
            "book_valuer_per_share": 11.08,
            "book_valuer_per_share_4q_avg": 11.1,
            "equity": 3985996,
            "current_ratio": 199.81,
            "debt_ratio": 32.3,
            "inventory_turnover_ratio": 0.77,
            "account_receivable_turnover_ratio": null,
            "reinvestment_rate": -77.47,
            "research_to_sale_ratio": null,
            "price_fair": 22.87,
            "eps_avg_yearly": 0.65,
            "eps_latest_yearly": 0.16,
            "eps_growth_yearly": 88.23
        },
        "20051": {
            "year_quarter": 20051,
            "year": 2005,
            "quarter": 1,
            "eps": 0.21,
            "eps_growth_year": -16,
            "eps_4q": 0.71,
            "eps_4q_growth_year": 3.39,
            "roe": 1.86,
            "roe_4q": 6.41,
            "gross_profit": 103253,
            "gross_margin": 10.27,
            "gross_margin_4q_avg": 10.26,
            "net_income": 75468,
            "revenue": 1005111,
            "common_shares": 3596222,
            "book_valuer_per_share": 11.5,
            "book_valuer_per_share_4q_avg": 11.14,
            "equity": 4135010,
            "current_ratio": 359.02,
            "debt_ratio": 18.75,
            "inventory_turnover_ratio": 0.73,
            "account_receivable_turnover_ratio": null,
            "reinvestment_rate": -122.94,
            "research_to_sale_ratio": null,
            "price_fair": 23.52,
            "eps_avg_yearly": 0.67,
            "eps_latest_yearly": 0.84,
            "eps_growth_yearly": 249.4
        },
        "20052": {
            "year_quarter": 20052,
            "year": 2005,
            "quarter": 2,
            "eps": 0.28,
            "eps_growth_year": 7.69,
            "eps_4q": 0.73,
            "eps_4q_growth_year": -12.36,
            "roe": 2.49,
            "roe_4q": 6.5600000000000005,
            "gross_profit": 113985,
            "gross_margin": 10.01,
            "gross_margin_4q_avg": 9.53,
            "net_income": 101133,
            "revenue": 1138555,
            "common_shares": 3596222,
            "book_valuer_per_share": 11.06,
            "book_valuer_per_share_4q_avg": 11.18,
            "equity": 3976473,
            "current_ratio": 309.39,
            "debt_ratio": 20.76,
            "inventory_turnover_ratio": 0.87,
            "account_receivable_turnover_ratio": null,
            "reinvestment_rate": -68.42,
            "research_to_sale_ratio": null,
            "price_fair": 24.95,
            "eps_avg_yearly": 0.71,
            "eps_latest_yearly": 1.12,
            "eps_growth_yearly": 238.85
        },
        "20053": {
            "year_quarter": 20053,
            "year": 2005,
            "quarter": 3,
            "eps": 0.18,
            "eps_growth_year": -10,
            "eps_4q": 0.73,
            "eps_4q_growth_year": -9.5,
            "roe": 1.59,
            "roe_4q": 6.340000000000001,
            "gross_profit": 97393,
            "gross_margin": 7.79,
            "gross_margin_4q_avg": 9.45,
            "net_income": 63262,
            "revenue": 1250710,
            "common_shares": 3596222,
            "book_valuer_per_share": 11.09,
            "book_valuer_per_share_4q_avg": 11.18,
            "equity": 3989218,
            "current_ratio": 356.46,
            "debt_ratio": 19.51,
            "inventory_turnover_ratio": 1.02,
            "account_receivable_turnover_ratio": null,
            "reinvestment_rate": -48.53,
            "research_to_sale_ratio": null,
            "price_fair": 24.97,
            "eps_avg_yearly": 0.71,
            "eps_latest_yearly": 0.72,
            "eps_growth_yearly": 207.04
        },
        "20054": {
            "year_quarter": 20054,
            "year": 2005,
            "quarter": 4,
            "eps": 0.09,
            "eps_growth_year": 125,
            "eps_4q": 0.77,
            "eps_4q_growth_year": 13,
            "roe": 0.79,
            "roe_4q": 6.73,
            "gross_profit": 134032,
            "gross_margin": 10.32,
            "gross_margin_4q_avg": 9.6,
            "net_income": 31533,
            "revenue": 1298335,
            "common_shares": 3596222,
            "book_valuer_per_share": 11.15,
            "book_valuer_per_share_4q_avg": 11.2,
            "equity": 4008356,
            "current_ratio": 319.51,
            "debt_ratio": 21.38,
            "inventory_turnover_ratio": 0.97,
            "account_receivable_turnover_ratio": null,
            "reinvestment_rate": -48.57,
            "research_to_sale_ratio": null,
            "price_fair": 24.02,
            "eps_avg_yearly": 0.69,
            "eps_latest_yearly": 0.36,
            "eps_growth_yearly": 175.73
        },
        "20061": {
            "year_quarter": 20061,
            "year": 2006,
            "quarter": 1,
            "eps": 0.48,
            "eps_growth_year": 128.57,
            "eps_4q": 1.03,
            "eps_4q_growth_year": 44.61,
            "roe": 4.15,
            "roe_4q": 9.02,
            "gross_profit": 160367,
            "gross_margin": 11.07,
            "gross_margin_4q_avg": 9.8,
            "net_income": 170051,
            "revenue": 1449191,
            "common_shares": 3596222,
            "book_valuer_per_share": 11.62,
            "book_valuer_per_share_4q_avg": 11.23,
            "equity": 4180361,
            "current_ratio": 342.17,
            "debt_ratio": 20.8,
            "inventory_turnover_ratio": 0.96,
            "account_receivable_turnover_ratio": null,
            "reinvestment_rate": -43.81,
            "research_to_sale_ratio": null,
            "price_fair": 27.1,
            "eps_avg_yearly": 0.77,
            "eps_latest_yearly": 1.92,
            "eps_growth_yearly": 286.99
        },
        "20062": {
            "year_quarter": 20062,
            "year": 2006,
            "quarter": 2,
            "eps": 0.72,
            "eps_growth_year": 157.14,
            "eps_4q": 1.46,
            "eps_4q_growth_year": 99.63,
            "roe": 6.01,
            "roe_4q": 12.54,
            "gross_profit": 351047,
            "gross_margin": 17.77,
            "gross_margin_4q_avg": 11.74,
            "net_income": 257792,
            "revenue": 1975429,
            "common_shares": 3596222,
            "book_valuer_per_share": 12.24,
            "book_valuer_per_share_4q_avg": 11.53,
            "equity": 4401571,
            "current_ratio": 245.43,
            "debt_ratio": 28.15,
            "inventory_turnover_ratio": 0.95,
            "account_receivable_turnover_ratio": null,
            "reinvestment_rate": -36.09,
            "research_to_sale_ratio": null,
            "price_fair": 33.4,
            "eps_avg_yearly": 0.95,
            "eps_latest_yearly": 2.88,
            "eps_growth_yearly": 304.13
        },
        "20063": {
            "year_quarter": 20063,
            "year": 2006,
            "quarter": 3,
            "eps": 0.76,
            "eps_growth_year": 322.22,
            "eps_4q": 2.03,
            "eps_4q_growth_year": 179.02,
            "roe": 6.03,
            "roe_4q": 16.979999999999997,
            "gross_profit": 353302,
            "gross_margin": 15.08,
            "gross_margin_4q_avg": 13.56,
            "net_income": 274855,
            "revenue": 2343354,
            "common_shares": 3596222,
            "book_valuer_per_share": 13.12,
            "book_valuer_per_share_4q_avg": 12.03,
            "equity": 4717759,
            "current_ratio": 215.89,
            "debt_ratio": 33.08,
            "inventory_turnover_ratio": 0.88,
            "account_receivable_turnover_ratio": null,
            "reinvestment_rate": -30.47,
            "research_to_sale_ratio": null,
            "price_fair": 39.2,
            "eps_avg_yearly": 1.12,
            "eps_latest_yearly": 3.04,
            "eps_growth_yearly": 277.15
        },
        "20064": {
            "year_quarter": 20064,
            "year": 2006,
            "quarter": 4,
            "eps": -0.36,
            "eps_growth_year": -500,
            "eps_4q": 1.6,
            "eps_4q_growth_year": 106.56,
            "roe": -2.72,
            "roe_4q": 13.47,
            "gross_profit": 274886,
            "gross_margin": 12.49,
            "gross_margin_4q_avg": 14.1,
            "net_income": -128931,
            "revenue": 2200314,
            "common_shares": 3596222,
            "book_valuer_per_share": 13.24,
            "book_valuer_per_share_4q_avg": 12.56,
            "equity": 4760311,
            "current_ratio": 264.4,
            "debt_ratio": 28.63,
            "inventory_turnover_ratio": 0.77,
            "account_receivable_turnover_ratio": null,
            "reinvestment_rate": -33.93,
            "research_to_sale_ratio": null,
            "price_fair": 39.2,
            "eps_avg_yearly": 1.12,
            "eps_latest_yearly": 3.04,
            "eps_growth_yearly": 277.15
        },
        "20071": {
            "year_quarter": 20071,
            "year": 2007,
            "quarter": 1,
            "eps": -0.01,
            "eps_growth_year": -102.08,
            "eps_4q": 2.39,
            "eps_4q_growth_year": 131.24,
            "roe": -0.04,
            "roe_4q": 9.28,
            "gross_profit": -27682,
            "gross_margin": -1.38,
            "gross_margin_4q_avg": 10.99,
            "net_income": -1683,
            "revenue": 2002422,
            "common_shares": 3596222,
            "book_valuer_per_share": 12.96,
            "book_valuer_per_share_4q_avg": 12.89,
            "equity": 4659338,
            "current_ratio": 329.08,
            "debt_ratio": 23.83,
            "inventory_turnover_ratio": 0.89,
            "account_receivable_turnover_ratio": null,
            "reinvestment_rate": -32.35,
            "research_to_sale_ratio": null,
            "price_fair": 39.2,
            "eps_avg_yearly": 1.12,
            "eps_latest_yearly": 3.04,
            "eps_growth_yearly": 277.15
        },
        "20072": {
            "year_quarter": 20072,
            "year": 2007,
            "quarter": 2,
            "eps": 0.59,
            "eps_growth_year": -18.06,
            "eps_4q": 0.99,
            "eps_4q_growth_year": -31.87,
            "roe": 4.66,
            "roe_4q": 7.93,
            "gross_profit": 248632,
            "gross_margin": 11.22,
            "gross_margin_4q_avg": 9.35,
            "net_income": 210396,
            "revenue": 2216936,
            "common_shares": 3596222,
            "book_valuer_per_share": 12.14,
            "book_valuer_per_share_4q_avg": 12.87,
            "equity": 4364320,
            "current_ratio": 201.5,
            "debt_ratio": 36.61,
            "inventory_turnover_ratio": 0.83,
            "account_receivable_turnover_ratio": null,
            "reinvestment_rate": -27.37,
            "research_to_sale_ratio": null,
            "price_fair": 40.92,
            "eps_avg_yearly": 1.17,
            "eps_latest_yearly": 3.04,
            "eps_growth_yearly": 300.83
        },
        "20073": {
            "year_quarter": 20073,
            "year": 2007,
            "quarter": 3,
            "eps": 0.6,
            "eps_growth_year": -21.05,
            "eps_4q": 0.82,
            "eps_4q_growth_year": -59.48,
            "roe": 4.77,
            "roe_4q": 6.67,
            "gross_profit": 168766,
            "gross_margin": 7.43,
            "gross_margin_4q_avg": 7.44,
            "net_income": 214909,
            "revenue": 2271000,
            "common_shares": 3596222,
            "book_valuer_per_share": 12.91,
            "book_valuer_per_share_4q_avg": 12.81,
            "equity": 4644413,
            "current_ratio": 236.19,
            "debt_ratio": 30.43,
            "inventory_turnover_ratio": 0.85,
            "account_receivable_turnover_ratio": null,
            "reinvestment_rate": -23.95,
            "research_to_sale_ratio": null,
            "price_fair": 44.8,
            "eps_avg_yearly": 1.28,
            "eps_latest_yearly": 2.4,
            "eps_growth_yearly": 270.59
        },
        "20074": {
            "year_quarter": 20074,
            "year": 2007,
            "quarter": 4,
            "eps": 0.05,
            "eps_growth_year": null,
            "eps_4q": 1.12,
            "eps_4q_growth_year": -29.7,
            "roe": 0.43,
            "roe_4q": 9.82,
            "gross_profit": 83155,
            "gross_margin": 3.88,
            "gross_margin_4q_avg": 5.29,
            "net_income": 19706,
            "revenue": 2141509,
            "common_shares": 3596222,
            "book_valuer_per_share": 12.74,
            "book_valuer_per_share_4q_avg": 12.69,
            "equity": 4581942,
            "current_ratio": 252.95,
            "debt_ratio": 28.25,
            "inventory_turnover_ratio": 0.89,
            "account_receivable_turnover_ratio": null,
            "reinvestment_rate": -21.78,
            "research_to_sale_ratio": null,
            "price_fair": 44.37,
            "eps_avg_yearly": 1.27,
            "eps_latest_yearly": 0.2,
            "eps_growth_yearly": 261.61
        },
        "20081": {
            "year_quarter": 20081,
            "year": 2008,
            "quarter": 1,
            "eps": -0.13,
            "eps_growth_year": null,
            "eps_4q": 1.08,
            "eps_4q_growth_year": -54.92,
            "roe": -1.03,
            "roe_4q": 8.83,
            "gross_profit": -19357,
            "gross_margin": -0.98,
            "gross_margin_4q_avg": 5.39,
            "net_income": -47939,
            "revenue": 1974936,
            "common_shares": 3596222,
            "book_valuer_per_share": 13.05,
            "book_valuer_per_share_4q_avg": 12.71,
            "equity": 4694085,
            "current_ratio": 285.43,
            "debt_ratio": 24.8,
            "inventory_turnover_ratio": 0.89,
            "account_receivable_turnover_ratio": null,
            "reinvestment_rate": -24.27,
            "research_to_sale_ratio": null,
            "price_fair": 45.15,
            "eps_avg_yearly": 1.29,
            "eps_latest_yearly": 0.2,
            "eps_growth_yearly": 224.15
        },
        "20082": {
            "year_quarter": 20082,
            "year": 2008,
            "quarter": 2,
            "eps": 0.4,
            "eps_growth_year": -32.2,
            "eps_4q": 0.92,
            "eps_4q_growth_year": -7.62,
            "roe": 3.21,
            "roe_4q": 7.379999999999999,
            "gross_profit": 174400,
            "gross_margin": 8.25,
            "gross_margin_4q_avg": 4.65,
            "net_income": 143948,
            "revenue": 2115128,
            "common_shares": 3596222,
            "book_valuer_per_share": 11.86,
            "book_valuer_per_share_4q_avg": 12.64,
            "equity": 4266087,
            "current_ratio": 225.35,
            "debt_ratio": 31.39,
            "inventory_turnover_ratio": 0.86,
            "account_receivable_turnover_ratio": null,
            "reinvestment_rate": -23.07,
            "research_to_sale_ratio": null,
            "price_fair": 45.95,
            "eps_avg_yearly": 1.31,
            "eps_latest_yearly": 0.2,
            "eps_growth_yearly": 243.08
        },
        "20083": {
            "year_quarter": 20083,
            "year": 2008,
            "quarter": 3,
            "eps": 0.17,
            "eps_growth_year": -71.67,
            "eps_4q": 0.49,
            "eps_4q_growth_year": -40.64,
            "roe": 1.5,
            "roe_4q": 4.109999999999999,
            "gross_profit": 29967,
            "gross_margin": 1.5,
            "gross_margin_4q_avg": 3.16,
            "net_income": 61780,
            "revenue": 2002702,
            "common_shares": 3596222,
            "book_valuer_per_share": 11.08,
            "book_valuer_per_share_4q_avg": 12.18,
            "equity": 3985569,
            "current_ratio": 217.28,
            "debt_ratio": 33.19,
            "inventory_turnover_ratio": 0.88,
            "account_receivable_turnover_ratio": null,
            "reinvestment_rate": -22.2,
            "research_to_sale_ratio": null,
            "price_fair": 45.56,
            "eps_avg_yearly": 1.3,
            "eps_latest_yearly": 0.68,
            "eps_growth_yearly": 230.56
        },
        "20084": {
            "year_quarter": 20084,
            "year": 2008,
            "quarter": 4,
            "eps": -2.21,
            "eps_growth_year": -4520,
            "eps_4q": -1.77,
            "eps_4q_growth_year": -257.35,
            "roe": -22.39,
            "roe_4q": -18.71,
            "gross_profit": -781379,
            "gross_margin": -85.01,
            "gross_margin_4q_avg": -19.06,
            "net_income": -794548,
            "revenue": 919137,
            "common_shares": 3596222,
            "book_valuer_per_share": 8.65,
            "book_valuer_per_share_4q_avg": 11.16,
            "equity": 3110958,
            "current_ratio": 180.39,
            "debt_ratio": 35.83,
            "inventory_turnover_ratio": 0.87,
            "account_receivable_turnover_ratio": 7.21,
            "reinvestment_rate": -50.25,
            "research_to_sale_ratio": null,
            "price_fair": 49.56,
            "eps_avg_yearly": 1.42,
            "eps_latest_yearly": 0.68,
            "eps_growth_yearly": 285.61
        },
        "20091": {
            "year_quarter": 20091,
            "year": 2009,
            "quarter": 1,
            "eps": -0.47,
            "eps_growth_year": null,
            "eps_4q": -2.11,
            "eps_4q_growth_year": -295.82,
            "roe": -5.58,
            "roe_4q": -23.259999999999998,
            "gross_profit": -161210,
            "gross_margin": -28.54,
            "gross_margin_4q_avg": -25.95,
            "net_income": -169458,
            "revenue": 564785,
            "common_shares": 3596222,
            "book_valuer_per_share": 8.24,
            "book_valuer_per_share_4q_avg": 9.96,
            "equity": 2964278,
            "current_ratio": 180.91,
            "debt_ratio": 34.5,
            "inventory_turnover_ratio": 0.43,
            "account_receivable_turnover_ratio": 2.38,
            "reinvestment_rate": -82.74,
            "research_to_sale_ratio": null,
            "price_fair": 51.8,
            "eps_avg_yearly": 1.48,
            "eps_latest_yearly": 0.68,
            "eps_growth_yearly": 128.46
        },
        "20092": {
            "year_quarter": 20092,
            "year": 2009,
            "quarter": 2,
            "eps": 0.71,
            "eps_growth_year": 77.5,
            "eps_4q": -1.81,
            "eps_4q_growth_year": -297.33,
            "roe": 7.99,
            "roe_4q": -18.48,
            "gross_profit": 262848,
            "gross_margin": 21.4,
            "gross_margin_4q_avg": -22.66,
            "net_income": 253907,
            "revenue": 1227975,
            "common_shares": 3596222,
            "book_valuer_per_share": 9.43,
            "book_valuer_per_share_4q_avg": 9.35,
            "equity": 3389473,
            "current_ratio": 252.89,
            "debt_ratio": 25.54,
            "inventory_turnover_ratio": 0.69,
            "account_receivable_turnover_ratio": 3.96,
            "reinvestment_rate": -61.83,
            "research_to_sale_ratio": null,
            "price_fair": 53.38,
            "eps_avg_yearly": 1.53,
            "eps_latest_yearly": 0.68,
            "eps_growth_yearly": 127.85
        },
        "20093": {
            "year_quarter": 20093,
            "year": 2009,
            "quarter": 3,
            "eps": 0.84,
            "eps_growth_year": 394.12,
            "eps_4q": -1.14,
            "eps_4q_growth_year": -334.2,
            "roe": 8.27,
            "roe_4q": -11.710000000000003,
            "gross_profit": 291670,
            "gross_margin": 21.79,
            "gross_margin_4q_avg": -17.59,
            "net_income": 300665,
            "revenue": 1338658,
            "common_shares": 3596222,
            "book_valuer_per_share": 10.79,
            "book_valuer_per_share_4q_avg": 9.28,
            "equity": 3880829,
            "current_ratio": 268.94,
            "debt_ratio": 23.99,
            "inventory_turnover_ratio": 0.87,
            "account_receivable_turnover_ratio": 2.73,
            "reinvestment_rate": -44.93,
            "research_to_sale_ratio": null,
            "price_fair": 64.93,
            "eps_avg_yearly": 1.86,
            "eps_latest_yearly": 3.36,
            "eps_growth_yearly": 154.86
        },
        "20094": {
            "year_quarter": 20094,
            "year": 2009,
            "quarter": 4,
            "eps": 0.7,
            "eps_growth_year": null,
            "eps_4q": 1.77,
            "eps_4q_growth_year": null,
            "roe": 6.12,
            "roe_4q": 16.800000000000004,
            "gross_profit": 244887,
            "gross_margin": 16.82,
            "gross_margin_4q_avg": 7.87,
            "net_income": 253082,
            "revenue": 1455718,
            "common_shares": 3596222,
            "book_valuer_per_share": 12.2,
            "book_valuer_per_share_4q_avg": 10.17,
            "equity": 4385770,
            "current_ratio": 236.06,
            "debt_ratio": 26.72,
            "inventory_turnover_ratio": 0.81,
            "account_receivable_turnover_ratio": 5.26,
            "reinvestment_rate": 101.69,
            "research_to_sale_ratio": null,
            "price_fair": 75.6,
            "eps_avg_yearly": 2.16,
            "eps_latest_yearly": 2.8,
            "eps_growth_yearly": 171.53
        },
        "20101": {
            "year_quarter": 20101,
            "year": 2010,
            "quarter": 1,
            "eps": 0.31,
            "eps_growth_year": null,
            "eps_4q": 2.56,
            "eps_4q_growth_year": null,
            "roe": 2.52,
            "roe_4q": 24.9,
            "gross_profit": 147660,
            "gross_margin": 9.12,
            "gross_margin_4q_avg": 17.28,
            "net_income": 113113,
            "revenue": 1618618,
            "common_shares": 3596222,
            "book_valuer_per_share": 12.74,
            "book_valuer_per_share_4q_avg": 11.29,
            "equity": 4580000,
            "current_ratio": 244.37,
            "debt_ratio": 25.77,
            "inventory_turnover_ratio": 0.82,
            "account_receivable_turnover_ratio": 2.87,
            "reinvestment_rate": 122.64,
            "research_to_sale_ratio": null,
            "price_fair": 6.23,
            "eps_avg_yearly": 2.08,
            "eps_latest_yearly": 1.24,
            "eps_growth_yearly": -72.99
        },
        "20102": {
            "year_quarter": 20102,
            "year": 2010,
            "quarter": 2,
            "eps": 0.23,
            "eps_growth_year": -67.62,
            "eps_4q": 2.08,
            "eps_4q_growth_year": null,
            "roe": 1.87,
            "roe_4q": 18.78,
            "gross_profit": 143171,
            "gross_margin": 7.91,
            "gross_margin_4q_avg": 13.91,
            "net_income": 82670,
            "revenue": 1809675,
            "common_shares": 3596222,
            "book_valuer_per_share": 11.84,
            "book_valuer_per_share_4q_avg": 11.89,
            "equity": 4258793,
            "current_ratio": 198.06,
            "debt_ratio": 32.6,
            "inventory_turnover_ratio": 0.88,
            "account_receivable_turnover_ratio": 2.6,
            "reinvestment_rate": 124.37,
            "research_to_sale_ratio": null,
            "price_fair": 5.49,
            "eps_avg_yearly": 1.83,
            "eps_latest_yearly": 0.92,
            "eps_growth_yearly": -110.9
        },
        "20103": {
            "year_quarter": 20103,
            "year": 2010,
            "quarter": 3,
            "eps": 0.42,
            "eps_growth_year": -49.47,
            "eps_4q": 1.67,
            "eps_4q_growth_year": null,
            "roe": 3.49,
            "roe_4q": 14,
            "gross_profit": 132925,
            "gross_margin": 7.69,
            "gross_margin_4q_avg": 10.39,
            "net_income": 152652,
            "revenue": 1729493,
            "common_shares": 3596222,
            "book_valuer_per_share": 12.46,
            "book_valuer_per_share_4q_avg": 12.31,
            "equity": 4480792,
            "current_ratio": 243.21,
            "debt_ratio": 28.4,
            "inventory_turnover_ratio": 0.79,
            "account_receivable_turnover_ratio": 2.42,
            "reinvestment_rate": 133.25,
            "research_to_sale_ratio": null,
            "price_fair": 4.98,
            "eps_avg_yearly": 1.66,
            "eps_latest_yearly": 1.68,
            "eps_growth_yearly": -72.37
        },
        "20104": {
            "year_quarter": 20104,
            "year": 2010,
            "quarter": 4,
            "eps": 0.24,
            "eps_growth_year": -65.73,
            "eps_4q": 1.21,
            "eps_4q_growth_year": -31.89,
            "roe": 1.88,
            "roe_4q": 9.76,
            "gross_profit": 111169,
            "gross_margin": 7.88,
            "gross_margin_4q_avg": 8.15,
            "net_income": 86258,
            "revenue": 1411055,
            "common_shares": 3596222,
            "book_valuer_per_share": 13.09,
            "book_valuer_per_share_4q_avg": 12.53,
            "equity": 4706803,
            "current_ratio": 221.97,
            "debt_ratio": 30.4,
            "inventory_turnover_ratio": 0.55,
            "account_receivable_turnover_ratio": 2.64,
            "reinvestment_rate": 126.39,
            "research_to_sale_ratio": null,
            "price_fair": 4.75,
            "eps_avg_yearly": 1.58,
            "eps_latest_yearly": 0.96,
            "eps_growth_yearly": -83.38
        },
        "20111": {
            "year_quarter": 20111,
            "year": 2011,
            "quarter": 1,
            "eps": 0.27,
            "eps_growth_year": -12.9,
            "eps_4q": 1.16,
            "eps_4q_growth_year": -54.57,
            "roe": 2.06,
            "roe_4q": 9.3,
            "gross_profit": 155532,
            "gross_margin": 10,
            "gross_margin_4q_avg": 8.37,
            "net_income": 96735,
            "revenue": 1555795,
            "common_shares": 3596222,
            "book_valuer_per_share": 13,
            "book_valuer_per_share_4q_avg": 12.6,
            "equity": 4674751,
            "current_ratio": 209.36,
            "debt_ratio": 32.27,
            "inventory_turnover_ratio": 0.52,
            "account_receivable_turnover_ratio": 3.23,
            "reinvestment_rate": 112.65,
            "research_to_sale_ratio": null,
            "price_fair": 4.6,
            "eps_avg_yearly": 1.53,
            "eps_latest_yearly": 1.08,
            "eps_growth_yearly": -70.04
        },
        "20112": {
            "year_quarter": 20112,
            "year": 2011,
            "quarter": 2,
            "eps": 0.14,
            "eps_growth_year": -39.56,
            "eps_4q": 1.07,
            "eps_4q_growth_year": -48.55,
            "roe": 1.12,
            "roe_4q": 8.55,
            "gross_profit": 57414,
            "gross_margin": 3.8,
            "gross_margin_4q_avg": 7.34,
            "net_income": 49969,
            "revenue": 1512063,
            "common_shares": 3596222,
            "book_valuer_per_share": 11.82,
            "book_valuer_per_share_4q_avg": 12.59,
            "equity": 4249865,
            "current_ratio": 178.14,
            "debt_ratio": 36.85,
            "inventory_turnover_ratio": 0.53,
            "account_receivable_turnover_ratio": 3.03,
            "reinvestment_rate": 130.66,
            "research_to_sale_ratio": null,
            "price_fair": 4.33,
            "eps_avg_yearly": 1.44,
            "eps_latest_yearly": 0.56,
            "eps_growth_yearly": -81.18
        },
        "20113": {
            "year_quarter": 20113,
            "year": 2011,
            "quarter": 3,
            "eps": -0,
            "eps_growth_year": -101.01,
            "eps_4q": 0.64,
            "eps_4q_growth_year": -61.53,
            "roe": -0.04,
            "roe_4q": 5.02,
            "gross_profit": -35851,
            "gross_margin": -2.44,
            "gross_margin_4q_avg": 4.81,
            "net_income": -1535,
            "revenue": 1469233,
            "common_shares": 3596222,
            "book_valuer_per_share": 10.89,
            "book_valuer_per_share_4q_avg": 12.2,
            "equity": 3915813,
            "current_ratio": 180.5,
            "debt_ratio": 37.45,
            "inventory_turnover_ratio": 0.57,
            "account_receivable_turnover_ratio": 2.93,
            "reinvestment_rate": 135.39,
            "research_to_sale_ratio": null,
            "price_fair": 4.04,
            "eps_avg_yearly": 1.35,
            "eps_latest_yearly": 0.56,
            "eps_growth_yearly": -89.98
        },
        "20114": {
            "year_quarter": 20114,
            "year": 2011,
            "quarter": 4,
            "eps": -0.5,
            "eps_growth_year": -307.97,
            "eps_4q": -0.1,
            "eps_4q_growth_year": -107.87,
            "roe": -4.82,
            "roe_4q": -1.6800000000000002,
            "gross_profit": -199908,
            "gross_margin": -20.34,
            "gross_margin_4q_avg": -2.25,
            "net_income": -179389,
            "revenue": 982811,
            "common_shares": 3596222,
            "book_valuer_per_share": 9.81,
            "book_valuer_per_share_4q_avg": 11.38,
            "equity": 3528988,
            "current_ratio": 174.36,
            "debt_ratio": 38.82,
            "inventory_turnover_ratio": 0.48,
            "account_receivable_turnover_ratio": 2.12,
            "reinvestment_rate": 157.77,
            "research_to_sale_ratio": null,
            "price_fair": 4.43,
            "eps_avg_yearly": 1.48,
            "eps_latest_yearly": 0.56,
            "eps_growth_yearly": -59.23
        },
        "20121": {
            "year_quarter": 20121,
            "year": 2012,
            "quarter": 1,
            "eps": 0.11,
            "eps_growth_year": -59.26,
            "eps_4q": -0.25,
            "eps_4q_growth_year": -121.73,
            "roe": 1.1,
            "roe_4q": -2.64,
            "gross_profit": 54417,
            "gross_margin": 5.4,
            "gross_margin_4q_avg": -3.4,
            "net_income": 40065,
            "revenue": 1008134,
            "common_shares": 3596222,
            "book_valuer_per_share": 10.36,
            "book_valuer_per_share_4q_avg": 10.72,
            "equity": 3724391,
            "current_ratio": 217.32,
            "debt_ratio": 29.9,
            "inventory_turnover_ratio": 0.45,
            "account_receivable_turnover_ratio": 2.36,
            "reinvestment_rate": 170.24,
            "research_to_sale_ratio": null,
            "price_fair": 4.43,
            "eps_avg_yearly": 1.48,
            "eps_latest_yearly": 0.56,
            "eps_growth_yearly": -59.23
        },
        "20122": {
            "year_quarter": 20122,
            "year": 2012,
            "quarter": 2,
            "eps": -0.11,
            "eps_growth_year": -178.05,
            "eps_4q": -0.5,
            "eps_4q_growth_year": -146.64,
            "roe": -1.06,
            "roe_4q": -4.82,
            "gross_profit": -30271,
            "gross_margin": -2.57,
            "gross_margin_4q_avg": -4.99,
            "net_income": -38999,
            "revenue": 1178844,
            "common_shares": 3596222,
            "book_valuer_per_share": 10.08,
            "book_valuer_per_share_4q_avg": 10.29,
            "equity": 3623900,
            "current_ratio": 239.92,
            "debt_ratio": 28.02,
            "inventory_turnover_ratio": 0.69,
            "account_receivable_turnover_ratio": 2.6,
            "reinvestment_rate": 240.54,
            "research_to_sale_ratio": null,
            "price_fair": 4.43,
            "eps_avg_yearly": 1.48,
            "eps_latest_yearly": 0.56,
            "eps_growth_yearly": -59.23
        },
        "20123": {
            "year_quarter": 20123,
            "year": 2012,
            "quarter": 3,
            "eps": 0.08,
            "eps_growth_year": null,
            "eps_4q": -0.41,
            "eps_4q_growth_year": -164.02,
            "roe": 0.79,
            "roe_4q": -3.99,
            "gross_profit": 24130,
            "gross_margin": 2.21,
            "gross_margin_4q_avg": -3.83,
            "net_income": 30159,
            "revenue": 1092852,
            "common_shares": 3596222,
            "book_valuer_per_share": 11.24,
            "book_valuer_per_share_4q_avg": 10.37,
            "equity": 4041030,
            "current_ratio": 231.59,
            "debt_ratio": 25.19,
            "inventory_turnover_ratio": 0.68,
            "account_receivable_turnover_ratio": 2.66,
            "reinvestment_rate": 478.03,
            "research_to_sale_ratio": null,
            "price_fair": 4.73,
            "eps_avg_yearly": 1.58,
            "eps_latest_yearly": 0.56,
            "eps_growth_yearly": -37.89
        },
        "20124": {
            "year_quarter": 20124,
            "year": 2012,
            "quarter": 4,
            "eps": -0.03,
            "eps_growth_year": null,
            "eps_4q": 0.05,
            "eps_4q_growth_year": null,
            "roe": -0.29,
            "roe_4q": 0.54,
            "gross_profit": -887,
            "gross_margin": -0.1,
            "gross_margin_4q_avg": 1.24,
            "net_income": -12358,
            "revenue": 887139,
            "common_shares": 3596222,
            "book_valuer_per_share": 12.1,
            "book_valuer_per_share_4q_avg": 10.95,
            "equity": 4350556,
            "current_ratio": 180.71,
            "debt_ratio": 26.49,
            "inventory_turnover_ratio": 0.59,
            "account_receivable_turnover_ratio": 2.97,
            "reinvestment_rate": 189.11,
            "research_to_sale_ratio": null,
            "price_fair": 4.73,
            "eps_avg_yearly": 1.58,
            "eps_latest_yearly": 0.56,
            "eps_growth_yearly": -37.89
        },
        "20131": {
            "year_quarter": 20131,
            "year": 2013,
            "quarter": 1,
            "eps": 0.05,
            "eps_growth_year": -54.55,
            "eps_4q": -0.01,
            "eps_4q_growth_year": null,
            "roe": 0.4,
            "roe_4q": -0.15999999999999992,
            "gross_profit": 6631,
            "gross_margin": 0.74,
            "gross_margin_4q_avg": 0.07,
            "net_income": 17675,
            "revenue": 891720,
            "common_shares": 3596222,
            "book_valuer_per_share": 12.35,
            "book_valuer_per_share_4q_avg": 11.44,
            "equity": 4440278,
            "current_ratio": 184.9,
            "debt_ratio": 27.45,
            "inventory_turnover_ratio": 0.57,
            "account_receivable_turnover_ratio": 3.58,
            "reinvestment_rate": 158.89,
            "research_to_sale_ratio": null,
            "price_fair": 4.73,
            "eps_avg_yearly": 1.58,
            "eps_latest_yearly": 0.56,
            "eps_growth_yearly": -37.89
        },
        "20132": {
            "year_quarter": 20132,
            "year": 2013,
            "quarter": 2,
            "eps": -0.19,
            "eps_growth_year": null,
            "eps_4q": -0.1,
            "eps_4q_growth_year": null,
            "roe": -1.61,
            "roe_4q": -0.71,
            "gross_profit": -55182,
            "gross_margin": -5.64,
            "gross_margin_4q_avg": -0.7,
            "net_income": -70084,
            "revenue": 978615,
            "common_shares": 3596222,
            "book_valuer_per_share": 11.82,
            "book_valuer_per_share_4q_avg": 11.88,
            "equity": 4250265,
            "current_ratio": 173.23,
            "debt_ratio": 29.21,
            "inventory_turnover_ratio": 0.68,
            "account_receivable_turnover_ratio": 3.47,
            "reinvestment_rate": 206,
            "research_to_sale_ratio": null,
            "price_fair": 4.73,
            "eps_avg_yearly": 1.58,
            "eps_latest_yearly": 0.56,
            "eps_growth_yearly": -37.89
        },
        "20133": {
            "year_quarter": 20133,
            "year": 2013,
            "quarter": 3,
            "eps": 0.48,
            "eps_growth_year": 472.36,
            "eps_4q": 0.3,
            "eps_4q_growth_year": null,
            "roe": 4.11,
            "roe_4q": 2.61,
            "gross_profit": -19167,
            "gross_margin": -2.11,
            "gross_margin_4q_avg": -1.78,
            "net_income": 173801,
            "revenue": 906313,
            "common_shares": 3596222,
            "book_valuer_per_share": 11.72,
            "book_valuer_per_share_4q_avg": 12,
            "equity": 4216483,
            "current_ratio": 207.45,
            "debt_ratio": 25.99,
            "inventory_turnover_ratio": 0.63,
            "account_receivable_turnover_ratio": 3.88,
            "reinvestment_rate": 218.88,
            "research_to_sale_ratio": null,
            "price_fair": 3.96,
            "eps_avg_yearly": 1.32,
            "eps_latest_yearly": 0.56,
            "eps_growth_yearly": -53.76
        },
        "20134": {
            "year_quarter": 20134,
            "year": 2013,
            "quarter": 4,
            "eps": -0.26,
            "eps_growth_year": null,
            "eps_4q": 0.08,
            "eps_4q_growth_year": 48.43,
            "roe": -2.17,
            "roe_4q": 0.7300000000000003,
            "gross_profit": -23073,
            "gross_margin": -2.3,
            "gross_margin_4q_avg": -2.33,
            "net_income": -93387,
            "revenue": 1001389,
            "common_shares": 3596222,
            "book_valuer_per_share": 12.17,
            "book_valuer_per_share_4q_avg": 12.02,
            "equity": 4377299,
            "current_ratio": 181.5,
            "debt_ratio": 26.75,
            "inventory_turnover_ratio": 0.72,
            "account_receivable_turnover_ratio": 4.85,
            "reinvestment_rate": 152.31,
            "research_to_sale_ratio": null,
            "price_fair": 3.22,
            "eps_avg_yearly": 1.07,
            "eps_latest_yearly": 0.56,
            "eps_growth_yearly": -51.61
        },
        "20141": {
            "year_quarter": 20141,
            "year": 2014,
            "quarter": 1,
            "eps": -0.11,
            "eps_growth_year": -320,
            "eps_4q": -0.08,
            "eps_4q_growth_year": null,
            "roe": -0.87,
            "roe_4q": -0.5399999999999998,
            "gross_profit": -9177,
            "gross_margin": -0.93,
            "gross_margin_4q_avg": -2.75,
            "net_income": -38155,
            "revenue": 981798,
            "common_shares": 3596222,
            "book_valuer_per_share": 12.11,
            "book_valuer_per_share_4q_avg": 11.96,
            "equity": 4354852,
            "current_ratio": 180.66,
            "debt_ratio": 26.57,
            "inventory_turnover_ratio": 0.72,
            "account_receivable_turnover_ratio": 3.6,
            "reinvestment_rate": 186.23,
            "research_to_sale_ratio": null,
            "price_fair": 3.12,
            "eps_avg_yearly": 1.04,
            "eps_latest_yearly": 0.56,
            "eps_growth_yearly": -17.36
        },
        "20142": {
            "year_quarter": 20142,
            "year": 2014,
            "quarter": 2,
            "eps": 0.46,
            "eps_growth_year": null,
            "eps_4q": 0.58,
            "eps_4q_growth_year": null,
            "roe": 3.83,
            "roe_4q": 4.9,
            "gross_profit": -1918,
            "gross_margin": -0.2,
            "gross_margin_4q_avg": -1.39,
            "net_income": 165300,
            "revenue": 967627,
            "common_shares": 3596222,
            "book_valuer_per_share": 11.87,
            "book_valuer_per_share_4q_avg": 11.97,
            "equity": 4268101,
            "current_ratio": 164.72,
            "debt_ratio": 30.97,
            "inventory_turnover_ratio": 0.65,
            "account_receivable_turnover_ratio": 3.97,
            "reinvestment_rate": 173,
            "research_to_sale_ratio": null,
            "price_fair": 15.09,
            "eps_avg_yearly": 1.07,
            "eps_latest_yearly": 0.56,
            "eps_growth_yearly": 4.1
        },
        "20143": {
            "year_quarter": 20143,
            "year": 2014,
            "quarter": 3,
            "eps": 0.02,
            "eps_growth_year": -95.83,
            "eps_4q": 0.12,
            "eps_4q_growth_year": -60.86,
            "roe": 0.21,
            "roe_4q": 1,
            "gross_profit": 25766,
            "gross_margin": 2.25,
            "gross_margin_4q_avg": -0.3,
            "net_income": 8915,
            "revenue": 1144541,
            "common_shares": 3596222,
            "book_valuer_per_share": 11.48,
            "book_valuer_per_share_4q_avg": 11.91,
            "equity": 4128058,
            "current_ratio": 159.59,
            "debt_ratio": 33.55,
            "inventory_turnover_ratio": 0.66,
            "account_receivable_turnover_ratio": 5.18,
            "reinvestment_rate": 259.2,
            "research_to_sale_ratio": null,
            "price_fair": 2.01,
            "eps_avg_yearly": 0.67,
            "eps_latest_yearly": 0.08,
            "eps_growth_yearly": -174.16
        },
        "20144": {
            "year_quarter": 20144,
            "year": 2014,
            "quarter": 4,
            "eps": -0.01,
            "eps_growth_year": null,
            "eps_4q": 0.37,
            "eps_4q_growth_year": 378.75,
            "roe": -0.05,
            "roe_4q": 3.12,
            "gross_profit": 20207,
            "gross_margin": 2.03,
            "gross_margin_4q_avg": 0.79,
            "net_income": -1986,
            "revenue": 993793,
            "common_shares": 3596222,
            "book_valuer_per_share": 11.27,
            "book_valuer_per_share_4q_avg": 11.68,
            "equity": 4052333,
            "current_ratio": 167.28,
            "debt_ratio": 32.04,
            "inventory_turnover_ratio": 0.54,
            "account_receivable_turnover_ratio": 4.37,
            "reinvestment_rate": 242.77,
            "research_to_sale_ratio": null,
            "price_fair": 1.72,
            "eps_avg_yearly": 0.57,
            "eps_latest_yearly": 0.08,
            "eps_growth_yearly": -175.07
        },
        "20151": {
            "year_quarter": 20151,
            "year": 2015,
            "quarter": 1,
            "eps": -0.33,
            "eps_growth_year": null,
            "eps_4q": 0.15,
            "eps_4q_growth_year": null,
            "roe": -3.03,
            "roe_4q": 0.9600000000000004,
            "gross_profit": -66180,
            "gross_margin": -6.97,
            "gross_margin_4q_avg": -0.72,
            "net_income": -119949,
            "revenue": 949924,
            "common_shares": 3596222,
            "book_valuer_per_share": 10.74,
            "book_valuer_per_share_4q_avg": 11.34,
            "equity": 3864028,
            "current_ratio": 156.28,
            "debt_ratio": 33.74,
            "inventory_turnover_ratio": 0.59,
            "account_receivable_turnover_ratio": 3.88,
            "reinvestment_rate": null,
            "research_to_sale_ratio": null,
            "price_fair": 0.96,
            "eps_avg_yearly": 0.32,
            "eps_latest_yearly": 0.08,
            "eps_growth_yearly": -287.6
        },
        "20152": {
            "year_quarter": 20152,
            "year": 2015,
            "quarter": 2,
            "eps": -0.12,
            "eps_growth_year": -126.09,
            "eps_4q": -0.43,
            "eps_4q_growth_year": -175.37,
            "roe": -1.18,
            "roe_4q": -4.05,
            "gross_profit": 159,
            "gross_margin": 0.02,
            "gross_margin_4q_avg": -0.67,
            "net_income": -43407,
            "revenue": 837398,
            "common_shares": 3596222,
            "book_valuer_per_share": 9.66,
            "book_valuer_per_share_4q_avg": 10.79,
            "equity": 3472158,
            "current_ratio": 143.57,
            "debt_ratio": 37.28,
            "inventory_turnover_ratio": 0.5,
            "account_receivable_turnover_ratio": 3.47,
            "reinvestment_rate": null,
            "research_to_sale_ratio": null,
            "price_fair": 0.24,
            "eps_avg_yearly": 0.08,
            "eps_latest_yearly": 0.08,
            "eps_growth_yearly": -382.61
        },
        "20153": {
            "year_quarter": 20153,
            "year": 2015,
            "quarter": 3,
            "eps": -0.37,
            "eps_growth_year": -1950,
            "eps_4q": -0.83,
            "eps_4q_growth_year": -795.72,
            "roe": -4.13,
            "roe_4q": -8.39,
            "gross_profit": -92294,
            "gross_margin": -13.01,
            "gross_margin_4q_avg": -4.48,
            "net_income": -131542,
            "revenue": 709460,
            "common_shares": 3596222,
            "book_valuer_per_share": 8.08,
            "book_valuer_per_share_4q_avg": 9.94,
            "equity": 2904186,
            "current_ratio": 135.11,
            "debt_ratio": 39.99,
            "inventory_turnover_ratio": 0.5,
            "account_receivable_turnover_ratio": 3.37,
            "reinvestment_rate": null,
            "research_to_sale_ratio": null,
            "price_fair": 0.24,
            "eps_avg_yearly": 0.08,
            "eps_latest_yearly": 0.08,
            "eps_growth_yearly": -382.61
        },
        "20154": {
            "year_quarter": 20154,
            "year": 2015,
            "quarter": 4,
            "eps": -0.13,
            "eps_growth_year": null,
            "eps_4q": -0.95,
            "eps_4q_growth_year": -354.01,
            "roe": -1.58,
            "roe_4q": -9.92,
            "gross_profit": -77509,
            "gross_margin": -11.02,
            "gross_margin_4q_avg": -7.75,
            "net_income": -45665,
            "revenue": 703490,
            "common_shares": 3596222,
            "book_valuer_per_share": 8,
            "book_valuer_per_share_4q_avg": 9.12,
            "equity": 2875726,
            "current_ratio": 137.13,
            "debt_ratio": 36.98,
            "inventory_turnover_ratio": 0.56,
            "account_receivable_turnover_ratio": 3.33,
            "reinvestment_rate": null,
            "research_to_sale_ratio": null,
            "price_fair": 0.24,
            "eps_avg_yearly": 0.08,
            "eps_latest_yearly": 0.08,
            "eps_growth_yearly": -382.61
        },
        "20161": {
            "year_quarter": 20161,
            "year": 2016,
            "quarter": 1,
            "eps": -0.04,
            "eps_growth_year": null,
            "eps_4q": -0.65,
            "eps_4q_growth_year": -548.27,
            "roe": -0.47,
            "roe_4q": -7.359999999999999,
            "gross_profit": 8947,
            "gross_margin": 1.39,
            "gross_margin_4q_avg": -5.66,
            "net_income": -13744,
            "revenue": 641722,
            "common_shares": 3596222,
            "book_valuer_per_share": 8.14,
            "book_valuer_per_share_4q_avg": 8.47,
            "equity": 2928171,
            "current_ratio": 127.64,
            "debt_ratio": 37.28,
            "inventory_turnover_ratio": 0.49,
            "account_receivable_turnover_ratio": 3.15,
            "reinvestment_rate": null,
            "research_to_sale_ratio": null,
            "price_fair": 0.24,
            "eps_avg_yearly": 0.08,
            "eps_latest_yearly": 0.08,
            "eps_growth_yearly": -382.61
        },
        "20162": {
            "year_quarter": 20162,
            "year": 2016,
            "quarter": 2,
            "eps": -0.17,
            "eps_growth_year": null,
            "eps_4q": -0.7,
            "eps_4q_growth_year": null,
            "roe": -2.16,
            "roe_4q": -8.34,
            "gross_profit": -40438,
            "gross_margin": -8.16,
            "gross_margin_4q_avg": -7.7,
            "net_income": -61246,
            "revenue": 495296,
            "common_shares": 3596222,
            "book_valuer_per_share": 7.6,
            "book_valuer_per_share_4q_avg": 7.96,
            "equity": 2731494,
            "current_ratio": 123.4,
            "debt_ratio": 40.48,
            "inventory_turnover_ratio": 0.42,
            "account_receivable_turnover_ratio": 2.66,
            "reinvestment_rate": null,
            "research_to_sale_ratio": null,
            "price_fair": 0.24,
            "eps_avg_yearly": 0.08,
            "eps_latest_yearly": 0.08,
            "eps_growth_yearly": -382.61
        },
        "20163": {
            "year_quarter": 20163,
            "year": 2016,
            "quarter": 3,
            "eps": -0.15,
            "eps_growth_year": null,
            "eps_4q": -0.49,
            "eps_4q_growth_year": null,
            "roe": -1.98,
            "roe_4q": -6.19,
            "gross_profit": -36916,
            "gross_margin": -5.67,
            "gross_margin_4q_avg": -5.87,
            "net_income": -55535,
            "revenue": 650821,
            "common_shares": 3596222,
            "book_valuer_per_share": 8.04,
            "book_valuer_per_share_4q_avg": 7.95,
            "equity": 2892304,
            "current_ratio": 124.92,
            "debt_ratio": 38.95,
            "inventory_turnover_ratio": 0.54,
            "account_receivable_turnover_ratio": 3.35,
            "reinvestment_rate": null,
            "research_to_sale_ratio": null,
            "price_fair": 0.24,
            "eps_avg_yearly": 0.08,
            "eps_latest_yearly": 0.08,
            "eps_growth_yearly": -382.61
        },
        "20164": {
            "year_quarter": 20164,
            "year": 2016,
            "quarter": 4,
            "eps": -0.08,
            "eps_growth_year": null,
            "eps_4q": -0.44,
            "eps_4q_growth_year": null,
            "roe": -0.95,
            "roe_4q": -5.56,
            "gross_profit": 17100,
            "gross_margin": 2.39,
            "gross_margin_4q_avg": -2.51,
            "net_income": -28743,
            "revenue": 715234,
            "common_shares": 3596222,
            "book_valuer_per_share": 8.8,
            "book_valuer_per_share_4q_avg": 8.15,
            "equity": 3165246,
            "current_ratio": 128.06,
            "debt_ratio": 38.3,
            "inventory_turnover_ratio": 0.54,
            "account_receivable_turnover_ratio": 3.22,
            "reinvestment_rate": null,
            "research_to_sale_ratio": null,
            "price_fair": 0.24,
            "eps_avg_yearly": 0.08,
            "eps_latest_yearly": 0.08,
            "eps_growth_yearly": -382.61
        },
        "20171": {
            "year_quarter": 20171,
            "year": 2017,
            "quarter": 1,
            "eps": 0.1,
            "eps_growth_year": null,
            "eps_4q": -0.3,
            "eps_4q_growth_year": null,
            "roe": 1.13,
            "roe_4q": -3.96,
            "gross_profit": 65184,
            "gross_margin": 9.34,
            "gross_margin_4q_avg": -0.53,
            "net_income": 37610,
            "revenue": 698238,
            "common_shares": 3596222,
            "book_valuer_per_share": 9.68,
            "book_valuer_per_share_4q_avg": 8.53,
            "equity": 3479954,
            "current_ratio": 138.49,
            "debt_ratio": 34.97,
            "inventory_turnover_ratio": 0.47,
            "account_receivable_turnover_ratio": 3.34,
            "reinvestment_rate": null,
            "research_to_sale_ratio": null,
            "price_fair": 0.24,
            "eps_avg_yearly": 0.08,
            "eps_latest_yearly": 0.08,
            "eps_growth_yearly": -382.61
        },
        "20172": {
            "year_quarter": 20172,
            "year": 2017,
            "quarter": 2,
            "eps": 0.14,
            "eps_growth_year": null,
            "eps_4q": 0.01,
            "eps_4q_growth_year": null,
            "roe": 1.44,
            "roe_4q": -0.3600000000000001,
            "gross_profit": 51059,
            "gross_margin": 6.65,
            "gross_margin_4q_avg": 3.18,
            "net_income": 50037,
            "revenue": 767861,
            "common_shares": 3596222,
            "book_valuer_per_share": 9.71,
            "book_valuer_per_share_4q_avg": 9.06,
            "equity": 3492581,
            "current_ratio": 138.9,
            "debt_ratio": 35.06,
            "inventory_turnover_ratio": 0.5,
            "account_receivable_turnover_ratio": 3.79,
            "reinvestment_rate": null,
            "research_to_sale_ratio": null,
            "price_fair": 0.96,
            "eps_avg_yearly": 0.32,
            "eps_latest_yearly": 0.56,
            "eps_growth_yearly": -111.3
        },
        "20173": {
            "year_quarter": 20173,
            "year": 2017,
            "quarter": 3,
            "eps": 0.41,
            "eps_growth_year": null,
            "eps_4q": 0.58,
            "eps_4q_growth_year": null,
            "roe": 4.15,
            "roe_4q": 5.77,
            "gross_profit": 39705,
            "gross_margin": 5.33,
            "gross_margin_4q_avg": 5.93,
            "net_income": 148247,
            "revenue": 744595,
            "common_shares": 3596222,
            "book_valuer_per_share": 10.16,
            "book_valuer_per_share_4q_avg": 9.59,
            "equity": 3652943,
            "current_ratio": 147.68,
            "debt_ratio": 32.45,
            "inventory_turnover_ratio": 0.47,
            "account_receivable_turnover_ratio": 3.56,
            "reinvestment_rate": null,
            "research_to_sale_ratio": null,
            "price_fair": 26.6,
            "eps_avg_yearly": 0.76,
            "eps_latest_yearly": 1.64,
            "eps_growth_yearly": 182.94
        },
        "20174": {
            "year_quarter": 20174,
            "year": 2017,
            "quarter": 4,
            "eps": 0.09,
            "eps_growth_year": null,
            "eps_4q": 0.75,
            "eps_4q_growth_year": null,
            "roe": 0.88,
            "roe_4q": 7.6000000000000005,
            "gross_profit": 68457,
            "gross_margin": 8.16,
            "gross_margin_4q_avg": 7.37,
            "net_income": 33982,
            "revenue": 838960,
            "common_shares": 3596222,
            "book_valuer_per_share": 11.33,
            "book_valuer_per_share_4q_avg": 10.22,
            "equity": 4076224,
            "current_ratio": 142.88,
            "debt_ratio": 32.4,
            "inventory_turnover_ratio": 0.48,
            "account_receivable_turnover_ratio": 3.61,
            "reinvestment_rate": null,
            "research_to_sale_ratio": null,
            "price_fair": 23.1,
            "eps_avg_yearly": 0.66,
            "eps_latest_yearly": 0.36,
            "eps_growth_yearly": 59.16
        },
        "20181": {
            "year_quarter": 20181,
            "year": 2018,
            "quarter": 1,
            "eps": 0.09,
            "eps_growth_year": -10,
            "eps_4q": 0.73,
            "eps_4q_growth_year": null,
            "roe": 0.77,
            "roe_4q": 7.24,
            "gross_profit": 53121,
            "gross_margin": 6.75,
            "gross_margin_4q_avg": 6.72,
            "net_income": 31583,
            "revenue": 786990,
            "common_shares": 3596222,
            "book_valuer_per_share": 11.42,
            "book_valuer_per_share_4q_avg": 10.66,
            "equity": 4107436,
            "current_ratio": 147.44,
            "debt_ratio": 31.46,
            "inventory_turnover_ratio": 0.43,
            "account_receivable_turnover_ratio": 3.22,
            "reinvestment_rate": null,
            "research_to_sale_ratio": null,
            "price_fair": 21,
            "eps_avg_yearly": 0.6,
            "eps_latest_yearly": 0.36,
            "eps_growth_yearly": 47.32
        },
        "20182": {
            "year_quarter": 20182,
            "year": 2018,
            "quarter": 2,
            "eps": -0.01,
            "eps_growth_year": -107.14,
            "eps_4q": 0.59,
            "eps_4q_growth_year": 6158.32,
            "roe": -0.07,
            "roe_4q": 5.73,
            "gross_profit": 34897,
            "gross_margin": 4.34,
            "gross_margin_4q_avg": 6.15,
            "net_income": -2973,
            "revenue": 804860,
            "common_shares": 3596222,
            "book_valuer_per_share": 11.27,
            "book_valuer_per_share_4q_avg": 11.05,
            "equity": 4052231,
            "current_ratio": 148.3,
            "debt_ratio": 31.77,
            "inventory_turnover_ratio": 0.45,
            "account_receivable_turnover_ratio": 3.2,
            "reinvestment_rate": null,
            "research_to_sale_ratio": null,
            "price_fair": 21,
            "eps_avg_yearly": 0.6,
            "eps_latest_yearly": 0.36,
            "eps_growth_yearly": 47.32
        },
        "20183": {
            "year_quarter": 20183,
            "year": 2018,
            "quarter": 3,
            "eps": 0.2,
            "eps_growth_year": -51.22,
            "eps_4q": 0.38,
            "eps_4q_growth_year": -34.29,
            "roe": 1.88,
            "roe_4q": 3.46,
            "gross_profit": -46410,
            "gross_margin": -6.17,
            "gross_margin_4q_avg": 3.27,
            "net_income": 73525,
            "revenue": 752779,
            "common_shares": 3596222,
            "book_valuer_per_share": 10.49,
            "book_valuer_per_share_4q_avg": 11.13,
            "equity": 3771519,
            "current_ratio": 171.85,
            "debt_ratio": 27.88,
            "inventory_turnover_ratio": 0.52,
            "account_receivable_turnover_ratio": 2.96,
            "reinvestment_rate": null,
            "research_to_sale_ratio": null,
            "price_fair": 25.55,
            "eps_avg_yearly": 0.73,
            "eps_latest_yearly": 0.36,
            "eps_growth_yearly": 154.81
        },
        "20184": {
            "year_quarter": 20184,
            "year": 2018,
            "quarter": 4,
            "eps": -0.05,
            "eps_growth_year": -149.66,
            "eps_4q": 0.24,
            "eps_4q_growth_year": -68.41,
            "roe": -0.46,
            "roe_4q": 2.12,
            "gross_profit": 2358,
            "gross_margin": 0.31,
            "gross_margin_4q_avg": 1.31,
            "net_income": -16877,
            "revenue": 764066,
            "common_shares": 3596222,
            "book_valuer_per_share": 10.08,
            "book_valuer_per_share_4q_avg": 10.82,
            "equity": 3626057,
            "current_ratio": 166.75,
            "debt_ratio": 29.62,
            "inventory_turnover_ratio": 0.54,
            "account_receivable_turnover_ratio": 3.33,
            "reinvestment_rate": null,
            "research_to_sale_ratio": null,
            "price_fair": 25.55,
            "eps_avg_yearly": 0.73,
            "eps_latest_yearly": 0.36,
            "eps_growth_yearly": 154.81
        },
        "20191": {
            "year_quarter": 20191,
            "year": 2019,
            "quarter": 1,
            "eps": 0.02,
            "eps_growth_year": -77.78,
            "eps_4q": 0.17,
            "eps_4q_growth_year": -76.42,
            "roe": 0.23,
            "roe_4q": 1.5799999999999998,
            "gross_profit": 5129,
            "gross_margin": 0.87,
            "gross_margin_4q_avg": -0.16,
            "net_income": 8529,
            "revenue": 592891,
            "common_shares": 3596222,
            "book_valuer_per_share": 10.14,
            "book_valuer_per_share_4q_avg": 10.5,
            "equity": 3646483,
            "current_ratio": 179.58,
            "debt_ratio": 26.5,
            "inventory_turnover_ratio": 0.42,
            "account_receivable_turnover_ratio": 2.84,
            "reinvestment_rate": null,
            "research_to_sale_ratio": null,
            "price_fair": 25.55,
            "eps_avg_yearly": 0.73,
            "eps_latest_yearly": 0.36,
            "eps_growth_yearly": 154.81
        },
        "20192": {
            "year_quarter": 20192,
            "year": 2019,
            "quarter": 2,
            "eps": -0.15,
            "eps_growth_year": null,
            "eps_4q": 0.03,
            "eps_4q_growth_year": -94.19,
            "roe": -1.43,
            "roe_4q": 0.21999999999999997,
            "gross_profit": -37310,
            "gross_margin": -5.82,
            "gross_margin_4q_avg": -2.7,
            "net_income": -52919,
            "revenue": 641330,
            "common_shares": 3596222,
            "book_valuer_per_share": 10.38,
            "book_valuer_per_share_4q_avg": 10.27,
            "equity": 3733631,
            "current_ratio": 162.21,
            "debt_ratio": 28.88,
            "inventory_turnover_ratio": 0.48,
            "account_receivable_turnover_ratio": 3.54,
            "reinvestment_rate": null,
            "research_to_sale_ratio": null,
            "price_fair": 25.55,
            "eps_avg_yearly": 0.73,
            "eps_latest_yearly": 0.36,
            "eps_growth_yearly": 154.81
        },
        "20193": {
            "year_quarter": 20193,
            "year": 2019,
            "quarter": 3,
            "eps": -0.19,
            "eps_growth_year": -195,
            "eps_4q": -0.36,
            "eps_4q_growth_year": -194.76,
            "roe": -1.84,
            "roe_4q": -3.5,
            "gross_profit": -57586,
            "gross_margin": -8.62,
            "gross_margin_4q_avg": -3.32,
            "net_income": -67714,
            "revenue": 668180,
            "common_shares": 3596222,
            "book_valuer_per_share": 10.1,
            "book_valuer_per_share_4q_avg": 10.18,
            "equity": 3630412,
            "current_ratio": 161.9,
            "debt_ratio": 28.13,
            "inventory_turnover_ratio": 0.53,
            "account_receivable_turnover_ratio": 3.92,
            "reinvestment_rate": -4098.94,
            "research_to_sale_ratio": null,
            "price_fair": 25.55,
            "eps_avg_yearly": 0.73,
            "eps_latest_yearly": 0.36,
            "eps_growth_yearly": 154.81
        },
        "20194": {
            "year_quarter": 20194,
            "year": 2019,
            "quarter": 4,
            "eps": 0.04,
            "eps_growth_year": null,
            "eps_4q": -0.28,
            "eps_4q_growth_year": -216.52,
            "roe": 0.35,
            "roe_4q": -2.69,
            "gross_profit": -1840,
            "gross_margin": -0.29,
            "gross_margin_4q_avg": -3.47,
            "net_income": 12762,
            "revenue": 642542,
            "common_shares": 3596222,
            "book_valuer_per_share": 10.23,
            "book_valuer_per_share_4q_avg": 10.21,
            "equity": 3677571,
            "current_ratio": 147.95,
            "debt_ratio": 30.55,
            "inventory_turnover_ratio": 0.5,
            "account_receivable_turnover_ratio": 3.95,
            "reinvestment_rate": -1606.15,
            "research_to_sale_ratio": null,
            "price_fair": 25.55,
            "eps_avg_yearly": 0.73,
            "eps_latest_yearly": 0.36,
            "eps_growth_yearly": 154.81
        },
        "20201": {
            "year_quarter": 20201,
            "year": 2020,
            "quarter": 1,
            "eps": -0.58,
            "eps_growth_year": -3000,
            "eps_4q": -0.88,
            "eps_4q_growth_year": -608.91,
            "roe": -6.16,
            "roe_4q": -9.08,
            "gross_profit": -108203,
            "gross_margin": -19.44,
            "gross_margin_4q_avg": -8.54,
            "net_income": -208689,
            "revenue": 556513,
            "common_shares": 3596222,
            "book_valuer_per_share": 8.62,
            "book_valuer_per_share_4q_avg": 9.83,
            "equity": 3099698,
            "current_ratio": 132.07,
            "debt_ratio": 34.37,
            "inventory_turnover_ratio": 0.51,
            "account_receivable_turnover_ratio": 3.43,
            "reinvestment_rate": null,
            "research_to_sale_ratio": null,
            "price_fair": 25.55,
            "eps_avg_yearly": 0.73,
            "eps_latest_yearly": 0.36,
            "eps_growth_yearly": 154.81
        },
        "20202": {
            "year_quarter": 20202,
            "year": 2020,
            "quarter": 2,
            "eps": 0.14,
            "eps_growth_year": null,
            "eps_4q": -0.59,
            "eps_4q_growth_year": -1837.65,
            "roe": 1.53,
            "roe_4q": -6.12,
            "gross_profit": 9379,
            "gross_margin": 1.77,
            "gross_margin_4q_avg": -6.65,
            "net_income": 50639,
            "revenue": 530000,
            "common_shares": 3596222,
            "book_valuer_per_share": 9.82,
            "book_valuer_per_share_4q_avg": 9.69,
            "equity": 3532009,
            "current_ratio": 137,
            "debt_ratio": 30.54,
            "inventory_turnover_ratio": 0.39,
            "account_receivable_turnover_ratio": 3.43,
            "reinvestment_rate": -10458.56,
            "research_to_sale_ratio": null,
            "price_fair": 25.55,
            "eps_avg_yearly": 0.73,
            "eps_latest_yearly": 0.36,
            "eps_growth_yearly": 154.81
        },
        "20203": {
            "year_quarter": 20203,
            "year": 2020,
            "quarter": 3,
            "eps": 0.43,
            "eps_growth_year": null,
            "eps_4q": 0.03,
            "eps_4q_growth_year": null,
            "roe": 4.33,
            "roe_4q": 0.050000000000000155,
            "gross_profit": 22743,
            "gross_margin": 4.12,
            "gross_margin_4q_avg": -3.46,
            "net_income": 155171,
            "revenue": 552394,
            "common_shares": 3596222,
            "book_valuer_per_share": 10.13,
            "book_valuer_per_share_4q_avg": 9.7,
            "equity": 3643382,
            "current_ratio": 160.11,
            "debt_ratio": 27.03,
            "inventory_turnover_ratio": 0.41,
            "account_receivable_turnover_ratio": 4.08,
            "reinvestment_rate": -699.49,
            "research_to_sale_ratio": null,
            "price_fair": 32.48,
            "eps_avg_yearly": 0.93,
            "eps_latest_yearly": 1.72,
            "eps_growth_yearly": 289.56
        },
        "20204": {
            "year_quarter": 20204,
            "year": 2020,
            "quarter": 4,
            "eps": 0.23,
            "eps_growth_year": 543.24,
            "eps_4q": 0.22,
            "eps_4q_growth_year": null,
            "roe": 2,
            "roe_4q": 1.7000000000000002,
            "gross_profit": 54920,
            "gross_margin": 8.83,
            "gross_margin_4q_avg": -1.18,
            "net_income": 82089,
            "revenue": 621689,
            "common_shares": 3596222,
            "book_valuer_per_share": 12.65,
            "book_valuer_per_share_4q_avg": 10.31,
            "equity": 4548719,
            "current_ratio": 151.56,
            "debt_ratio": 24.67,
            "inventory_turnover_ratio": 0.44,
            "account_receivable_turnover_ratio": 4.02,
            "reinvestment_rate": -490.86,
            "research_to_sale_ratio": null,
            "price_fair": 32.43,
            "eps_avg_yearly": 0.93,
            "eps_latest_yearly": 0.92,
            "eps_growth_yearly": 210.29
        },
        "20211": {
            "year_quarter": 20211,
            "year": 2021,
            "quarter": 1,
            "eps": 0.3,
            "eps_growth_year": null,
            "eps_4q": 1.1,
            "eps_4q_growth_year": null,
            "roe": 2.3,
            "roe_4q": 10.159999999999998,
            "gross_profit": 88441,
            "gross_margin": 12.83,
            "gross_margin_4q_avg": 6.89,
            "net_income": 106542,
            "revenue": 689150,
            "common_shares": 3596222,
            "book_valuer_per_share": 13.06,
            "book_valuer_per_share_4q_avg": 11.42,
            "equity": 4696974,
            "current_ratio": 158.11,
            "debt_ratio": 24.88,
            "inventory_turnover_ratio": 0.46,
            "account_receivable_turnover_ratio": 3.24,
            "reinvestment_rate": -448.98,
            "research_to_sale_ratio": null,
            "price_fair": 33.8,
            "eps_avg_yearly": 0.97,
            "eps_latest_yearly": 1.2,
            "eps_growth_yearly": 197.64
        },
        "20212": {
            "year_quarter": 20212,
            "year": 2021,
            "quarter": 2,
            "eps": 0.22,
            "eps_growth_year": 57.14,
            "eps_4q": 1.18,
            "eps_4q_growth_year": null,
            "roe": 1.21,
            "roe_4q": 9.84,
            "gross_profit": 108582,
            "gross_margin": 13.53,
            "gross_margin_4q_avg": 9.83,
            "net_income": 80542,
            "revenue": 802297,
            "common_shares": 3596222,
            "book_valuer_per_share": 23.84,
            "book_valuer_per_share_4q_avg": 14.92,
            "equity": 8573377,
            "current_ratio": 159.52,
            "debt_ratio": 16.03,
            "inventory_turnover_ratio": 0.48,
            "account_receivable_turnover_ratio": 3.09,
            "reinvestment_rate": -411.98,
            "research_to_sale_ratio": null,
            "price_fair": 35.4,
            "eps_avg_yearly": 1.01,
            "eps_latest_yearly": 0.88,
            "eps_growth_yearly": 159.55
        },
        "20213": {
            "year_quarter": 20213,
            "year": 2021,
            "quarter": 3,
            "eps": 0.56,
            "eps_growth_year": 30.23,
            "eps_4q": 1.3,
            "eps_4q_growth_year": 4644.48,
            "roe": 2.65,
            "roe_4q": 8.16,
            "gross_profit": 73404,
            "gross_margin": 8.7,
            "gross_margin_4q_avg": 10.97,
            "net_income": 199731,
            "revenue": 844142,
            "common_shares": 3596222,
            "book_valuer_per_share": 18.11,
            "book_valuer_per_share_4q_avg": 16.92,
            "equity": 6514482,
            "current_ratio": 143.6,
            "debt_ratio": 22.96,
            "inventory_turnover_ratio": 0.47,
            "account_receivable_turnover_ratio": 3.06,
            "reinvestment_rate": -386.24,
            "research_to_sale_ratio": null,
            "price_fair": 38.4,
            "eps_avg_yearly": 1.1,
            "eps_latest_yearly": 2.24,
            "eps_growth_yearly": 137.65
        },
        "20214": {
            "year_quarter": 20214,
            "year": 2021,
            "quarter": 4,
            "eps": 0.1,
            "eps_growth_year": -56.32,
            "eps_4q": 1.18,
            "eps_4q_growth_year": 433.61,
            "roe": 0.55,
            "roe_4q": 6.71,
            "gross_profit": 51886,
            "gross_margin": 5.87,
            "gross_margin_4q_avg": 10.23,
            "net_income": 35860,
            "revenue": 883215,
            "common_shares": 3596222,
            "book_valuer_per_share": 17.92,
            "book_valuer_per_share_4q_avg": 18.23,
            "equity": 6444044,
            "current_ratio": 148.96,
            "debt_ratio": 22.25,
            "inventory_turnover_ratio": 0.48,
            "account_receivable_turnover_ratio": 2.94,
            "reinvestment_rate": -470.06,
            "research_to_sale_ratio": null,
            "price_fair": 38.6,
            "eps_avg_yearly": 1.1,
            "eps_latest_yearly": 0.4,
            "eps_growth_yearly": 135.32
        },
        "20221": {
            "year_quarter": 20221,
            "year": 2022,
            "quarter": 1,
            "eps": 0.02,
            "eps_growth_year": -93.33,
            "eps_4q": 0.9,
            "eps_4q_growth_year": -17.59,
            "roe": 0.14,
            "roe_4q": 4.55,
            "gross_profit": 37907,
            "gross_margin": 4.87,
            "gross_margin_4q_avg": 8.24,
            "net_income": 8907,
            "revenue": 778950,
            "common_shares": 3596222,
            "book_valuer_per_share": 18.18,
            "book_valuer_per_share_4q_avg": 19.51,
            "equity": 6536373,
            "current_ratio": 149.58,
            "debt_ratio": 21.95,
            "inventory_turnover_ratio": 0.41,
            "account_receivable_turnover_ratio": 2.69,
            "reinvestment_rate": 35.74,
            "research_to_sale_ratio": null,
            "price_fair": 37.2,
            "eps_avg_yearly": 1.06,
            "eps_latest_yearly": 0.08,
            "eps_growth_yearly": 89.6
        },
        "20222": {
            "year_quarter": 20222,
            "year": 2022,
            "quarter": 2,
            "eps": -0.03,
            "eps_growth_year": -113.64,
            "eps_4q": 0.65,
            "eps_4q_growth_year": -45.28,
            "roe": -0.21,
            "roe_4q": 3.13,
            "gross_profit": 8136,
            "gross_margin": 1.05,
            "gross_margin_4q_avg": 5.12,
            "net_income": -12300,
            "revenue": 777672,
            "common_shares": 3596222,
            "book_valuer_per_share": 13.84,
            "book_valuer_per_share_4q_avg": 17.01,
            "equity": 4975634,
            "current_ratio": 119.07,
            "debt_ratio": 32.55,
            "inventory_turnover_ratio": 0.38,
            "account_receivable_turnover_ratio": 3.08,
            "reinvestment_rate": 39.64,
            "research_to_sale_ratio": null,
            "price_fair": 37.2,
            "eps_avg_yearly": 1.06,
            "eps_latest_yearly": 0.08,
            "eps_growth_yearly": 89.6
        },
        "20223": {
            "year_quarter": 20223,
            "year": 2022,
            "quarter": 3,
            "eps": 0.49,
            "eps_growth_year": -12.5,
            "eps_4q": 0.58,
            "eps_4q_growth_year": -55.27,
            "roe": 3.84,
            "roe_4q": 4.32,
            "gross_profit": -115149,
            "gross_margin": -15.98,
            "gross_margin_4q_avg": -1.05,
            "net_income": 177254,
            "revenue": 720524,
            "common_shares": 3596222,
            "book_valuer_per_share": 11.83,
            "book_valuer_per_share_4q_avg": 15.44,
            "equity": 4256062,
            "current_ratio": 130.08,
            "debt_ratio": 34.26,
            "inventory_turnover_ratio": 0.4,
            "account_receivable_turnover_ratio": 2.96,
            "reinvestment_rate": 33.46,
            "research_to_sale_ratio": null,
            "price_fair": 37.2,
            "eps_avg_yearly": 1.06,
            "eps_latest_yearly": 0.08,
            "eps_growth_yearly": 89.6
        },
        "20224": {
            "year_quarter": 20224,
            "year": 2022,
            "quarter": 4,
            "eps": 0.06,
            "eps_growth_year": -35.64,
            "eps_4q": 0.55,
            "eps_4q_growth_year": -53.41,
            "roe": 0.53,
            "roe_4q": 4.3,
            "gross_profit": 20636,
            "gross_margin": 3.34,
            "gross_margin_4q_avg": -1.68,
            "net_income": 23079,
            "revenue": 618266,
            "common_shares": 3596222,
            "book_valuer_per_share": 12.57,
            "book_valuer_per_share_4q_avg": 14.11,
            "equity": 4521399,
            "current_ratio": 132.56,
            "debt_ratio": 30.99,
            "inventory_turnover_ratio": 0.3,
            "account_receivable_turnover_ratio": 3,
            "reinvestment_rate": 34.61,
            "research_to_sale_ratio": null,
            "price_fair": 33.6,
            "eps_avg_yearly": 0.96,
            "eps_latest_yearly": 0.24,
            "eps_growth_yearly": 34.52
        },
        "20231": {
            "year_quarter": 20231,
            "year": 2023,
            "quarter": 1,
            "eps": 0.01,
            "eps_growth_year": -50,
            "eps_4q": 0.53,
            "eps_4q_growth_year": -41.06,
            "roe": 0.08,
            "roe_4q": 4.24,
            "gross_profit": 15319,
            "gross_margin": 2.44,
            "gross_margin_4q_avg": -2.29,
            "net_income": 3540,
            "revenue": 627710,
            "common_shares": 3596222,
            "book_valuer_per_share": 13.19,
            "book_valuer_per_share_4q_avg": 12.86,
            "equity": 4743920,
            "current_ratio": 134.59,
            "debt_ratio": 29.33,
            "inventory_turnover_ratio": 0.31,
            "account_receivable_turnover_ratio": 3.98,
            "reinvestment_rate": 33.66,
            "research_to_sale_ratio": null,
            "price_fair": 2.57,
            "eps_avg_yearly": 0.86,
            "eps_latest_yearly": 0.04,
            "eps_growth_yearly": -6.35
        }
    },
    "months": {
        "2001-06": {
            "month": "2001-06",
            "price": "3.39",
            "revenue": 200699
        },
        "2001-07": {
            "month": "2001-07",
            "price": "3.22",
            "revenue": 224992
        },
        "2001-08": {
            "month": "2001-08",
            "price": "3.11",
            "revenue": 238135
        },
        "2001-09": {
            "month": "2001-09",
            "price": "2.60",
            "revenue": 219485
        },
        "2001-10": {
            "month": "2001-10",
            "price": "2.57",
            "revenue": 125240
        },
        "2001-11": {
            "month": "2001-11",
            "price": "2.62",
            "revenue": 171989
        },
        "2001-12": {
            "month": "2001-12",
            "price": "2.93",
            "revenue": 171893
        },
        "2002-01": {
            "month": "2002-01",
            "price": "3.02",
            "revenue": 194626
        },
        "2002-02": {
            "month": "2002-02",
            "price": "3.01",
            "revenue": 145514
        },
        "2002-03": {
            "month": "2002-03",
            "price": "4.36",
            "revenue": 238935
        },
        "2002-04": {
            "month": "2002-04",
            "price": "6.22",
            "revenue": 268355
        },
        "2002-05": {
            "month": "2002-05",
            "price": "6.03",
            "revenue": 283493
        },
        "2002-06": {
            "month": "2002-06",
            "price": "6.37",
            "revenue": 271844
        },
        "2002-07": {
            "month": "2002-07",
            "price": "5.75",
            "revenue": 260867
        },
        "2002-08": {
            "month": "2002-08",
            "price": "4.97",
            "revenue": 238838
        },
        "2002-09": {
            "month": "2002-09",
            "price": "4.34",
            "revenue": 237565
        },
        "2002-10": {
            "month": "2002-10",
            "price": "4.24",
            "revenue": 257049
        },
        "2002-11": {
            "month": "2002-11",
            "price": "5.45",
            "revenue": 259636
        },
        "2002-12": {
            "month": "2002-12",
            "price": "6.00",
            "revenue": 220157
        },
        "2003-01": {
            "month": "2003-01",
            "price": "8.22",
            "revenue": 231540
        },
        "2003-02": {
            "month": "2003-02",
            "price": "8.40",
            "revenue": 197839
        },
        "2003-03": {
            "month": "2003-03",
            "price": "6.93",
            "revenue": 271106
        },
        "2003-04": {
            "month": "2003-04",
            "price": "6.58",
            "revenue": 263034
        },
        "2003-05": {
            "month": "2003-05",
            "price": "6.08",
            "revenue": 253308
        },
        "2003-06": {
            "month": "2003-06",
            "price": "7.41",
            "revenue": 228815
        },
        "2003-07": {
            "month": "2003-07",
            "price": "8.28",
            "revenue": 248073
        },
        "2003-08": {
            "month": "2003-08",
            "price": "7.68",
            "revenue": 246287
        },
        "2003-09": {
            "month": "2003-09",
            "price": "7.08",
            "revenue": 245012
        },
        "2003-10": {
            "month": "2003-10",
            "price": "8.09",
            "revenue": 266986
        },
        "2003-11": {
            "month": "2003-11",
            "price": "8.67",
            "revenue": 280433
        },
        "2003-12": {
            "month": "2003-12",
            "price": "9.14",
            "revenue": 305967
        },
        "2004-01": {
            "month": "2004-01",
            "price": "12.09",
            "revenue": 259228
        },
        "2004-02": {
            "month": "2004-02",
            "price": "13.94",
            "revenue": 307074
        },
        "2004-03": {
            "month": "2004-03",
            "price": "13.92",
            "revenue": 405905
        },
        "2004-04": {
            "month": "2004-04",
            "price": "13.53",
            "revenue": 398291
        },
        "2004-05": {
            "month": "2004-05",
            "price": "10.17",
            "revenue": 378000
        },
        "2004-06": {
            "month": "2004-06",
            "price": "11.61",
            "revenue": 342361
        },
        "2004-07": {
            "month": "2004-07",
            "price": "11.23",
            "revenue": 346163
        },
        "2004-08": {
            "month": "2004-08",
            "price": "10.24",
            "revenue": 330867
        },
        "2004-09": {
            "month": "2004-09",
            "price": "12.72",
            "revenue": 357465
        },
        "2004-10": {
            "month": "2004-10",
            "price": "14.44",
            "revenue": 370262
        },
        "2004-11": {
            "month": "2004-11",
            "price": "13.18",
            "revenue": 358308
        },
        "2004-12": {
            "month": "2004-12",
            "price": "13.40",
            "revenue": 371390
        },
        "2005-01": {
            "month": "2005-01",
            "price": "13.08",
            "revenue": 361060
        },
        "2005-02": {
            "month": "2005-02",
            "price": "13.39",
            "revenue": 275402
        },
        "2005-03": {
            "month": "2005-03",
            "price": "12.79",
            "revenue": 368648
        },
        "2005-04": {
            "month": "2005-04",
            "price": "10.61",
            "revenue": 364205
        },
        "2005-05": {
            "month": "2005-05",
            "price": "8.59",
            "revenue": 400996
        },
        "2005-06": {
            "month": "2005-06",
            "price": "10.60",
            "revenue": 373353
        },
        "2005-07": {
            "month": "2005-07",
            "price": "10.66",
            "revenue": 372955
        },
        "2005-08": {
            "month": "2005-08",
            "price": "11.47",
            "revenue": 454480
        },
        "2005-09": {
            "month": "2005-09",
            "price": "10.87",
            "revenue": 423273
        },
        "2005-10": {
            "month": "2005-10",
            "price": "9.69",
            "revenue": 434448
        },
        "2005-11": {
            "month": "2005-11",
            "price": "9.09",
            "revenue": 443975
        },
        "2005-12": {
            "month": "2005-12",
            "price": "9.40",
            "revenue": 425873
        },
        "2006-01": {
            "month": "2006-01",
            "price": "10.04",
            "revenue": 423104
        },
        "2006-02": {
            "month": "2006-02",
            "price": "10.50",
            "revenue": 456238
        },
        "2006-03": {
            "month": "2006-03",
            "price": "10.00",
            "revenue": 569847
        },
        "2006-04": {
            "month": "2006-04",
            "price": "12.70",
            "revenue": 597941
        },
        "2006-05": {
            "month": "2006-05",
            "price": "13.07",
            "revenue": 654947
        },
        "2006-06": {
            "month": "2006-06",
            "price": "10.86",
            "revenue": 722540
        },
        "2006-07": {
            "month": "2006-07",
            "price": "11.46",
            "revenue": 718121
        },
        "2006-08": {
            "month": "2006-08",
            "price": "11.67",
            "revenue": 821568
        },
        "2006-09": {
            "month": "2006-09",
            "price": "11.60",
            "revenue": 803665
        },
        "2006-10": {
            "month": "2006-10",
            "price": "13.69",
            "revenue": 788955
        },
        "2006-11": {
            "month": "2006-11",
            "price": "14.04",
            "revenue": 768449
        },
        "2006-12": {
            "month": "2006-12",
            "price": "15.27",
            "revenue": 642909
        },
        "2007-01": {
            "month": "2007-01",
            "price": "16.23",
            "revenue": 655974
        },
        "2007-02": {
            "month": "2007-02",
            "price": "14.70",
            "revenue": 495942
        },
        "2007-03": {
            "month": "2007-03",
            "price": "15.23",
            "revenue": 850506
        },
        "2007-04": {
            "month": "2007-04",
            "price": "17.06",
            "revenue": 698417
        },
        "2007-05": {
            "month": "2007-05",
            "price": "15.94",
            "revenue": 765007
        },
        "2007-06": {
            "month": "2007-06",
            "price": "15.94",
            "revenue": 753512
        },
        "2007-07": {
            "month": "2007-07",
            "price": "16.45",
            "revenue": 785712
        },
        "2007-08": {
            "month": "2007-08",
            "price": "13.32",
            "revenue": 795521
        },
        "2007-09": {
            "month": "2007-09",
            "price": "13.69",
            "revenue": 689767
        },
        "2007-10": {
            "month": "2007-10",
            "price": "13.98",
            "revenue": 783442
        },
        "2007-11": {
            "month": "2007-11",
            "price": "13.03",
            "revenue": 742036
        },
        "2007-12": {
            "month": "2007-12",
            "price": "11.78",
            "revenue": 616031
        },
        "2008-01": {
            "month": "2008-01",
            "price": "11.37",
            "revenue": 703138
        },
        "2008-02": {
            "month": "2008-02",
            "price": "12.34",
            "revenue": 536019
        },
        "2008-03": {
            "month": "2008-03",
            "price": "12.91",
            "revenue": 735779
        },
        "2008-04": {
            "month": "2008-04",
            "price": "14.13",
            "revenue": 707231
        },
        "2008-05": {
            "month": "2008-05",
            "price": "13.86",
            "revenue": 733888
        },
        "2008-06": {
            "month": "2008-06",
            "price": "12.84",
            "revenue": 674009
        },
        "2008-07": {
            "month": "2008-07",
            "price": "10.16",
            "revenue": 721637
        },
        "2008-08": {
            "month": "2008-08",
            "price": "8.83",
            "revenue": 651204
        },
        "2008-09": {
            "month": "2008-09",
            "price": "7.04",
            "revenue": 629860
        },
        "2008-10": {
            "month": "2008-10",
            "price": "5.80",
            "revenue": 467766
        },
        "2008-11": {
            "month": "2008-11",
            "price": "5.45",
            "revenue": 248152
        },
        "2008-12": {
            "month": "2008-12",
            "price": "5.30",
            "revenue": 203219
        },
        "2009-01": {
            "month": "2009-01",
            "price": "5.35",
            "revenue": 139839
        },
        "2009-02": {
            "month": "2009-02",
            "price": "5.25",
            "revenue": 169431
        },
        "2009-03": {
            "month": "2009-03",
            "price": "6.20",
            "revenue": 255515
        },
        "2009-04": {
            "month": "2009-04",
            "price": "8.03",
            "revenue": 305236
        },
        "2009-05": {
            "month": "2009-05",
            "price": "8.26",
            "revenue": 569079
        },
        "2009-06": {
            "month": "2009-06",
            "price": "8.02",
            "revenue": 353660
        },
        "2009-07": {
            "month": "2009-07",
            "price": "7.92",
            "revenue": 464627
        },
        "2009-08": {
            "month": "2009-08",
            "price": "9.35",
            "revenue": 434136
        },
        "2009-09": {
            "month": "2009-09",
            "price": "9.46",
            "revenue": 439894
        },
        "2009-10": {
            "month": "2009-10",
            "price": "9.91",
            "revenue": 477480
        },
        "2009-11": {
            "month": "2009-11",
            "price": "11.65",
            "revenue": 480394
        },
        "2009-12": {
            "month": "2009-12",
            "price": "12.48",
            "revenue": 497844
        },
        "2010-01": {
            "month": "2010-01",
            "price": "14.26",
            "revenue": 602040
        },
        "2010-02": {
            "month": "2010-02",
            "price": "13.75",
            "revenue": 385682
        },
        "2010-03": {
            "month": "2010-03",
            "price": "15.19",
            "revenue": 630896
        },
        "2010-04": {
            "month": "2010-04",
            "price": "15.73",
            "revenue": 579774
        },
        "2010-05": {
            "month": "2010-05",
            "price": "13.74",
            "revenue": 558351
        },
        "2010-06": {
            "month": "2010-06",
            "price": "12.71",
            "revenue": 671550
        },
        "2010-07": {
            "month": "2010-07",
            "price": "13.09",
            "revenue": 625225
        },
        "2010-08": {
            "month": "2010-08",
            "price": "13.60",
            "revenue": 608009
        },
        "2010-09": {
            "month": "2010-09",
            "price": "13.92",
            "revenue": 496259
        },
        "2010-10": {
            "month": "2010-10",
            "price": "14.27",
            "revenue": 498475
        },
        "2010-11": {
            "month": "2010-11",
            "price": "13.87",
            "revenue": 452310
        },
        "2010-12": {
            "month": "2010-12",
            "price": "14.28",
            "revenue": 460271
        },
        "2011-01": {
            "month": "2011-01",
            "price": "14.29",
            "revenue": 440786
        },
        "2011-02": {
            "month": "2011-02",
            "price": "14.07",
            "revenue": 492954
        },
        "2011-03": {
            "month": "2011-03",
            "price": "13.47",
            "revenue": 622055
        },
        "2011-04": {
            "month": "2011-04",
            "price": "14.18",
            "revenue": 607334
        },
        "2011-05": {
            "month": "2011-05",
            "price": "13.93",
            "revenue": 475021
        },
        "2011-06": {
            "month": "2011-06",
            "price": "13.73",
            "revenue": 429708
        },
        "2011-07": {
            "month": "2011-07",
            "price": "13.60",
            "revenue": 453917
        },
        "2011-08": {
            "month": "2011-08",
            "price": "11.18",
            "revenue": 585383
        },
        "2011-09": {
            "month": "2011-09",
            "price": "10.35",
            "revenue": 429933
        },
        "2011-10": {
            "month": "2011-10",
            "price": "9.30",
            "revenue": 290777
        },
        "2011-11": {
            "month": "2011-11",
            "price": "8.81",
            "revenue": 336143
        },
        "2011-12": {
            "month": "2011-12",
            "price": "8.08",
            "revenue": 356118
        },
        "2012-01": {
            "month": "2012-01",
            "price": "8.28",
            "revenue": 270447
        },
        "2012-02": {
            "month": "2012-02",
            "price": "9.87",
            "revenue": 341666
        },
        "2012-03": {
            "month": "2012-03",
            "price": "9.64",
            "revenue": 396140
        },
        "2012-04": {
            "month": "2012-04",
            "price": "8.10",
            "revenue": 404538
        },
        "2012-05": {
            "month": "2012-05",
            "price": "7.71",
            "revenue": 408307
        },
        "2012-06": {
            "month": "2012-06",
            "price": "7.10",
            "revenue": 365880
        },
        "2012-07": {
            "month": "2012-07",
            "price": "7.14",
            "revenue": 437790
        },
        "2012-08": {
            "month": "2012-08",
            "price": "7.49",
            "revenue": 364578
        },
        "2012-09": {
            "month": "2012-09",
            "price": "8.43",
            "revenue": 290484
        },
        "2012-10": {
            "month": "2012-10",
            "price": "9.76",
            "revenue": 328745
        },
        "2012-11": {
            "month": "2012-11",
            "price": "9.90",
            "revenue": 272789
        },
        "2012-12": {
            "month": "2012-12",
            "price": "10.16",
            "revenue": 285605
        },
        "2013-01": {
            "month": "2013-01",
            "price": "10.33",
            "revenue": 342289
        },
        "2013-02": {
            "month": "2013-02",
            "price": "9.67",
            "revenue": 189633
        },
        "2013-03": {
            "month": "2013-03",
            "price": "9.16",
            "revenue": 359798
        },
        "2013-04": {
            "month": "2013-04",
            "price": "9.04",
            "revenue": 321250
        },
        "2013-05": {
            "month": "2013-05",
            "price": "9.13",
            "revenue": 319447
        },
        "2013-06": {
            "month": "2013-06",
            "price": "9.14",
            "revenue": 337918
        },
        "2013-07": {
            "month": "2013-07",
            "price": "9.33",
            "revenue": 286819
        },
        "2013-08": {
            "month": "2013-08",
            "price": "9.14",
            "revenue": 304806
        },
        "2013-09": {
            "month": "2013-09",
            "price": "9.05",
            "revenue": 314688
        },
        "2013-10": {
            "month": "2013-10",
            "price": "9.20",
            "revenue": 308043
        },
        "2013-11": {
            "month": "2013-11",
            "price": "9.83",
            "revenue": 322641
        },
        "2013-12": {
            "month": "2013-12",
            "price": "10.88",
            "revenue": 370704
        },
        "2014-01": {
            "month": "2014-01",
            "price": "11.08",
            "revenue": 279130
        },
        "2014-02": {
            "month": "2014-02",
            "price": "10.76",
            "revenue": 320001
        },
        "2014-03": {
            "month": "2014-03",
            "price": "10.55",
            "revenue": 382667
        },
        "2014-04": {
            "month": "2014-04",
            "price": "10.73",
            "revenue": 347862
        },
        "2014-05": {
            "month": "2014-05",
            "price": "10.49",
            "revenue": 316982
        },
        "2014-06": {
            "month": "2014-06",
            "price": "10.45",
            "revenue": 302783
        },
        "2014-07": {
            "month": "2014-07",
            "price": "10.11",
            "revenue": 393066
        },
        "2014-08": {
            "month": "2014-08",
            "price": "10.47",
            "revenue": 399921
        },
        "2014-09": {
            "month": "2014-09",
            "price": "10.69",
            "revenue": 351553
        },
        "2014-10": {
            "month": "2014-10",
            "price": "10.37",
            "revenue": 359589
        },
        "2014-11": {
            "month": "2014-11",
            "price": "10.18",
            "revenue": 327807
        },
        "2014-12": {
            "month": "2014-12",
            "price": "10.04",
            "revenue": 306397
        },
        "2015-01": {
            "month": "2015-01",
            "price": "9.92",
            "revenue": 365492
        },
        "2015-02": {
            "month": "2015-02",
            "price": "9.80",
            "revenue": 220837
        },
        "2015-03": {
            "month": "2015-03",
            "price": "9.76",
            "revenue": 363595
        },
        "2015-04": {
            "month": "2015-04",
            "price": "9.98",
            "revenue": 274847
        },
        "2015-05": {
            "month": "2015-05",
            "price": "9.77",
            "revenue": 308847
        },
        "2015-06": {
            "month": "2015-06",
            "price": "9.03",
            "revenue": 253704
        },
        "2015-07": {
            "month": "2015-07",
            "price": "8.32",
            "revenue": 280048
        },
        "2015-08": {
            "month": "2015-08",
            "price": "6.89",
            "revenue": 206691
        },
        "2015-09": {
            "month": "2015-09",
            "price": "6.85",
            "revenue": 222721
        },
        "2015-10": {
            "month": "2015-10",
            "price": "7.45",
            "revenue": 221482
        },
        "2015-11": {
            "month": "2015-11",
            "price": "7.05",
            "revenue": 248971
        },
        "2015-12": {
            "month": "2015-12",
            "price": "6.69",
            "revenue": 233037
        },
        "2016-01": {
            "month": "2016-01",
            "price": "6.42",
            "revenue": 222432
        },
        "2016-02": {
            "month": "2016-02",
            "price": "6.63",
            "revenue": 178805
        },
        "2016-03": {
            "month": "2016-03",
            "price": "7.57",
            "revenue": 240485
        },
        "2016-04": {
            "month": "2016-04",
            "price": "7.15",
            "revenue": 140968
        },
        "2016-05": {
            "month": "2016-05",
            "price": "6.66",
            "revenue": 141419
        },
        "2016-06": {
            "month": "2016-06",
            "price": "6.50",
            "revenue": 212909
        },
        "2016-07": {
            "month": "2016-07",
            "price": "6.78",
            "revenue": 195333
        },
        "2016-08": {
            "month": "2016-08",
            "price": "6.64",
            "revenue": 254000
        },
        "2016-09": {
            "month": "2016-09",
            "price": "6.61",
            "revenue": 201488
        },
        "2016-10": {
            "month": "2016-10",
            "price": "6.67",
            "revenue": 215513
        },
        "2016-11": {
            "month": "2016-11",
            "price": "7.62",
            "revenue": 246095
        },
        "2016-12": {
            "month": "2016-12",
            "price": "7.68",
            "revenue": 253626
        },
        "2017-01": {
            "month": "2017-01",
            "price": "7.50",
            "revenue": 225713
        },
        "2017-02": {
            "month": "2017-02",
            "price": "9.73",
            "revenue": 219439
        },
        "2017-03": {
            "month": "2017-03",
            "price": "10.79",
            "revenue": 253086
        },
        "2017-04": {
            "month": "2017-04",
            "price": "9.38",
            "revenue": 267866
        },
        "2017-05": {
            "month": "2017-05",
            "price": "8.71",
            "revenue": 245990
        },
        "2017-06": {
            "month": "2017-06",
            "price": "9.04",
            "revenue": 254004
        },
        "2017-07": {
            "month": "2017-07",
            "price": "9.81",
            "revenue": 258959
        },
        "2017-08": {
            "month": "2017-08",
            "price": "10.97",
            "revenue": 232478
        },
        "2017-09": {
            "month": "2017-09",
            "price": "10.39",
            "revenue": 253159
        },
        "2017-10": {
            "month": "2017-10",
            "price": "10.51",
            "revenue": 306795
        },
        "2017-11": {
            "month": "2017-11",
            "price": "10.70",
            "revenue": 290389
        },
        "2017-12": {
            "month": "2017-12",
            "price": "10.84",
            "revenue": 241776
        },
        "2018-01": {
            "month": "2018-01",
            "price": "13.45",
            "revenue": 248307
        },
        "2018-02": {
            "month": "2018-02",
            "price": "11.87",
            "revenue": 201269
        },
        "2018-03": {
            "month": "2018-03",
            "price": "11.68",
            "revenue": 337414
        },
        "2018-04": {
            "month": "2018-04",
            "price": "11.66",
            "revenue": 274128
        },
        "2018-05": {
            "month": "2018-05",
            "price": "11.20",
            "revenue": 280895
        },
        "2018-06": {
            "month": "2018-06",
            "price": "11.05",
            "revenue": 249837
        },
        "2018-07": {
            "month": "2018-07",
            "price": "10.22",
            "revenue": 282291
        },
        "2018-08": {
            "month": "2018-08",
            "price": "10.25",
            "revenue": 226801
        },
        "2018-09": {
            "month": "2018-09",
            "price": "10.18",
            "revenue": 243687
        },
        "2018-10": {
            "month": "2018-10",
            "price": "9.45",
            "revenue": 302474
        },
        "2018-11": {
            "month": "2018-11",
            "price": "9.26",
            "revenue": 208149
        },
        "2018-12": {
            "month": "2018-12",
            "price": "9.68",
            "revenue": 253443
        },
        "2019-01": {
            "month": "2019-01",
            "price": "9.85",
            "revenue": 200194
        },
        "2019-02": {
            "month": "2019-02",
            "price": "10.05",
            "revenue": 161207
        },
        "2019-03": {
            "month": "2019-03",
            "price": "10.39",
            "revenue": 231490
        },
        "2019-04": {
            "month": "2019-04",
            "price": "10.38",
            "revenue": 196095
        },
        "2019-05": {
            "month": "2019-05",
            "price": "10.08",
            "revenue": 230559
        },
        "2019-06": {
            "month": "2019-06",
            "price": "10.17",
            "revenue": 214676
        },
        "2019-07": {
            "month": "2019-07",
            "price": "10.23",
            "revenue": 239242
        },
        "2019-08": {
            "month": "2019-08",
            "price": "9.68",
            "revenue": 216261
        },
        "2019-09": {
            "month": "2019-09",
            "price": "9.81",
            "revenue": 212677
        },
        "2019-10": {
            "month": "2019-10",
            "price": "9.53",
            "revenue": 208256
        },
        "2019-11": {
            "month": "2019-11",
            "price": "9.31",
            "revenue": 215118
        },
        "2019-12": {
            "month": "2019-12",
            "price": "9.37",
            "revenue": 219168
        },
        "2020-01": {
            "month": "2020-01",
            "price": "9.35",
            "revenue": 151605
        },
        "2020-02": {
            "month": "2020-02",
            "price": "8.69",
            "revenue": 178078
        },
        "2020-03": {
            "month": "2020-03",
            "price": "6.95",
            "revenue": 226830
        },
        "2020-04": {
            "month": "2020-04",
            "price": "7.12",
            "revenue": 187792
        },
        "2020-05": {
            "month": "2020-05",
            "price": "7.33",
            "revenue": 176158
        },
        "2020-06": {
            "month": "2020-06",
            "price": "7.52",
            "revenue": 166050
        },
        "2020-07": {
            "month": "2020-07",
            "price": "8.18",
            "revenue": 180791
        },
        "2020-08": {
            "month": "2020-08",
            "price": "8.02",
            "revenue": 173102
        },
        "2020-09": {
            "month": "2020-09",
            "price": "9.41",
            "revenue": 198501
        },
        "2020-10": {
            "month": "2020-10",
            "price": "9.56",
            "revenue": 185396
        },
        "2020-11": {
            "month": "2020-11",
            "price": "10.67",
            "revenue": 202123
        },
        "2020-12": {
            "month": "2020-12",
            "price": "20.82",
            "revenue": 234170
        },
        "2021-01": {
            "month": "2021-01",
            "price": "25.10",
            "revenue": 246267
        },
        "2021-02": {
            "month": "2021-02",
            "price": "27.52",
            "revenue": 139040
        },
        "2021-03": {
            "month": "2021-03",
            "price": "30.27",
            "revenue": 303843
        },
        "2021-04": {
            "month": "2021-04",
            "price": "42.68",
            "revenue": 242517
        },
        "2021-05": {
            "month": "2021-05",
            "price": "59.28",
            "revenue": 270259
        },
        "2021-06": {
            "month": "2021-06",
            "price": "63.65",
            "revenue": 289521
        },
        "2021-07": {
            "month": "2021-07",
            "price": "58.40",
            "revenue": 276739
        },
        "2021-08": {
            "month": "2021-08",
            "price": "54.01",
            "revenue": 275002
        },
        "2021-09": {
            "month": "2021-09",
            "price": "50.82",
            "revenue": 292401
        },
        "2021-10": {
            "month": "2021-10",
            "price": "45.16",
            "revenue": 290992
        },
        "2021-11": {
            "month": "2021-11",
            "price": "44.84",
            "revenue": 283203
        },
        "2021-12": {
            "month": "2021-12",
            "price": "43.62",
            "revenue": 309020
        },
        "2022-01": {
            "month": "2022-01",
            "price": "42.56",
            "revenue": 280418
        },
        "2022-02": {
            "month": "2022-02",
            "price": "43.43",
            "revenue": 218471
        },
        "2022-03": {
            "month": "2022-03",
            "price": "46.27",
            "revenue": 280061
        },
        "2022-04": {
            "month": "2022-04",
            "price": "42.83",
            "revenue": 263231
        },
        "2022-05": {
            "month": "2022-05",
            "price": "34.13",
            "revenue": 285095
        },
        "2022-06": {
            "month": "2022-06",
            "price": "31.10",
            "revenue": 229346
        },
        "2022-07": {
            "month": "2022-07",
            "price": "27.59",
            "revenue": 270550
        },
        "2022-08": {
            "month": "2022-08",
            "price": "27.39",
            "revenue": 262992
        },
        "2022-09": {
            "month": "2022-09",
            "price": "24.32",
            "revenue": 186982
        },
        "2022-10": {
            "month": "2022-10",
            "price": "23.20",
            "revenue": 214849
        },
        "2022-11": {
            "month": "2022-11",
            "price": "30.73",
            "revenue": 218789
        },
        "2022-12": {
            "month": "2022-12",
            "price": "31.17",
            "revenue": 184628
        },
        "2023-01": {
            "month": "2023-01",
            "price": "31.49",
            "revenue": 164320
        },
        "2023-02": {
            "month": "2023-02",
            "price": "36.37",
            "revenue": 199424
        },
        "2023-03": {
            "month": "2023-03",
            "price": "34.20",
            "revenue": 263966
        },
        "2023-04": {
            "month": "2023-04",
            "price": "33.78",
            "revenue": 196129
        },
        "2023-05": {
            "month": "2023-05",
            "price": "32.08",
            "revenue": 195811
        }
    }
}
