{
    "summary": {
        "stock_name": "春源",
        "stock_id": "2010",
        "category": "鋼鐵",
        "main_business": "鋼板.貨櫃部材.特殊鋼.矽鋼.特帶.鋼結構<br>車身衝壓.倉儲設備",
        "website_url": "http://www.cysco.com.tw/",
        "ceo": "洪士民",
        "pe_ratio": 17,
        "report_year_from": 2001,
        "report_year_to": 2023,
        "age": 22,
        "eps_negative_percentage": 0,
        "eps_growth_avg": {
            "last_all": 10.55,
            "last_2y": 50,
            "last_4y": 22.33,
            "last_8y": 12.49,
            "last_12y": 12.35,
            "last_16y": 4.12,
            "last_20y": 10.55,
            "at_2006_last_3y": 4.1,
            "at_2007_last_3y": -7.23,
            "at_2008_last_3y": -32.69,
            "at_2009_last_3y": -22.61,
            "at_2010_last_3y": 11.16,
            "at_2011_last_3y": 11.93,
            "at_2012_last_3y": 7.91,
            "at_2013_last_3y": 12.05,
            "at_2014_last_3y": -13.3,
            "at_2015_last_3y": 6.3,
            "at_2016_last_3y": 14.83,
            "at_2017_last_3y": 0.17,
            "at_2018_last_3y": -9.06,
            "at_2019_last_3y": -19.98,
            "at_2020_last_3y": 5.27,
            "at_2021_last_3y": 40.42,
            "at_2022_last_3y": 37.5,
            "at_2023_last_3y": 37.5,
            "at_2006_last_all": 23.28,
            "at_2007_last_all": 13.1,
            "at_2008_last_all": 8.51,
            "at_2009_last_all": 7.63,
            "at_2010_last_all": 17.89,
            "at_2011_last_all": 12.63,
            "at_2012_last_all": 8.29,
            "at_2013_last_all": 9.1,
            "at_2014_last_all": 8.3,
            "at_2015_last_all": 10.82,
            "at_2016_last_all": 10.04,
            "at_2017_last_all": 6.87,
            "at_2018_last_all": 4.21,
            "at_2019_last_all": 3.98,
            "at_2020_last_all": 9.03,
            "at_2021_last_all": 13.58,
            "at_2022_last_all": 10.55,
            "at_2023_last_all": 10.55
        },
        "latest_eps": 0.98,
        "latest_price": 16.6,
        "latest_roe": 5.63,
        "latest_gross_margin": 8.84,
        "latest_equity": 11419739,
        "latest_revenue": 4885560,
        "latest_gross_profit": 431768,
        "latest_net_income": 211694,
        "latest_debt_ratio": 42.63,
        "latest_current_ratio": 179.32,
        "latest_account_receivable_turnover_ratio": 1.03,
        "latest_inventory_turnover_ratio": 1.07,
        "latest_reinvestment_rate": 15.1,
        "latest_research_to_sale_ratio": null
    },
    "eps_dividends": {
        "1990": {
            "cash": 0,
            "stock": 2,
            "eps": 0
        },
        "1991": {
            "cash": 0,
            "stock": 1,
            "eps": 0
        },
        "1992": {
            "cash": 0.3,
            "stock": 0.7,
            "eps": 0
        },
        "1993": {
            "cash": 0,
            "stock": 1,
            "eps": 0
        },
        "1994": {
            "cash": 0,
            "stock": 0.7,
            "eps": 0
        },
        "1995": {
            "cash": 0.4,
            "stock": 0.6,
            "eps": 0
        },
        "1996": {
            "cash": 0.7,
            "stock": 0.3,
            "eps": 0
        },
        "1997": {
            "cash": 0.5,
            "stock": 0.5,
            "eps": 0
        },
        "1998": {
            "cash": 0,
            "stock": 0.7,
            "eps": 0
        },
        "1999": {
            "cash": 0.34,
            "stock": 0.1,
            "eps": 0
        },
        "2000": {
            "cash": 0.75,
            "stock": 0,
            "eps": 0
        },
        "2001": {
            "cash": 0.63,
            "stock": 0,
            "eps": 0.52
        },
        "2002": {
            "cash": 1,
            "stock": 0,
            "eps": 1.73
        },
        "2003": {
            "cash": 1.5,
            "stock": 0,
            "eps": 1.86
        },
        "2004": {
            "cash": 1,
            "stock": 0.5,
            "eps": 3.4
        },
        "2005": {
            "cash": 1.5,
            "stock": 1,
            "eps": 2.08
        },
        "2006": {
            "cash": 1.2,
            "stock": 0.5,
            "eps": 1.35
        },
        "2007": {
            "cash": 0.35,
            "stock": 0.75,
            "eps": 0.84
        },
        "2008": {
            "cash": 0.3,
            "stock": 0.4,
            "eps": 0.68
        },
        "2009": {
            "cash": 0.2,
            "stock": 0.3,
            "eps": 0.69
        },
        "2010": {
            "cash": 0.55,
            "stock": 0,
            "eps": 1.44
        },
        "2011": {
            "cash": 1.2,
            "stock": 0.8999999999999999,
            "eps": 0.94
        },
        "2012": {
            "cash": 0,
            "stock": 0,
            "eps": 0.61
        },
        "2013": {
            "cash": 0.5,
            "stock": 0,
            "eps": 0.72
        },
        "2014": {
            "cash": 1.2,
            "stock": 0,
            "eps": 0.71
        },
        "2015": {
            "cash": 0.5,
            "stock": 0,
            "eps": 1.02
        },
        "2016": {
            "cash": 0.5,
            "stock": 0,
            "eps": 1.01
        },
        "2017": {
            "cash": 0.7,
            "stock": 0,
            "eps": 0.6
        },
        "2018": {
            "cash": 0.5,
            "stock": 0,
            "eps": 0.37
        },
        "2019": {
            "cash": 0.56,
            "stock": 0,
            "eps": 0.37
        },
        "2020": {
            "cash": 0.3,
            "stock": 0,
            "eps": 0.79
        },
        "2021": {
            "cash": 0.6,
            "stock": 0,
            "eps": 1.88
        },
        "2022": {
            "cash": 1.3,
            "stock": 0,
            "eps": 0.94
        },
        "2023": {
            "cash": 0.6,
            "stock": 0,
            "eps": 0.32
        }
    },
    "dividends": {
        "1990-05-07": {
            "cash": 0,
            "stock": 2
        },
        "1991-05-20": {
            "cash": 0,
            "stock": 1
        },
        "1992-05-29": {
            "cash": 0.3,
            "stock": 0.7
        },
        "1993-06-14": {
            "cash": 0,
            "stock": 1
        },
        "1994-05-09": {
            "cash": 0,
            "stock": 0.7
        },
        "1995-06-22": {
            "cash": 0.4,
            "stock": 0.6
        },
        "1996-06-24": {
            "cash": 0.7,
            "stock": 0.3
        },
        "1997-06-24": {
            "cash": 0.5,
            "stock": 0.5
        },
        "1998-06-16": {
            "cash": 0,
            "stock": 0.7
        },
        "1999-06-15": {
            "cash": 0.34,
            "stock": 0.1
        },
        "2000-06-13": {
            "cash": 0.75,
            "stock": 0
        },
        "2001-06-19": {
            "cash": 0.63,
            "stock": 0
        },
        "2002-06-18": {
            "cash": 1,
            "stock": 0
        },
        "2003-03-27": {
            "cash": 1.5,
            "stock": 0
        },
        "2004-03-29": {
            "cash": 1,
            "stock": 0.5
        },
        "2005-03-15": {
            "cash": 1.5,
            "stock": 1
        },
        "2006-03-22": {
            "cash": 1.2,
            "stock": 0.5
        },
        "2007-03-21": {
            "cash": 0.35,
            "stock": 0.75
        },
        "2008-03-21": {
            "cash": 0.3,
            "stock": 0.4
        },
        "2009-03-20": {
            "cash": 0.2,
            "stock": 0.3
        },
        "2010-03-30": {
            "cash": 0.55,
            "stock": 0
        },
        "2011-01-01": {
            "cash": 0.6,
            "stock": 0.2
        },
        "2011-03-15": {
            "cash": 0.6,
            "stock": 0.7
        },
        "2013-03-21": {
            "cash": 0.5,
            "stock": 0
        },
        "2014-06-17": {
            "cash": 1.2,
            "stock": 0
        },
        "2015-07-27": {
            "cash": 0.5,
            "stock": 0
        },
        "2016-08-10": {
            "cash": 0.5,
            "stock": 0
        },
        "2017-07-31": {
            "cash": 0.7,
            "stock": 0
        },
        "2018-07-31": {
            "cash": 0.5,
            "stock": 0
        },
        "2019-08-15": {
            "cash": 0.56,
            "stock": 0
        },
        "2020-08-06": {
            "cash": 0.3,
            "stock": 0
        },
        "2021-08-10": {
            "cash": 0.6,
            "stock": 0
        },
        "2022-05-26": {
            "cash": 1.3,
            "stock": 0
        },
        "2023-03-14": {
            "cash": 0.6,
            "stock": 0
        }
    },
    "prices": {
        "200101": "8.72",
        "200102": "9.39",
        "200103": "9.40",
        "200104": "9.08",
        "200105": "8.87",
        "200106": "8.72",
        "200107": "7.06",
        "200108": "6.60",
        "200109": "6.52",
        "200110": "5.97",
        "200111": "5.89",
        "200112": "6.99",
        "200201": "7.09",
        "200202": "7.10",
        "200203": "7.92",
        "200204": "9.42",
        "200205": "10.59",
        "200206": "11.43",
        "200207": "11.51",
        "200208": "11.85",
        "200209": "11.58",
        "200210": "12.63",
        "200211": "14.99",
        "200212": "15.70",
        "200301": "17.48",
        "200302": "15.59",
        "200303": "14.57",
        "200304": "15.23",
        "200305": "14.50",
        "200306": "16.38",
        "200307": "17.65",
        "200308": "17.21",
        "200309": "16.32",
        "200310": "17.49",
        "200311": "18.24",
        "200312": "17.79",
        "200401": "18.20",
        "200402": "19.54",
        "200403": "21.76",
        "200404": "20.40",
        "200405": "18.19",
        "200406": "18.68",
        "200407": "19.48",
        "200408": "19.30",
        "200409": "22.80",
        "200410": "23.04",
        "200411": "21.12",
        "200412": "21.90",
        "200501": "21.75",
        "200502": "21.88",
        "200503": "21.26",
        "200504": "19.95",
        "200505": "18.85",
        "200506": "19.14",
        "200507": "17.75",
        "200508": "17.36",
        "200509": "17.26",
        "200510": "15.64",
        "200511": "15.04",
        "200512": "14.69",
        "200601": "14.66",
        "200602": "15.29",
        "200603": "15.03",
        "200604": "16.59",
        "200605": "16.10",
        "200606": "14.45",
        "200607": "13.07",
        "200608": "12.58",
        "200609": "12.07",
        "200610": "13.23",
        "200611": "13.66",
        "200612": "14.24",
        "200701": "14.50",
        "200702": "14.40",
        "200703": "14.43",
        "200704": "15.06",
        "200705": "14.54",
        "200706": "14.54",
        "200707": "15.55",
        "200708": "14.54",
        "200709": "14.01",
        "200710": "14.28",
        "200711": "12.82",
        "200712": "11.97",
        "200801": "12.21",
        "200802": "12.42",
        "200803": "13.27",
        "200804": "13.78",
        "200805": "16.22",
        "200806": "15.32",
        "200807": "13.76",
        "200808": "12.34",
        "200809": "11.79",
        "200810": "9.69",
        "200811": "9.93",
        "200812": "9.06",
        "200901": "9.30",
        "200902": "9.24",
        "200903": "9.97",
        "200904": "10.72",
        "200905": "10.78",
        "200906": "10.52",
        "200907": "10.37",
        "200908": "10.93",
        "200909": "10.64",
        "200910": "11.11",
        "200911": "11.27",
        "200912": "12.16",
        "201001": "13.89",
        "201002": "12.53",
        "201003": "12.92",
        "201004": "13.62",
        "201005": "13.13",
        "201006": "12.35",
        "201007": "13.03",
        "201008": "13.84",
        "201009": "14.95",
        "201010": "14.95",
        "201011": "14.55",
        "201012": "14.83",
        "201101": "15.38",
        "201102": "15.14",
        "201103": "15.08",
        "201104": "15.59",
        "201105": "15.62",
        "201106": "15.52",
        "201107": "15.07",
        "201108": "14.11",
        "201109": "12.94",
        "201110": "12.43",
        "201111": "11.89",
        "201112": "11.46",
        "201201": "11.49",
        "201202": "12.27",
        "201203": "12.76",
        "201204": "12.40",
        "201205": "12.26",
        "201206": "12.08",
        "201207": "11.62",
        "201208": "11.63",
        "201209": "11.55",
        "201210": "11.35",
        "201211": "10.94",
        "201212": "11.20",
        "201301": "11.67",
        "201302": "11.57",
        "201303": "11.35",
        "201304": "11.21",
        "201305": "11.40",
        "201306": "11.38",
        "201307": "10.98",
        "201308": "10.95",
        "201309": "11.04",
        "201310": "11.24",
        "201311": "11.14",
        "201312": "11.24",
        "201401": "11.42",
        "201402": "11.31",
        "201403": "11.63",
        "201404": "12.54",
        "201405": "12.76",
        "201406": "13.15",
        "201407": "12.15",
        "201408": "12.01",
        "201409": "11.97",
        "201410": "11.47",
        "201411": "11.30",
        "201412": "11.38",
        "201501": "11.54",
        "201502": "11.56",
        "201503": "11.58",
        "201504": "11.50",
        "201505": "11.47",
        "201506": "11.04",
        "201507": "10.10",
        "201508": "9.59",
        "201509": "9.33",
        "201510": "9.60",
        "201511": "9.28",
        "201512": "8.72",
        "201601": "8.67",
        "201602": "9.23",
        "201603": "10.16",
        "201604": "10.80",
        "201605": "10.40",
        "201606": "10.44",
        "201607": "10.40",
        "201608": "10.59",
        "201609": "10.80",
        "201610": "10.68",
        "201611": "11.40",
        "201612": "11.98",
        "201701": "11.82",
        "201702": "12.29",
        "201703": "12.63",
        "201704": "12.11",
        "201705": "11.98",
        "201706": "12.07",
        "201707": "11.43",
        "201708": "11.43",
        "201709": "11.38",
        "201710": "11.25",
        "201711": "11.23",
        "201712": "11.22",
        "201801": "11.67",
        "201802": "11.28",
        "201803": "11.32",
        "201804": "11.61",
        "201805": "11.28",
        "201806": "11.27",
        "201807": "10.82",
        "201808": "10.86",
        "201809": "10.84",
        "201810": "10.37",
        "201811": "10.08",
        "201812": "10.08",
        "201901": "10.10",
        "201902": "10.28",
        "201903": "10.44",
        "201904": "10.51",
        "201905": "10.42",
        "201906": "10.61",
        "201907": "10.54",
        "201908": "10.11",
        "201909": "10.34",
        "201910": "10.25",
        "201911": "10.24",
        "201912": "10.17",
        "202001": "10.14",
        "202002": "10.04",
        "202003": "9.16",
        "202004": "9.04",
        "202005": "9.38",
        "202006": "9.85",
        "202007": "9.83",
        "202008": "9.97",
        "202009": "10.93",
        "202010": "10.93",
        "202011": "12.50",
        "202012": "13.84",
        "202101": "12.74",
        "202102": "12.77",
        "202103": "13.93",
        "202104": "21.42",
        "202105": "21.41",
        "202106": "23.85",
        "202107": "30.92",
        "202108": "27.40",
        "202109": "27.62",
        "202110": "23.43",
        "202111": "22.61",
        "202112": "23.58",
        "202201": "22.61",
        "202202": "23.25",
        "202203": "24.51",
        "202204": "23.91",
        "202205": "19.69",
        "202206": "18.10",
        "202207": "15.61",
        "202208": "16.38",
        "202209": "15.51",
        "202210": "14.86",
        "202211": "15.43",
        "202212": "15.91",
        "202301": "16.04",
        "202302": "16.75",
        "202303": "16.24",
        "202304": "16.23",
        "202305": "16.40",
        "202306": "16.52"
    },
    "quarters": {
        "20011": {
            "year_quarter": 20011,
            "year": 2001,
            "quarter": 1,
            "eps": 0.33,
            "eps_growth_year": 57.14,
            "eps_4q": 0.86,
            "eps_4q_growth_year": -15.89,
            "roe": 2.07,
            "roe_4q": 2.07,
            "gross_profit": 190787,
            "gross_margin": 8.81,
            "gross_margin_4q_avg": 8.81,
            "net_income": 156038,
            "revenue": 2164784,
            "common_shares": 4781908,
            "book_valuer_per_share": 15.95,
            "book_valuer_per_share_4q_avg": 15.95,
            "equity": 7626288,
            "current_ratio": 168.57,
            "debt_ratio": 43.54,
            "inventory_turnover_ratio": 0.64,
            "account_receivable_turnover_ratio": null,
            "reinvestment_rate": null,
            "research_to_sale_ratio": null,
            "price_fair": 0,
            "eps_avg_yearly": 0,
            "eps_latest_yearly": 0,
            "eps_growth_yearly": 0
        },
        "20012": {
            "year_quarter": 20012,
            "year": 2001,
            "quarter": 2,
            "eps": 0.07,
            "eps_growth_year": -74.07,
            "eps_4q": 0.63,
            "eps_4q_growth_year": -38.49,
            "roe": 0.46,
            "roe_4q": 2.53,
            "gross_profit": 198413,
            "gross_margin": 6.89,
            "gross_margin_4q_avg": 7.85,
            "net_income": 34917,
            "revenue": 2881603,
            "common_shares": 4781908,
            "book_valuer_per_share": 15.49,
            "book_valuer_per_share_4q_avg": 15.72,
            "equity": 7406488,
            "current_ratio": 170.85,
            "debt_ratio": 43.53,
            "inventory_turnover_ratio": 0.93,
            "account_receivable_turnover_ratio": null,
            "reinvestment_rate": null,
            "research_to_sale_ratio": null,
            "price_fair": 0,
            "eps_avg_yearly": 0,
            "eps_latest_yearly": 0,
            "eps_growth_yearly": 0
        },
        "20013": {
            "year_quarter": 20013,
            "year": 2001,
            "quarter": 3,
            "eps": -0.03,
            "eps_growth_year": -113.04,
            "eps_4q": 0.39,
            "eps_4q_growth_year": -61.21,
            "roe": -0.2,
            "roe_4q": 2.33,
            "gross_profit": 194480,
            "gross_margin": 7.32,
            "gross_margin_4q_avg": 7.67,
            "net_income": -14468,
            "revenue": 2655624,
            "common_shares": 4781908,
            "book_valuer_per_share": 15.4,
            "book_valuer_per_share_4q_avg": 15.61,
            "equity": 7362961,
            "current_ratio": 182.42,
            "debt_ratio": 41.52,
            "inventory_turnover_ratio": 1.06,
            "account_receivable_turnover_ratio": null,
            "reinvestment_rate": null,
            "research_to_sale_ratio": null,
            "price_fair": 0,
            "eps_avg_yearly": 0,
            "eps_latest_yearly": 0,
            "eps_growth_yearly": 0
        },
        "20014": {
            "year_quarter": 20014,
            "year": 2001,
            "quarter": 4,
            "eps": 0.15,
            "eps_growth_year": 650,
            "eps_4q": 0.52,
            "eps_4q_growth_year": -29.11,
            "roe": 0.97,
            "roe_4q": 3.3,
            "gross_profit": 211660,
            "gross_margin": 7.72,
            "gross_margin_4q_avg": 7.69,
            "net_income": 70707,
            "revenue": 2740270,
            "common_shares": 4781908,
            "book_valuer_per_share": 14.94,
            "book_valuer_per_share_4q_avg": 15.45,
            "equity": 7143179,
            "current_ratio": 194.13,
            "debt_ratio": 41.18,
            "inventory_turnover_ratio": 1.32,
            "account_receivable_turnover_ratio": null,
            "reinvestment_rate": null,
            "research_to_sale_ratio": null,
            "price_fair": 0,
            "eps_avg_yearly": 0,
            "eps_latest_yearly": 0,
            "eps_growth_yearly": 0
        },
        "20021": {
            "year_quarter": 20021,
            "year": 2002,
            "quarter": 1,
            "eps": 0.3,
            "eps_growth_year": -9.09,
            "eps_4q": 0.52,
            "eps_4q_growth_year": -39.76,
            "roe": 1.79,
            "roe_4q": 3.0199999999999996,
            "gross_profit": 189835,
            "gross_margin": 8.53,
            "gross_margin_4q_avg": 7.62,
            "net_income": 125724,
            "revenue": 2225204,
            "common_shares": 4781908,
            "book_valuer_per_share": 14.48,
            "book_valuer_per_share_4q_avg": 15.08,
            "equity": 6922512,
            "current_ratio": 210.31,
            "debt_ratio": 41.37,
            "inventory_turnover_ratio": 1.09,
            "account_receivable_turnover_ratio": null,
            "reinvestment_rate": null,
            "research_to_sale_ratio": null,
            "price_fair": 42,
            "eps_avg_yearly": 1.2,
            "eps_latest_yearly": 1.2,
            "eps_growth_yearly": 400
        },
        "20022": {
            "year_quarter": 20022,
            "year": 2002,
            "quarter": 2,
            "eps": 0.43,
            "eps_growth_year": 514.29,
            "eps_4q": 0.86,
            "eps_4q_growth_year": 37.51,
            "roe": 2.69,
            "roe_4q": 5.25,
            "gross_profit": 353293,
            "gross_margin": 12.97,
            "gross_margin_4q_avg": 9.14,
            "net_income": 181120,
            "revenue": 2724371,
            "common_shares": 4781908,
            "book_valuer_per_share": 13.7,
            "book_valuer_per_share_4q_avg": 14.63,
            "equity": 6552435,
            "current_ratio": 180.5,
            "debt_ratio": 43.21,
            "inventory_turnover_ratio": 1.29,
            "account_receivable_turnover_ratio": null,
            "reinvestment_rate": null,
            "research_to_sale_ratio": null,
            "price_fair": 51.1,
            "eps_avg_yearly": 1.46,
            "eps_latest_yearly": 1.72,
            "eps_growth_yearly": 286.67
        },
        "20023": {
            "year_quarter": 20023,
            "year": 2002,
            "quarter": 3,
            "eps": 0.67,
            "eps_growth_year": null,
            "eps_4q": 1.56,
            "eps_4q_growth_year": 301.17,
            "roe": 4.24,
            "roe_4q": 9.69,
            "gross_profit": 371677,
            "gross_margin": 13.67,
            "gross_margin_4q_avg": 10.72,
            "net_income": 284234,
            "revenue": 2718172,
            "common_shares": 4781908,
            "book_valuer_per_share": 14.34,
            "book_valuer_per_share_4q_avg": 14.37,
            "equity": 6858299,
            "current_ratio": 182.64,
            "debt_ratio": 43.63,
            "inventory_turnover_ratio": 1.04,
            "account_receivable_turnover_ratio": null,
            "reinvestment_rate": null,
            "research_to_sale_ratio": null,
            "price_fair": 65.33,
            "eps_avg_yearly": 1.87,
            "eps_latest_yearly": 2.68,
            "eps_growth_yearly": 265.53
        },
        "20024": {
            "year_quarter": 20024,
            "year": 2002,
            "quarter": 4,
            "eps": 0.33,
            "eps_growth_year": 120,
            "eps_4q": 1.73,
            "eps_4q_growth_year": 230.27,
            "roe": 1.96,
            "roe_4q": 10.68,
            "gross_profit": 315167,
            "gross_margin": 13.06,
            "gross_margin_4q_avg": 12.06,
            "net_income": 139131,
            "revenue": 2413068,
            "common_shares": 4249225,
            "book_valuer_per_share": 16.45,
            "book_valuer_per_share_4q_avg": 14.74,
            "equity": 7345569,
            "current_ratio": 175.4,
            "debt_ratio": 46.9,
            "inventory_turnover_ratio": 0.76,
            "account_receivable_turnover_ratio": null,
            "reinvestment_rate": 148.73,
            "research_to_sale_ratio": null,
            "price_fair": 60.55,
            "eps_avg_yearly": 1.73,
            "eps_latest_yearly": 1.32,
            "eps_growth_yearly": 148.4
        },
        "20031": {
            "year_quarter": 20031,
            "year": 2003,
            "quarter": 1,
            "eps": 0.5,
            "eps_growth_year": 66.67,
            "eps_4q": 1.91,
            "eps_4q_growth_year": 269.48,
            "roe": 2.94,
            "roe_4q": 11.83,
            "gross_profit": 299641,
            "gross_margin": 12.59,
            "gross_margin_4q_avg": 13.07,
            "net_income": 214032,
            "revenue": 2379313,
            "common_shares": 4249225,
            "book_valuer_per_share": 17.02,
            "book_valuer_per_share_4q_avg": 15.38,
            "equity": 7231301,
            "current_ratio": 191.07,
            "debt_ratio": 42.91,
            "inventory_turnover_ratio": 0.74,
            "account_receivable_turnover_ratio": null,
            "reinvestment_rate": 99.74,
            "research_to_sale_ratio": null,
            "price_fair": 62.44,
            "eps_avg_yearly": 1.78,
            "eps_latest_yearly": 2,
            "eps_growth_yearly": 159.93
        },
        "20032": {
            "year_quarter": 20032,
            "year": 2003,
            "quarter": 2,
            "eps": 0.56,
            "eps_growth_year": 30.23,
            "eps_4q": 2.07,
            "eps_4q_growth_year": 140.24,
            "roe": 3.37,
            "roe_4q": 12.51,
            "gross_profit": 331798,
            "gross_margin": 11.67,
            "gross_margin_4q_avg": 12.75,
            "net_income": 236254,
            "revenue": 2842556,
            "common_shares": 4249225,
            "book_valuer_per_share": 15.97,
            "book_valuer_per_share_4q_avg": 15.95,
            "equity": 6784077,
            "current_ratio": 157.36,
            "debt_ratio": 48.33,
            "inventory_turnover_ratio": 0.9,
            "account_receivable_turnover_ratio": null,
            "reinvestment_rate": 94.71,
            "research_to_sale_ratio": null,
            "price_fair": 65.1,
            "eps_avg_yearly": 1.86,
            "eps_latest_yearly": 2.24,
            "eps_growth_yearly": 141.28
        },
        "20033": {
            "year_quarter": 20033,
            "year": 2003,
            "quarter": 3,
            "eps": 0.5,
            "eps_growth_year": -25.37,
            "eps_4q": 1.88,
            "eps_4q_growth_year": 20.51,
            "roe": 3.11,
            "roe_4q": 11.379999999999999,
            "gross_profit": 346288,
            "gross_margin": 11.1,
            "gross_margin_4q_avg": 12.11,
            "net_income": 213569,
            "revenue": 3120586,
            "common_shares": 4249225,
            "book_valuer_per_share": 16.41,
            "book_valuer_per_share_4q_avg": 16.46,
            "equity": 6971793,
            "current_ratio": 166.51,
            "debt_ratio": 46.13,
            "inventory_turnover_ratio": 0.9,
            "account_receivable_turnover_ratio": null,
            "reinvestment_rate": 91.06,
            "research_to_sale_ratio": null,
            "price_fair": 65.8,
            "eps_avg_yearly": 1.88,
            "eps_latest_yearly": 2,
            "eps_growth_yearly": 114.97
        },
        "20034": {
            "year_quarter": 20034,
            "year": 2003,
            "quarter": 4,
            "eps": 0.3,
            "eps_growth_year": -9.09,
            "eps_4q": 1.86,
            "eps_4q_growth_year": 7.36,
            "roe": 1.76,
            "roe_4q": 11.18,
            "gross_profit": 292202,
            "gross_margin": 9.25,
            "gross_margin_4q_avg": 11.15,
            "net_income": 127705,
            "revenue": 3159129,
            "common_shares": 4249225,
            "book_valuer_per_share": 16.83,
            "book_valuer_per_share_4q_avg": 16.56,
            "equity": 7574888,
            "current_ratio": 159.28,
            "debt_ratio": 51.78,
            "inventory_turnover_ratio": 0.77,
            "account_receivable_turnover_ratio": null,
            "reinvestment_rate": 13.05,
            "research_to_sale_ratio": null,
            "price_fair": 62.83,
            "eps_avg_yearly": 1.8,
            "eps_latest_yearly": 1.2,
            "eps_growth_yearly": 80.6
        },
        "20041": {
            "year_quarter": 20041,
            "year": 2004,
            "quarter": 1,
            "eps": 0.82,
            "eps_growth_year": 64,
            "eps_4q": 2.18,
            "eps_4q_growth_year": 14.22,
            "roe": 4.62,
            "roe_4q": 12.86,
            "gross_profit": 489917,
            "gross_margin": 15.03,
            "gross_margin_4q_avg": 11.76,
            "net_income": 347175,
            "revenue": 3259889,
            "common_shares": 4249225,
            "book_valuer_per_share": 17.57,
            "book_valuer_per_share_4q_avg": 16.7,
            "equity": 7465250,
            "current_ratio": 169.75,
            "debt_ratio": 46.36,
            "inventory_turnover_ratio": 0.76,
            "account_receivable_turnover_ratio": null,
            "reinvestment_rate": -7.48,
            "research_to_sale_ratio": null,
            "price_fair": 68.6,
            "eps_avg_yearly": 1.96,
            "eps_latest_yearly": 3.28,
            "eps_growth_yearly": 148.68
        },
        "20042": {
            "year_quarter": 20042,
            "year": 2004,
            "quarter": 2,
            "eps": 1.15,
            "eps_growth_year": 105.36,
            "eps_4q": 2.77,
            "eps_4q_growth_year": 33.64,
            "roe": 6.53,
            "roe_4q": 16.02,
            "gross_profit": 579380,
            "gross_margin": 14.12,
            "gross_margin_4q_avg": 12.38,
            "net_income": 489504,
            "revenue": 4102303,
            "common_shares": 4249225,
            "book_valuer_per_share": 17.74,
            "book_valuer_per_share_4q_avg": 17.14,
            "equity": 7538229,
            "current_ratio": 155.97,
            "debt_ratio": 49.67,
            "inventory_turnover_ratio": 1,
            "account_receivable_turnover_ratio": null,
            "reinvestment_rate": -7.62,
            "research_to_sale_ratio": null,
            "price_fair": 77.84,
            "eps_avg_yearly": 2.22,
            "eps_latest_yearly": 4.6,
            "eps_growth_yearly": 149.91
        },
        "20043": {
            "year_quarter": 20043,
            "year": 2004,
            "quarter": 3,
            "eps": 0.89,
            "eps_growth_year": 78,
            "eps_4q": 3.05,
            "eps_4q_growth_year": 62.02,
            "roe": 5.14,
            "roe_4q": 18.05,
            "gross_profit": 535921,
            "gross_margin": 12.85,
            "gross_margin_4q_avg": 12.81,
            "net_income": 398131,
            "revenue": 4170742,
            "common_shares": 4461686,
            "book_valuer_per_share": 17.81,
            "book_valuer_per_share_4q_avg": 17.49,
            "equity": 7945946,
            "current_ratio": 158.06,
            "debt_ratio": 49.53,
            "inventory_turnover_ratio": 0.94,
            "account_receivable_turnover_ratio": null,
            "reinvestment_rate": -6.23,
            "research_to_sale_ratio": null,
            "price_fair": 82.09,
            "eps_avg_yearly": 2.35,
            "eps_latest_yearly": 3.56,
            "eps_growth_yearly": 128.06
        },
        "20044": {
            "year_quarter": 20044,
            "year": 2004,
            "quarter": 4,
            "eps": 0.54,
            "eps_growth_year": 80,
            "eps_4q": 3.32,
            "eps_4q_growth_year": 78.7,
            "roe": 2.9,
            "roe_4q": 19.19,
            "gross_profit": 424787,
            "gross_margin": 9.73,
            "gross_margin_4q_avg": 12.93,
            "net_income": 239599,
            "revenue": 4366580,
            "common_shares": 4461686,
            "book_valuer_per_share": 18.15,
            "book_valuer_per_share_4q_avg": 17.82,
            "equity": 8584970,
            "current_ratio": 165.66,
            "debt_ratio": 51.31,
            "inventory_turnover_ratio": 0.86,
            "account_receivable_turnover_ratio": null,
            "reinvestment_rate": 14.55,
            "research_to_sale_ratio": null,
            "price_fair": 81.55,
            "eps_avg_yearly": 2.33,
            "eps_latest_yearly": 2.16,
            "eps_growth_yearly": 104.28
        },
        "20051": {
            "year_quarter": 20051,
            "year": 2005,
            "quarter": 1,
            "eps": 0.81,
            "eps_growth_year": -1.22,
            "eps_4q": 3.34,
            "eps_4q_growth_year": 52.84,
            "roe": 4.23,
            "roe_4q": 18.8,
            "gross_profit": 515984,
            "gross_margin": 11.38,
            "gross_margin_4q_avg": 12.02,
            "net_income": 361163,
            "revenue": 4532247,
            "common_shares": 4461686,
            "book_valuer_per_share": 19.02,
            "book_valuer_per_share_4q_avg": 18.18,
            "equity": 8486869,
            "current_ratio": 173.39,
            "debt_ratio": 43.96,
            "inventory_turnover_ratio": 0.8,
            "account_receivable_turnover_ratio": null,
            "reinvestment_rate": -21.91,
            "research_to_sale_ratio": null,
            "price_fair": 84,
            "eps_avg_yearly": 2.4,
            "eps_latest_yearly": 3.24,
            "eps_growth_yearly": 111.64
        },
        "20052": {
            "year_quarter": 20052,
            "year": 2005,
            "quarter": 2,
            "eps": 0.95,
            "eps_growth_year": -17.39,
            "eps_4q": 3.18,
            "eps_4q_growth_year": 14.81,
            "roe": 5.1,
            "roe_4q": 17.37,
            "gross_profit": 538936,
            "gross_margin": 11.12,
            "gross_margin_4q_avg": 11.27,
            "net_income": 426068,
            "revenue": 4846643,
            "common_shares": 4461686,
            "book_valuer_per_share": 18.39,
            "book_valuer_per_share_4q_avg": 18.34,
            "equity": 8206225,
            "current_ratio": 154.14,
            "debt_ratio": 48.76,
            "inventory_turnover_ratio": 0.86,
            "account_receivable_turnover_ratio": null,
            "reinvestment_rate": -19.42,
            "research_to_sale_ratio": null,
            "price_fair": 87.5,
            "eps_avg_yearly": 2.5,
            "eps_latest_yearly": 3.8,
            "eps_growth_yearly": 108.61
        },
        "20053": {
            "year_quarter": 20053,
            "year": 2005,
            "quarter": 3,
            "eps": 0.42,
            "eps_growth_year": -52.81,
            "eps_4q": 2.49,
            "eps_4q_growth_year": -18.1,
            "roe": 2.49,
            "roe_4q": 14.72,
            "gross_profit": 308756,
            "gross_margin": 6.98,
            "gross_margin_4q_avg": 9.8,
            "net_income": 207875,
            "revenue": 4420492,
            "common_shares": 4907855,
            "book_valuer_per_share": 17.32,
            "book_valuer_per_share_4q_avg": 18.22,
            "equity": 8500345,
            "current_ratio": 154.59,
            "debt_ratio": 47.62,
            "inventory_turnover_ratio": 0.74,
            "account_receivable_turnover_ratio": null,
            "reinvestment_rate": -17.22,
            "research_to_sale_ratio": null,
            "price_fair": 85.59,
            "eps_avg_yearly": 2.45,
            "eps_latest_yearly": 1.68,
            "eps_growth_yearly": 86.49
        },
        "20054": {
            "year_quarter": 20054,
            "year": 2005,
            "quarter": 4,
            "eps": -0.1,
            "eps_growth_year": -118.52,
            "eps_4q": 1.84,
            "eps_4q_growth_year": -44.72,
            "roe": -0.54,
            "roe_4q": 11.280000000000001,
            "gross_profit": 253979,
            "gross_margin": 5.75,
            "gross_margin_4q_avg": 8.81,
            "net_income": -47864,
            "revenue": 4415268,
            "common_shares": 4907855,
            "book_valuer_per_share": 17.23,
            "book_valuer_per_share_4q_avg": 17.99,
            "equity": 9074745,
            "current_ratio": 154.46,
            "debt_ratio": 52.79,
            "inventory_turnover_ratio": 0.66,
            "account_receivable_turnover_ratio": null,
            "reinvestment_rate": 10.41,
            "research_to_sale_ratio": null,
            "price_fair": 85.59,
            "eps_avg_yearly": 2.45,
            "eps_latest_yearly": 1.68,
            "eps_growth_yearly": 86.49
        },
        "20061": {
            "year_quarter": 20061,
            "year": 2006,
            "quarter": 1,
            "eps": 0.21,
            "eps_growth_year": -74.07,
            "eps_4q": 1.42,
            "eps_4q_growth_year": -57.55,
            "roe": 1.16,
            "roe_4q": 8.21,
            "gross_profit": 233663,
            "gross_margin": 5.38,
            "gross_margin_4q_avg": 7.31,
            "net_income": 101972,
            "revenue": 4343226,
            "common_shares": 4907855,
            "book_valuer_per_share": 17.42,
            "book_valuer_per_share_4q_avg": 17.59,
            "equity": 8549870,
            "current_ratio": 179.9,
            "debt_ratio": 43.44,
            "inventory_turnover_ratio": 0.73,
            "account_receivable_turnover_ratio": null,
            "reinvestment_rate": -16.65,
            "research_to_sale_ratio": null,
            "price_fair": 88.7,
            "eps_avg_yearly": 2.53,
            "eps_latest_yearly": 1.68,
            "eps_growth_yearly": 64.1
        },
        "20062": {
            "year_quarter": 20062,
            "year": 2006,
            "quarter": 2,
            "eps": 0.5,
            "eps_growth_year": -47.37,
            "eps_4q": 1.03,
            "eps_4q_growth_year": -67.54,
            "roe": 2.94,
            "roe_4q": 6.05,
            "gross_profit": 314880,
            "gross_margin": 7.38,
            "gross_margin_4q_avg": 6.37,
            "net_income": 246555,
            "revenue": 4268104,
            "common_shares": 4907855,
            "book_valuer_per_share": 16.72,
            "book_valuer_per_share_4q_avg": 17.17,
            "equity": 8204928,
            "current_ratio": 157.43,
            "debt_ratio": 48.55,
            "inventory_turnover_ratio": 0.83,
            "account_receivable_turnover_ratio": null,
            "reinvestment_rate": -14.73,
            "research_to_sale_ratio": null,
            "price_fair": 89.4,
            "eps_avg_yearly": 2.55,
            "eps_latest_yearly": 2,
            "eps_growth_yearly": 91.17
        },
        "20063": {
            "year_quarter": 20063,
            "year": 2006,
            "quarter": 3,
            "eps": 0.47,
            "eps_growth_year": 11.9,
            "eps_4q": 1.05,
            "eps_4q_growth_year": -57.84,
            "roe": 2.91,
            "roe_4q": 6.47,
            "gross_profit": 421085,
            "gross_margin": 10.06,
            "gross_margin_4q_avg": 7.14,
            "net_income": 242906,
            "revenue": 4184451,
            "common_shares": 5153248,
            "book_valuer_per_share": 16.49,
            "book_valuer_per_share_4q_avg": 16.97,
            "equity": 8496370,
            "current_ratio": 157.59,
            "debt_ratio": 48.1,
            "inventory_turnover_ratio": 0.69,
            "account_receivable_turnover_ratio": null,
            "reinvestment_rate": -12.83,
            "research_to_sale_ratio": null,
            "price_fair": 87.4,
            "eps_avg_yearly": 2.5,
            "eps_latest_yearly": 1.88,
            "eps_growth_yearly": 73.51
        },
        "20064": {
            "year_quarter": 20064,
            "year": 2006,
            "quarter": 4,
            "eps": 0.17,
            "eps_growth_year": null,
            "eps_4q": 1.29,
            "eps_4q_growth_year": -29.64,
            "roe": 1.01,
            "roe_4q": 8.02,
            "gross_profit": 249813,
            "gross_margin": 6.03,
            "gross_margin_4q_avg": 7.21,
            "net_income": 89574,
            "revenue": 4144377,
            "common_shares": 5153248,
            "book_valuer_per_share": 16.75,
            "book_valuer_per_share_4q_avg": 16.85,
            "equity": 9201707,
            "current_ratio": 154.25,
            "debt_ratio": 52.85,
            "inventory_turnover_ratio": 0.63,
            "account_receivable_turnover_ratio": null,
            "reinvestment_rate": 7.93,
            "research_to_sale_ratio": null,
            "price_fair": 85.8,
            "eps_avg_yearly": 2.45,
            "eps_latest_yearly": 0.68,
            "eps_growth_yearly": 69.77
        },
        "20071": {
            "year_quarter": 20071,
            "year": 2007,
            "quarter": 1,
            "eps": 0.21,
            "eps_growth_year": 0,
            "eps_4q": 1.36,
            "eps_4q_growth_year": -4.23,
            "roe": 1.18,
            "roe_4q": 8.04,
            "gross_profit": 262988,
            "gross_margin": 7.04,
            "gross_margin_4q_avg": 7.63,
            "net_income": 106012,
            "revenue": 3734520,
            "common_shares": 5153248,
            "book_valuer_per_share": 17.14,
            "book_valuer_per_share_4q_avg": 16.78,
            "equity": 8831904,
            "current_ratio": 165.35,
            "debt_ratio": 45.78,
            "inventory_turnover_ratio": 0.59,
            "account_receivable_turnover_ratio": null,
            "reinvestment_rate": -11.72,
            "research_to_sale_ratio": null,
            "price_fair": 82.9,
            "eps_avg_yearly": 2.37,
            "eps_latest_yearly": 0.84,
            "eps_growth_yearly": 61.78
        },
        "20072": {
            "year_quarter": 20072,
            "year": 2007,
            "quarter": 2,
            "eps": 0.28,
            "eps_growth_year": -44,
            "eps_4q": 1.12,
            "eps_4q_growth_year": 8.67,
            "roe": 1.65,
            "roe_4q": 6.75,
            "gross_profit": 302583,
            "gross_margin": 6.99,
            "gross_margin_4q_avg": 7.53,
            "net_income": 146049,
            "revenue": 4326412,
            "common_shares": 5153248,
            "book_valuer_per_share": 17.13,
            "book_valuer_per_share_4q_avg": 16.88,
            "equity": 8827214,
            "current_ratio": 155.86,
            "debt_ratio": 46.92,
            "inventory_turnover_ratio": 0.76,
            "account_receivable_turnover_ratio": null,
            "reinvestment_rate": -12.89,
            "research_to_sale_ratio": null,
            "price_fair": 80.1,
            "eps_avg_yearly": 2.29,
            "eps_latest_yearly": 1.12,
            "eps_growth_yearly": 67.87
        },
        "20073": {
            "year_quarter": 20073,
            "year": 2007,
            "quarter": 3,
            "eps": 0.19,
            "eps_growth_year": -59.57,
            "eps_4q": 0.81,
            "eps_4q_growth_year": -23.21,
            "roe": 1.18,
            "roe_4q": 5.02,
            "gross_profit": 249968,
            "gross_margin": 5.49,
            "gross_margin_4q_avg": 6.39,
            "net_income": 105095,
            "revenue": 4552072,
            "common_shares": 5539741,
            "book_valuer_per_share": 16.14,
            "book_valuer_per_share_4q_avg": 16.79,
            "equity": 8941450,
            "current_ratio": 156.58,
            "debt_ratio": 46.9,
            "inventory_turnover_ratio": 0.82,
            "account_receivable_turnover_ratio": null,
            "reinvestment_rate": -13.54,
            "research_to_sale_ratio": null,
            "price_fair": 77,
            "eps_avg_yearly": 2.2,
            "eps_latest_yearly": 0.76,
            "eps_growth_yearly": 61.75
        },
        "20074": {
            "year_quarter": 20074,
            "year": 2007,
            "quarter": 4,
            "eps": 0.16,
            "eps_growth_year": -5.88,
            "eps_4q": 0.81,
            "eps_4q_growth_year": -37.29,
            "roe": 0.94,
            "roe_4q": 4.95,
            "gross_profit": 250739,
            "gross_margin": 5.12,
            "gross_margin_4q_avg": 6.16,
            "net_income": 87854,
            "revenue": 4901116,
            "common_shares": 5539741,
            "book_valuer_per_share": 16.4,
            "book_valuer_per_share_4q_avg": 16.7,
            "equity": 9689828,
            "current_ratio": 153.69,
            "debt_ratio": 52.25,
            "inventory_turnover_ratio": 0.78,
            "account_receivable_turnover_ratio": null,
            "reinvestment_rate": 7.58,
            "research_to_sale_ratio": null,
            "price_fair": 75.6,
            "eps_avg_yearly": 2.16,
            "eps_latest_yearly": 0.64,
            "eps_growth_yearly": 68.67
        },
        "20081": {
            "year_quarter": 20081,
            "year": 2008,
            "quarter": 1,
            "eps": 0.39,
            "eps_growth_year": 85.71,
            "eps_4q": 0.96,
            "eps_4q_growth_year": -29.07,
            "roe": 2.31,
            "roe_4q": 6.08,
            "gross_profit": 516831,
            "gross_margin": 8.62,
            "gross_margin_4q_avg": 6.56,
            "net_income": 225924,
            "revenue": 5995756,
            "common_shares": 5539741,
            "book_valuer_per_share": 16.59,
            "book_valuer_per_share_4q_avg": 16.57,
            "equity": 9840953,
            "current_ratio": 152.48,
            "debt_ratio": 53.53,
            "inventory_turnover_ratio": 0.8,
            "account_receivable_turnover_ratio": null,
            "reinvestment_rate": 24.9,
            "research_to_sale_ratio": null,
            "price_fair": 71.3,
            "eps_avg_yearly": 2.04,
            "eps_latest_yearly": 1.56,
            "eps_growth_yearly": 60.21
        },
        "20082": {
            "year_quarter": 20082,
            "year": 2008,
            "quarter": 2,
            "eps": 1.01,
            "eps_growth_year": 260.71,
            "eps_4q": 1.57,
            "eps_4q_growth_year": 39.73,
            "roe": 6.2,
            "roe_4q": 10.629999999999999,
            "gross_profit": 1061984,
            "gross_margin": 12.62,
            "gross_margin_4q_avg": 7.96,
            "net_income": 626726,
            "revenue": 8414946,
            "common_shares": 5539741,
            "book_valuer_per_share": 17.52,
            "book_valuer_per_share_4q_avg": 16.66,
            "equity": 10375121,
            "current_ratio": 163.26,
            "debt_ratio": 51.7,
            "inventory_turnover_ratio": 1.09,
            "account_receivable_turnover_ratio": null,
            "reinvestment_rate": 23.54,
            "research_to_sale_ratio": null,
            "price_fair": 69.9,
            "eps_avg_yearly": 2,
            "eps_latest_yearly": 4.04,
            "eps_growth_yearly": 94.14
        },
        "20083": {
            "year_quarter": 20083,
            "year": 2008,
            "quarter": 3,
            "eps": 0.76,
            "eps_growth_year": 300,
            "eps_4q": 2.11,
            "eps_4q_growth_year": 160.89,
            "roe": 4.39,
            "roe_4q": 13.84,
            "gross_profit": 905973,
            "gross_margin": 12.53,
            "gross_margin_4q_avg": 9.72,
            "net_income": 469716,
            "revenue": 7230811,
            "common_shares": 5761331,
            "book_valuer_per_share": 17.8,
            "book_valuer_per_share_4q_avg": 17.08,
            "equity": 11027192,
            "current_ratio": 161.62,
            "debt_ratio": 53.12,
            "inventory_turnover_ratio": 0.82,
            "account_receivable_turnover_ratio": null,
            "reinvestment_rate": 23.74,
            "research_to_sale_ratio": null,
            "price_fair": 68.6,
            "eps_avg_yearly": 1.96,
            "eps_latest_yearly": 3.04,
            "eps_growth_yearly": 93.52
        },
        "20084": {
            "year_quarter": 20084,
            "year": 2008,
            "quarter": 4,
            "eps": -1.48,
            "eps_growth_year": -1025,
            "eps_4q": 0.68,
            "eps_4q_growth_year": -15.84,
            "roe": -9.43,
            "roe_4q": 3.47,
            "gross_profit": -1171021,
            "gross_margin": -21.41,
            "gross_margin_4q_avg": 3.09,
            "net_income": -986144,
            "revenue": 5469764,
            "common_shares": 5761331,
            "book_valuer_per_share": 16.45,
            "book_valuer_per_share_4q_avg": 17.09,
            "equity": 9895246,
            "current_ratio": 154.7,
            "debt_ratio": 54.5,
            "inventory_turnover_ratio": 0.75,
            "account_receivable_turnover_ratio": 2.46,
            "reinvestment_rate": 7.96,
            "research_to_sale_ratio": null,
            "price_fair": 68.06,
            "eps_avg_yearly": 1.94,
            "eps_latest_yearly": 3.04,
            "eps_growth_yearly": 112.82
        },
        "20091": {
            "year_quarter": 20091,
            "year": 2009,
            "quarter": 1,
            "eps": -0.43,
            "eps_growth_year": -210.26,
            "eps_4q": -0.18,
            "eps_4q_growth_year": -118.43,
            "roe": -2.94,
            "roe_4q": -1.7799999999999994,
            "gross_profit": -279981,
            "gross_margin": -6.62,
            "gross_margin_4q_avg": -0.72,
            "net_income": -288430,
            "revenue": 4227675,
            "common_shares": 5761331,
            "book_valuer_per_share": 16.09,
            "book_valuer_per_share_4q_avg": 16.97,
            "equity": 9704583,
            "current_ratio": 167.34,
            "debt_ratio": 50.45,
            "inventory_turnover_ratio": 0.56,
            "account_receivable_turnover_ratio": 0.95,
            "reinvestment_rate": 80.59,
            "research_to_sale_ratio": null,
            "price_fair": 64.28,
            "eps_avg_yearly": 1.84,
            "eps_latest_yearly": 3.04,
            "eps_growth_yearly": 105.55
        },
        "20092": {
            "year_quarter": 20092,
            "year": 2009,
            "quarter": 2,
            "eps": 0.18,
            "eps_growth_year": -82.18,
            "eps_4q": -1.17,
            "eps_4q_growth_year": -174.63,
            "roe": 0.89,
            "roe_4q": -7.090000000000001,
            "gross_profit": 203108,
            "gross_margin": 4.13,
            "gross_margin_4q_avg": -2.84,
            "net_income": 85653,
            "revenue": 4920695,
            "common_shares": 5761331,
            "book_valuer_per_share": 15.92,
            "book_valuer_per_share_4q_avg": 16.57,
            "equity": 9614702,
            "current_ratio": 195.16,
            "debt_ratio": 43.85,
            "inventory_turnover_ratio": 0.76,
            "account_receivable_turnover_ratio": 1.08,
            "reinvestment_rate": 87.94,
            "research_to_sale_ratio": null,
            "price_fair": 58.04,
            "eps_avg_yearly": 1.66,
            "eps_latest_yearly": 3.04,
            "eps_growth_yearly": 108.86
        },
        "20093": {
            "year_quarter": 20093,
            "year": 2009,
            "quarter": 3,
            "eps": 0.48,
            "eps_growth_year": -36.84,
            "eps_4q": -1.11,
            "eps_4q_growth_year": -152.52,
            "roe": 3.14,
            "roe_4q": -8.34,
            "gross_profit": 648286,
            "gross_margin": 12.66,
            "gross_margin_4q_avg": -2.81,
            "net_income": 305489,
            "revenue": 5119165,
            "common_shares": 5934171,
            "book_valuer_per_share": 15.84,
            "book_valuer_per_share_4q_avg": 16.08,
            "equity": 9871880,
            "current_ratio": 206.37,
            "debt_ratio": 41.22,
            "inventory_turnover_ratio": 0.93,
            "account_receivable_turnover_ratio": 1.09,
            "reinvestment_rate": 73.19,
            "research_to_sale_ratio": null,
            "price_fair": 58.8,
            "eps_avg_yearly": 1.68,
            "eps_latest_yearly": 1.92,
            "eps_growth_yearly": 189.76
        },
        "20094": {
            "year_quarter": 20094,
            "year": 2009,
            "quarter": 4,
            "eps": 0.46,
            "eps_growth_year": null,
            "eps_4q": 0.7,
            "eps_4q_growth_year": 2.88,
            "roe": 2.93,
            "roe_4q": 4.02,
            "gross_profit": 240069,
            "gross_margin": 4.54,
            "gross_margin_4q_avg": 3.68,
            "net_income": 293669,
            "revenue": 5289701,
            "common_shares": 5934171,
            "book_valuer_per_share": 16.26,
            "book_valuer_per_share_4q_avg": 16.03,
            "equity": 10151327,
            "current_ratio": 217.6,
            "debt_ratio": 39.9,
            "inventory_turnover_ratio": 1.25,
            "account_receivable_turnover_ratio": 2.14,
            "reinvestment_rate": 48.5,
            "research_to_sale_ratio": null,
            "price_fair": 59.27,
            "eps_avg_yearly": 1.69,
            "eps_latest_yearly": 1.84,
            "eps_growth_yearly": 172.56
        },
        "20101": {
            "year_quarter": 20101,
            "year": 2010,
            "quarter": 1,
            "eps": 0.45,
            "eps_growth_year": null,
            "eps_4q": 1.57,
            "eps_4q_growth_year": null,
            "roe": 2.78,
            "roe_4q": 9.74,
            "gross_profit": 436611,
            "gross_margin": 8.01,
            "gross_margin_4q_avg": 7.34,
            "net_income": 286510,
            "revenue": 5448037,
            "common_shares": 5934171,
            "book_valuer_per_share": 16.69,
            "book_valuer_per_share_4q_avg": 16.18,
            "equity": 10435411,
            "current_ratio": 222.15,
            "debt_ratio": 39.53,
            "inventory_turnover_ratio": 1.38,
            "account_receivable_turnover_ratio": 1.06,
            "reinvestment_rate": 96.29,
            "research_to_sale_ratio": null,
            "price_fair": 59.55,
            "eps_avg_yearly": 1.7,
            "eps_latest_yearly": 1.8,
            "eps_growth_yearly": 158.61
        },
        "20102": {
            "year_quarter": 20102,
            "year": 2010,
            "quarter": 2,
            "eps": 0.61,
            "eps_growth_year": 236.53,
            "eps_4q": 2,
            "eps_4q_growth_year": null,
            "roe": 3.73,
            "roe_4q": 12.58,
            "gross_profit": 590592,
            "gross_margin": 10.42,
            "gross_margin_4q_avg": 8.91,
            "net_income": 391588,
            "revenue": 5666580,
            "common_shares": 5934171,
            "book_valuer_per_share": 16.84,
            "book_valuer_per_share_4q_avg": 16.41,
            "equity": 10554248,
            "current_ratio": 187.7,
            "debt_ratio": 43.96,
            "inventory_turnover_ratio": 1.23,
            "account_receivable_turnover_ratio": 1.01,
            "reinvestment_rate": 89.43,
            "research_to_sale_ratio": null,
            "price_fair": 60.74,
            "eps_avg_yearly": 1.74,
            "eps_latest_yearly": 2.44,
            "eps_growth_yearly": 127.06
        },
        "20103": {
            "year_quarter": 20103,
            "year": 2010,
            "quarter": 3,
            "eps": 0.21,
            "eps_growth_year": -55.64,
            "eps_4q": 1.73,
            "eps_4q_growth_year": null,
            "roe": 1.13,
            "roe_4q": 10.569999999999999,
            "gross_profit": 478208,
            "gross_margin": 7.9,
            "gross_margin_4q_avg": 7.72,
            "net_income": 120191,
            "revenue": 6056321,
            "common_shares": 5934171,
            "book_valuer_per_share": 16.96,
            "book_valuer_per_share_4q_avg": 16.69,
            "equity": 10640391,
            "current_ratio": 179.91,
            "debt_ratio": 45.76,
            "inventory_turnover_ratio": 1.13,
            "account_receivable_turnover_ratio": 1.05,
            "reinvestment_rate": 87.45,
            "research_to_sale_ratio": null,
            "price_fair": 57.94,
            "eps_avg_yearly": 1.66,
            "eps_latest_yearly": 0.84,
            "eps_growth_yearly": 108.73
        },
        "20104": {
            "year_quarter": 20104,
            "year": 2010,
            "quarter": 4,
            "eps": 0.17,
            "eps_growth_year": -62.54,
            "eps_4q": 1.44,
            "eps_4q_growth_year": 105.86,
            "roe": 0.95,
            "roe_4q": 8.59,
            "gross_profit": 55060,
            "gross_margin": 0.97,
            "gross_margin_4q_avg": 6.83,
            "net_income": 100852,
            "revenue": 5662347,
            "common_shares": 5934171,
            "book_valuer_per_share": 16.75,
            "book_valuer_per_share_4q_avg": 16.81,
            "equity": 10573678,
            "current_ratio": 184.25,
            "debt_ratio": 45.29,
            "inventory_turnover_ratio": 1.08,
            "account_receivable_turnover_ratio": 1.05,
            "reinvestment_rate": 6.19,
            "research_to_sale_ratio": null,
            "price_fair": 57.94,
            "eps_avg_yearly": 1.66,
            "eps_latest_yearly": 0.68,
            "eps_growth_yearly": 122.51
        },
        "20111": {
            "year_quarter": 20111,
            "year": 2011,
            "quarter": 1,
            "eps": 0.43,
            "eps_growth_year": -4.44,
            "eps_4q": 1.42,
            "eps_4q_growth_year": -9.5,
            "roe": 2.45,
            "roe_4q": 8.26,
            "gross_profit": 483691,
            "gross_margin": 7.68,
            "gross_margin_4q_avg": 6.74,
            "net_income": 262798,
            "revenue": 6296136,
            "common_shares": 5934171,
            "book_valuer_per_share": 17.54,
            "book_valuer_per_share_4q_avg": 17.02,
            "equity": 10906196,
            "current_ratio": 174.82,
            "debt_ratio": 48.05,
            "inventory_turnover_ratio": 1.08,
            "account_receivable_turnover_ratio": 1.14,
            "reinvestment_rate": 73.31,
            "research_to_sale_ratio": null,
            "price_fair": 60.31,
            "eps_avg_yearly": 1.72,
            "eps_latest_yearly": 1.72,
            "eps_growth_yearly": 162.33
        },
        "20112": {
            "year_quarter": 20112,
            "year": 2011,
            "quarter": 2,
            "eps": 0.37,
            "eps_growth_year": -38.25,
            "eps_4q": 1.14,
            "eps_4q_growth_year": -43.08,
            "roe": 2.25,
            "roe_4q": 6.78,
            "gross_profit": 344786,
            "gross_margin": 5.13,
            "gross_margin_4q_avg": 5.42,
            "net_income": 244446,
            "revenue": 6719053,
            "common_shares": 5934171,
            "book_valuer_per_share": 17.32,
            "book_valuer_per_share_4q_avg": 17.14,
            "equity": 10781443,
            "current_ratio": 163.27,
            "debt_ratio": 51.41,
            "inventory_turnover_ratio": 1.09,
            "account_receivable_turnover_ratio": 1.13,
            "reinvestment_rate": 73.51,
            "research_to_sale_ratio": null,
            "price_fair": 61.28,
            "eps_avg_yearly": 1.75,
            "eps_latest_yearly": 1.48,
            "eps_growth_yearly": 147.78
        },
        "20113": {
            "year_quarter": 20113,
            "year": 2011,
            "quarter": 3,
            "eps": 0.04,
            "eps_growth_year": -81.27,
            "eps_4q": 0.98,
            "eps_4q_growth_year": -43.34,
            "roe": 0.08,
            "roe_4q": 5.73,
            "gross_profit": 464342,
            "gross_margin": 6.5,
            "gross_margin_4q_avg": 5.07,
            "net_income": 9196,
            "revenue": 7140025,
            "common_shares": 6349563,
            "book_valuer_per_share": 16.5,
            "book_valuer_per_share_4q_avg": 17.03,
            "equity": 11003435,
            "current_ratio": 159.28,
            "debt_ratio": 52.46,
            "inventory_turnover_ratio": 1.08,
            "account_receivable_turnover_ratio": 1.19,
            "reinvestment_rate": 78.98,
            "research_to_sale_ratio": null,
            "price_fair": 59.66,
            "eps_avg_yearly": 1.7,
            "eps_latest_yearly": 0.16,
            "eps_growth_yearly": 130.23
        },
        "20114": {
            "year_quarter": 20114,
            "year": 2011,
            "quarter": 4,
            "eps": 0.1,
            "eps_growth_year": -44.83,
            "eps_4q": 0.91,
            "eps_4q_growth_year": -36.8,
            "roe": 0.39,
            "roe_4q": 5.17,
            "gross_profit": -236990,
            "gross_margin": -3.92,
            "gross_margin_4q_avg": 3.85,
            "net_income": 42429,
            "revenue": 6046240,
            "common_shares": 6349563,
            "book_valuer_per_share": 16.55,
            "book_valuer_per_share_4q_avg": 16.98,
            "equity": 11015322,
            "current_ratio": 173.3,
            "debt_ratio": 48.59,
            "inventory_turnover_ratio": 1.04,
            "account_receivable_turnover_ratio": 1.03,
            "reinvestment_rate": 10.81,
            "research_to_sale_ratio": null,
            "price_fair": 59.02,
            "eps_avg_yearly": 1.69,
            "eps_latest_yearly": 0.4,
            "eps_growth_yearly": 181.24
        },
        "20121": {
            "year_quarter": 20121,
            "year": 2012,
            "quarter": 1,
            "eps": 0.24,
            "eps_growth_year": -44.19,
            "eps_4q": 0.75,
            "eps_4q_growth_year": -47.31,
            "roe": 1.39,
            "roe_4q": 4.109999999999999,
            "gross_profit": 348922,
            "gross_margin": 5.89,
            "gross_margin_4q_avg": 3.4,
            "net_income": 153567,
            "revenue": 5920898,
            "common_shares": 6349563,
            "book_valuer_per_share": 16.72,
            "book_valuer_per_share_4q_avg": 16.77,
            "equity": 11114846,
            "current_ratio": 179.64,
            "debt_ratio": 46.61,
            "inventory_turnover_ratio": 1.05,
            "account_receivable_turnover_ratio": 1.12,
            "reinvestment_rate": 19.27,
            "research_to_sale_ratio": null,
            "price_fair": 57.4,
            "eps_avg_yearly": 1.64,
            "eps_latest_yearly": 0.96,
            "eps_growth_yearly": 180.09
        },
        "20122": {
            "year_quarter": 20122,
            "year": 2012,
            "quarter": 2,
            "eps": 0.14,
            "eps_growth_year": -62.86,
            "eps_4q": 0.51,
            "eps_4q_growth_year": -55.41,
            "roe": 0.8,
            "roe_4q": 2.66,
            "gross_profit": 198856,
            "gross_margin": 3.01,
            "gross_margin_4q_avg": 2.87,
            "net_income": 88012,
            "revenue": 6598590,
            "common_shares": 6349563,
            "book_valuer_per_share": 16.28,
            "book_valuer_per_share_4q_avg": 16.51,
            "equity": 10837816,
            "current_ratio": 174.83,
            "debt_ratio": 47.34,
            "inventory_turnover_ratio": 1.33,
            "account_receivable_turnover_ratio": 1.26,
            "reinvestment_rate": 33.53,
            "research_to_sale_ratio": null,
            "price_fair": 48.03,
            "eps_avg_yearly": 1.37,
            "eps_latest_yearly": 0.56,
            "eps_growth_yearly": 118.35
        },
        "20123": {
            "year_quarter": 20123,
            "year": 2012,
            "quarter": 3,
            "eps": 0.08,
            "eps_growth_year": 99.4,
            "eps_4q": 0.55,
            "eps_4q_growth_year": -44.04,
            "roe": 0.41,
            "roe_4q": 2.9899999999999998,
            "gross_profit": 127242,
            "gross_margin": 2.27,
            "gross_margin_4q_avg": 1.81,
            "net_income": 44064,
            "revenue": 5609708,
            "common_shares": 6476554,
            "book_valuer_per_share": 16.01,
            "book_valuer_per_share_4q_avg": 16.39,
            "equity": 10853580,
            "current_ratio": 188.51,
            "debt_ratio": 43.7,
            "inventory_turnover_ratio": 1.24,
            "account_receivable_turnover_ratio": 1.06,
            "reinvestment_rate": 46.52,
            "research_to_sale_ratio": null,
            "price_fair": 40.71,
            "eps_avg_yearly": 1.16,
            "eps_latest_yearly": 0.32,
            "eps_growth_yearly": 112.78
        },
        "20124": {
            "year_quarter": 20124,
            "year": 2012,
            "quarter": 4,
            "eps": 0.15,
            "eps_growth_year": 55.12,
            "eps_4q": 0.6,
            "eps_4q_growth_year": -34.05,
            "roe": 0.83,
            "roe_4q": 3.4299999999999997,
            "gross_profit": 211837,
            "gross_margin": 4.06,
            "gross_margin_4q_avg": 3.81,
            "net_income": 90711,
            "revenue": 5212097,
            "common_shares": 6476554,
            "book_valuer_per_share": 16.12,
            "book_valuer_per_share_4q_avg": 16.28,
            "equity": 11103126,
            "current_ratio": 225.51,
            "debt_ratio": 37.69,
            "inventory_turnover_ratio": 1.32,
            "account_receivable_turnover_ratio": 1.09,
            "reinvestment_rate": 26.3,
            "research_to_sale_ratio": null,
            "price_fair": 39.3,
            "eps_avg_yearly": 1.12,
            "eps_latest_yearly": 0.6,
            "eps_growth_yearly": 129.72
        },
        "20131": {
            "year_quarter": 20131,
            "year": 2013,
            "quarter": 1,
            "eps": 0.15,
            "eps_growth_year": -37.5,
            "eps_4q": 0.51,
            "eps_4q_growth_year": -31.44,
            "roe": 0.86,
            "roe_4q": 2.9000000000000004,
            "gross_profit": 243102,
            "gross_margin": 5.21,
            "gross_margin_4q_avg": 3.64,
            "net_income": 95828,
            "revenue": 4667448,
            "common_shares": 6476554,
            "book_valuer_per_share": 16.25,
            "book_valuer_per_share_4q_avg": 16.17,
            "equity": 11211465,
            "current_ratio": 214.21,
            "debt_ratio": 39.84,
            "inventory_turnover_ratio": 0.96,
            "account_receivable_turnover_ratio": 1.16,
            "reinvestment_rate": 40.49,
            "research_to_sale_ratio": null,
            "price_fair": 38.08,
            "eps_avg_yearly": 1.09,
            "eps_latest_yearly": 0.6,
            "eps_growth_yearly": 121.08
        },
        "20132": {
            "year_quarter": 20132,
            "year": 2013,
            "quarter": 2,
            "eps": 0.12,
            "eps_growth_year": -13.63,
            "eps_4q": 0.5,
            "eps_4q_growth_year": -1.96,
            "roe": 0.7,
            "roe_4q": 2.8000000000000003,
            "gross_profit": 195986,
            "gross_margin": 3.87,
            "gross_margin_4q_avg": 3.85,
            "net_income": 78176,
            "revenue": 5058485,
            "common_shares": 6476554,
            "book_valuer_per_share": 15.94,
            "book_valuer_per_share_4q_avg": 16.08,
            "equity": 11019854,
            "current_ratio": 208.62,
            "debt_ratio": 40.34,
            "inventory_turnover_ratio": 0.89,
            "account_receivable_turnover_ratio": 1.4,
            "reinvestment_rate": 47.44,
            "research_to_sale_ratio": null,
            "price_fair": 36.75,
            "eps_avg_yearly": 1.05,
            "eps_latest_yearly": 0.48,
            "eps_growth_yearly": 108.51
        },
        "20133": {
            "year_quarter": 20133,
            "year": 2013,
            "quarter": 3,
            "eps": 0.18,
            "eps_growth_year": 126.41,
            "eps_4q": 0.6,
            "eps_4q_growth_year": 9.13,
            "roe": 1.03,
            "roe_4q": 3.42,
            "gross_profit": 301837,
            "gross_margin": 6.08,
            "gross_margin_4q_avg": 4.81,
            "net_income": 113388,
            "revenue": 4967898,
            "common_shares": 6476554,
            "book_valuer_per_share": 16.05,
            "book_valuer_per_share_4q_avg": 16.09,
            "equity": 11075684,
            "current_ratio": 214.98,
            "debt_ratio": 38.86,
            "inventory_turnover_ratio": 0.91,
            "account_receivable_turnover_ratio": 1.38,
            "reinvestment_rate": 55.81,
            "research_to_sale_ratio": null,
            "price_fair": 34.13,
            "eps_avg_yearly": 0.98,
            "eps_latest_yearly": 0.72,
            "eps_growth_yearly": 79.34
        },
        "20134": {
            "year_quarter": 20134,
            "year": 2013,
            "quarter": 4,
            "eps": 0.27,
            "eps_growth_year": 84.58,
            "eps_4q": 0.72,
            "eps_4q_growth_year": 20.01,
            "roe": 1.56,
            "roe_4q": 4.15,
            "gross_profit": 517951,
            "gross_margin": 10.18,
            "gross_margin_4q_avg": 6.34,
            "net_income": 174322,
            "revenue": 5088544,
            "common_shares": 6476554,
            "book_valuer_per_share": 16.42,
            "book_valuer_per_share_4q_avg": 16.17,
            "equity": 11326537,
            "current_ratio": 215.17,
            "debt_ratio": 38.49,
            "inventory_turnover_ratio": 0.88,
            "account_receivable_turnover_ratio": 1.45,
            "reinvestment_rate": 32.63,
            "research_to_sale_ratio": null,
            "price_fair": 32.46,
            "eps_avg_yearly": 0.93,
            "eps_latest_yearly": 1.08,
            "eps_growth_yearly": 92.88
        },
        "20141": {
            "year_quarter": 20141,
            "year": 2014,
            "quarter": 1,
            "eps": 0.14,
            "eps_growth_year": -6.67,
            "eps_4q": 0.72,
            "eps_4q_growth_year": 39.64,
            "roe": 0.78,
            "roe_4q": 4.07,
            "gross_profit": 312552,
            "gross_margin": 6.78,
            "gross_margin_4q_avg": 6.73,
            "net_income": 88767,
            "revenue": 4607667,
            "common_shares": 6476554,
            "book_valuer_per_share": 16.53,
            "book_valuer_per_share_4q_avg": 16.24,
            "equity": 11395472,
            "current_ratio": 204.75,
            "debt_ratio": 40.33,
            "inventory_turnover_ratio": 0.8,
            "account_receivable_turnover_ratio": 1.3,
            "reinvestment_rate": 35.48,
            "research_to_sale_ratio": null,
            "price_fair": 29.75,
            "eps_avg_yearly": 0.85,
            "eps_latest_yearly": 0.56,
            "eps_growth_yearly": 81.39
        },
        "20142": {
            "year_quarter": 20142,
            "year": 2014,
            "quarter": 2,
            "eps": 0.18,
            "eps_growth_year": 50,
            "eps_4q": 0.78,
            "eps_4q_growth_year": 56.38,
            "roe": 1.03,
            "roe_4q": 4.4,
            "gross_profit": 316767,
            "gross_margin": 5.68,
            "gross_margin_4q_avg": 7.18,
            "net_income": 113511,
            "revenue": 5578207,
            "common_shares": 6476554,
            "book_valuer_per_share": 15.43,
            "book_valuer_per_share_4q_avg": 16.11,
            "equity": 10663720,
            "current_ratio": 178.95,
            "debt_ratio": 45.24,
            "inventory_turnover_ratio": 0.98,
            "account_receivable_turnover_ratio": 1.48,
            "reinvestment_rate": 35.16,
            "research_to_sale_ratio": null,
            "price_fair": 25.99,
            "eps_avg_yearly": 0.74,
            "eps_latest_yearly": 0.72,
            "eps_growth_yearly": 79.64
        },
        "20143": {
            "year_quarter": 20143,
            "year": 2014,
            "quarter": 3,
            "eps": 0.23,
            "eps_growth_year": 27.78,
            "eps_4q": 0.83,
            "eps_4q_growth_year": 39.31,
            "roe": 1.33,
            "roe_4q": 4.700000000000001,
            "gross_profit": 352656,
            "gross_margin": 6.67,
            "gross_margin_4q_avg": 7.33,
            "net_income": 142686,
            "revenue": 5286839,
            "common_shares": 6476554,
            "book_valuer_per_share": 15.73,
            "book_valuer_per_share_4q_avg": 16.03,
            "equity": 10863032,
            "current_ratio": 190.8,
            "debt_ratio": 42.49,
            "inventory_turnover_ratio": 1.01,
            "account_receivable_turnover_ratio": 1.34,
            "reinvestment_rate": 37.95,
            "research_to_sale_ratio": null,
            "price_fair": 26.16,
            "eps_avg_yearly": 0.75,
            "eps_latest_yearly": 0.92,
            "eps_growth_yearly": 102.98
        },
        "20144": {
            "year_quarter": 20144,
            "year": 2014,
            "quarter": 4,
            "eps": 0.16,
            "eps_growth_year": -41.22,
            "eps_4q": 0.72,
            "eps_4q_growth_year": -0.26,
            "roe": 0.75,
            "roe_4q": 3.8900000000000006,
            "gross_profit": 311481,
            "gross_margin": 6.28,
            "gross_margin_4q_avg": 6.35,
            "net_income": 81771,
            "revenue": 4958617,
            "common_shares": 6476554,
            "book_valuer_per_share": 16,
            "book_valuer_per_share_4q_avg": 15.92,
            "equity": 11037170,
            "current_ratio": 207.65,
            "debt_ratio": 39.48,
            "inventory_turnover_ratio": 1.04,
            "account_receivable_turnover_ratio": 1.3,
            "reinvestment_rate": 47.88,
            "research_to_sale_ratio": null,
            "price_fair": 26.08,
            "eps_avg_yearly": 0.75,
            "eps_latest_yearly": 0.64,
            "eps_growth_yearly": 100.14
        },
        "20151": {
            "year_quarter": 20151,
            "year": 2015,
            "quarter": 1,
            "eps": 0.16,
            "eps_growth_year": 14.29,
            "eps_4q": 0.74,
            "eps_4q_growth_year": 3.33,
            "roe": 0.91,
            "roe_4q": 4.0200000000000005,
            "gross_profit": 258096,
            "gross_margin": 6.24,
            "gross_margin_4q_avg": 6.22,
            "net_income": 101178,
            "revenue": 4137840,
            "common_shares": 6476554,
            "book_valuer_per_share": 16.16,
            "book_valuer_per_share_4q_avg": 15.83,
            "equity": 11129023,
            "current_ratio": 231.59,
            "debt_ratio": 36.24,
            "inventory_turnover_ratio": 0.92,
            "account_receivable_turnover_ratio": 1.13,
            "reinvestment_rate": 48.24,
            "research_to_sale_ratio": null,
            "price_fair": 23.71,
            "eps_avg_yearly": 0.68,
            "eps_latest_yearly": 0.64,
            "eps_growth_yearly": 61.9
        },
        "20152": {
            "year_quarter": 20152,
            "year": 2015,
            "quarter": 2,
            "eps": 0.16,
            "eps_growth_year": -11.11,
            "eps_4q": 0.72,
            "eps_4q_growth_year": -8.02,
            "roe": 0.81,
            "roe_4q": 3.8000000000000003,
            "gross_profit": 266940,
            "gross_margin": 6.39,
            "gross_margin_4q_avg": 6.4,
            "net_income": 89083,
            "revenue": 4179834,
            "common_shares": 6476554,
            "book_valuer_per_share": 15.74,
            "book_valuer_per_share_4q_avg": 15.91,
            "equity": 10833600,
            "current_ratio": 225.71,
            "debt_ratio": 36.88,
            "inventory_turnover_ratio": 0.95,
            "account_receivable_turnover_ratio": 1.2,
            "reinvestment_rate": 50.53,
            "research_to_sale_ratio": null,
            "price_fair": 21.88,
            "eps_avg_yearly": 0.63,
            "eps_latest_yearly": 0.64,
            "eps_growth_yearly": 65.39
        },
        "20153": {
            "year_quarter": 20153,
            "year": 2015,
            "quarter": 3,
            "eps": 0.11,
            "eps_growth_year": -52.17,
            "eps_4q": 0.59,
            "eps_4q_growth_year": -28.65,
            "roe": 0.54,
            "roe_4q": 3.0100000000000002,
            "gross_profit": 244951,
            "gross_margin": 6.13,
            "gross_margin_4q_avg": 6.26,
            "net_income": 59153,
            "revenue": 3997660,
            "common_shares": 6476554,
            "book_valuer_per_share": 15.97,
            "book_valuer_per_share_4q_avg": 15.97,
            "equity": 10995251,
            "current_ratio": 220.7,
            "debt_ratio": 37.67,
            "inventory_turnover_ratio": 1.07,
            "account_receivable_turnover_ratio": 1.02,
            "reinvestment_rate": 45.92,
            "research_to_sale_ratio": null,
            "price_fair": 22.49,
            "eps_avg_yearly": 0.64,
            "eps_latest_yearly": 0.44,
            "eps_growth_yearly": 79.87
        },
        "20154": {
            "year_quarter": 20154,
            "year": 2015,
            "quarter": 4,
            "eps": 0.59,
            "eps_growth_year": 268.12,
            "eps_4q": 1.02,
            "eps_4q_growth_year": 41.98,
            "roe": 3.94,
            "roe_4q": 6.200000000000001,
            "gross_profit": 307265,
            "gross_margin": 7.38,
            "gross_margin_4q_avg": 6.54,
            "net_income": 438368,
            "revenue": 4162040,
            "common_shares": 6476554,
            "book_valuer_per_share": 16.34,
            "book_valuer_per_share_4q_avg": 16.05,
            "equity": 11269548,
            "current_ratio": 277.44,
            "debt_ratio": 31.24,
            "inventory_turnover_ratio": 1.52,
            "account_receivable_turnover_ratio": 0.99,
            "reinvestment_rate": 40.44,
            "research_to_sale_ratio": null,
            "price_fair": 26.78,
            "eps_avg_yearly": 0.77,
            "eps_latest_yearly": 2.36,
            "eps_growth_yearly": 151.46
        },
        "20161": {
            "year_quarter": 20161,
            "year": 2016,
            "quarter": 1,
            "eps": 0.23,
            "eps_growth_year": 43.75,
            "eps_4q": 1.09,
            "eps_4q_growth_year": 47.19,
            "roe": 1.32,
            "roe_4q": 6.609999999999999,
            "gross_profit": 376132,
            "gross_margin": 9.23,
            "gross_margin_4q_avg": 7.28,
            "net_income": 149676,
            "revenue": 4075025,
            "common_shares": 6476554,
            "book_valuer_per_share": 16.54,
            "book_valuer_per_share_4q_avg": 16.15,
            "equity": 11391645,
            "current_ratio": 317.76,
            "debt_ratio": 28.58,
            "inventory_turnover_ratio": 1.68,
            "account_receivable_turnover_ratio": 1.07,
            "reinvestment_rate": 32.94,
            "research_to_sale_ratio": null,
            "price_fair": 26.69,
            "eps_avg_yearly": 0.76,
            "eps_latest_yearly": 0.92,
            "eps_growth_yearly": 101.21
        },
        "20162": {
            "year_quarter": 20162,
            "year": 2016,
            "quarter": 2,
            "eps": 0.33,
            "eps_growth_year": 106.25,
            "eps_4q": 1.27,
            "eps_4q_growth_year": 77.57,
            "roe": 1.96,
            "roe_4q": 7.760000000000001,
            "gross_profit": 482900,
            "gross_margin": 10.67,
            "gross_margin_4q_avg": 8.35,
            "net_income": 221515,
            "revenue": 4526525,
            "common_shares": 6476554,
            "book_valuer_per_share": 16.24,
            "book_valuer_per_share_4q_avg": 16.27,
            "equity": 11184491,
            "current_ratio": 302.26,
            "debt_ratio": 29.74,
            "inventory_turnover_ratio": 1.9,
            "account_receivable_turnover_ratio": 1.18,
            "reinvestment_rate": 21.3,
            "research_to_sale_ratio": null,
            "price_fair": 28.35,
            "eps_avg_yearly": 0.81,
            "eps_latest_yearly": 1.32,
            "eps_growth_yearly": 122.5
        },
        "20163": {
            "year_quarter": 20163,
            "year": 2016,
            "quarter": 3,
            "eps": 0.25,
            "eps_growth_year": 127.27,
            "eps_4q": 1.41,
            "eps_4q_growth_year": 137.59,
            "roe": 1.48,
            "roe_4q": 8.7,
            "gross_profit": 378436,
            "gross_margin": 9.36,
            "gross_margin_4q_avg": 9.16,
            "net_income": 165326,
            "revenue": 4044368,
            "common_shares": 6476554,
            "book_valuer_per_share": 16.31,
            "book_valuer_per_share_4q_avg": 16.36,
            "equity": 11162297,
            "current_ratio": 308.87,
            "debt_ratio": 29.16,
            "inventory_turnover_ratio": 1.7,
            "account_receivable_turnover_ratio": 1.05,
            "reinvestment_rate": 19.68,
            "research_to_sale_ratio": null,
            "price_fair": 29.84,
            "eps_avg_yearly": 0.85,
            "eps_latest_yearly": 1,
            "eps_growth_yearly": 127.15
        },
        "20164": {
            "year_quarter": 20164,
            "year": 2016,
            "quarter": 4,
            "eps": 0.2,
            "eps_growth_year": -66.86,
            "eps_4q": 1.02,
            "eps_4q_growth_year": -0.49,
            "roe": 1.12,
            "roe_4q": 5.880000000000001,
            "gross_profit": 354378,
            "gross_margin": 9.21,
            "gross_margin_4q_avg": 9.62,
            "net_income": 125038,
            "revenue": 3846947,
            "common_shares": 6476554,
            "book_valuer_per_share": 16.46,
            "book_valuer_per_share_4q_avg": 16.39,
            "equity": 11249129,
            "current_ratio": 304.02,
            "debt_ratio": 29.19,
            "inventory_turnover_ratio": 1.53,
            "account_receivable_turnover_ratio": 1,
            "reinvestment_rate": 16.68,
            "research_to_sale_ratio": null,
            "price_fair": 30.28,
            "eps_avg_yearly": 0.87,
            "eps_latest_yearly": 0.8,
            "eps_growth_yearly": 100.27
        },
        "20171": {
            "year_quarter": 20171,
            "year": 2017,
            "quarter": 1,
            "eps": 0.27,
            "eps_growth_year": 17.39,
            "eps_4q": 1.05,
            "eps_4q_growth_year": -3.56,
            "roe": 1.61,
            "roe_4q": 6.170000000000001,
            "gross_profit": 387584,
            "gross_margin": 9.47,
            "gross_margin_4q_avg": 9.68,
            "net_income": 180855,
            "revenue": 4092769,
            "common_shares": 6476554,
            "book_valuer_per_share": 16.52,
            "book_valuer_per_share_4q_avg": 16.38,
            "equity": 11278601,
            "current_ratio": 270.05,
            "debt_ratio": 32.01,
            "inventory_turnover_ratio": 1.44,
            "account_receivable_turnover_ratio": 1.02,
            "reinvestment_rate": -4.51,
            "research_to_sale_ratio": null,
            "price_fair": 31.33,
            "eps_avg_yearly": 0.9,
            "eps_latest_yearly": 1.08,
            "eps_growth_yearly": 109.02
        },
        "20172": {
            "year_quarter": 20172,
            "year": 2017,
            "quarter": 2,
            "eps": 0.04,
            "eps_growth_year": -87.88,
            "eps_4q": 0.76,
            "eps_4q_growth_year": -40.48,
            "roe": 0.16,
            "roe_4q": 4.37,
            "gross_profit": 255961,
            "gross_margin": 5.75,
            "gross_margin_4q_avg": 8.45,
            "net_income": 17951,
            "revenue": 4454430,
            "common_shares": 6476554,
            "book_valuer_per_share": 15.92,
            "book_valuer_per_share_4q_avg": 16.3,
            "equity": 10892429,
            "current_ratio": 205.45,
            "debt_ratio": 36.49,
            "inventory_turnover_ratio": 1.43,
            "account_receivable_turnover_ratio": 1.05,
            "reinvestment_rate": -8.41,
            "research_to_sale_ratio": null,
            "price_fair": 30.63,
            "eps_avg_yearly": 0.88,
            "eps_latest_yearly": 0.16,
            "eps_growth_yearly": 92.73
        },
        "20173": {
            "year_quarter": 20173,
            "year": 2017,
            "quarter": 3,
            "eps": 0.09,
            "eps_growth_year": -64,
            "eps_4q": 0.59,
            "eps_4q_growth_year": -57.92,
            "roe": 0.5,
            "roe_4q": 3.39,
            "gross_profit": 248308,
            "gross_margin": 5.53,
            "gross_margin_4q_avg": 7.49,
            "net_income": 54947,
            "revenue": 4493948,
            "common_shares": 6476554,
            "book_valuer_per_share": 16.06,
            "book_valuer_per_share_4q_avg": 16.24,
            "equity": 10974534,
            "current_ratio": 202.73,
            "debt_ratio": 37.05,
            "inventory_turnover_ratio": 1.34,
            "account_receivable_turnover_ratio": 1,
            "reinvestment_rate": -9.8,
            "research_to_sale_ratio": null,
            "price_fair": 29.84,
            "eps_avg_yearly": 0.85,
            "eps_latest_yearly": 0.36,
            "eps_growth_yearly": 111.48
        },
        "20174": {
            "year_quarter": 20174,
            "year": 2017,
            "quarter": 4,
            "eps": 0.2,
            "eps_growth_year": 1.85,
            "eps_4q": 0.6,
            "eps_4q_growth_year": -41.29,
            "roe": 1.34,
            "roe_4q": 3.6100000000000003,
            "gross_profit": 232196,
            "gross_margin": 5.5,
            "gross_margin_4q_avg": 6.56,
            "net_income": 147930,
            "revenue": 4224960,
            "common_shares": 6476554,
            "book_valuer_per_share": 16.24,
            "book_valuer_per_share_4q_avg": 16.19,
            "equity": 11115751,
            "current_ratio": 211.47,
            "debt_ratio": 35.82,
            "inventory_turnover_ratio": 1.25,
            "account_receivable_turnover_ratio": 0.92,
            "reinvestment_rate": -23.59,
            "research_to_sale_ratio": null,
            "price_fair": 29.23,
            "eps_avg_yearly": 0.84,
            "eps_latest_yearly": 0.8,
            "eps_growth_yearly": 129.53
        },
        "20181": {
            "year_quarter": 20181,
            "year": 2018,
            "quarter": 1,
            "eps": 0.11,
            "eps_growth_year": -59.26,
            "eps_4q": 0.44,
            "eps_4q_growth_year": -57.84,
            "roe": 0.62,
            "roe_4q": 2.62,
            "gross_profit": 252588,
            "gross_margin": 6.04,
            "gross_margin_4q_avg": 5.71,
            "net_income": 69254,
            "revenue": 4180418,
            "common_shares": 6476554,
            "book_valuer_per_share": 16.42,
            "book_valuer_per_share_4q_avg": 16.16,
            "equity": 11235771,
            "current_ratio": 204.5,
            "debt_ratio": 36.92,
            "inventory_turnover_ratio": 1.27,
            "account_receivable_turnover_ratio": 0.94,
            "reinvestment_rate": -49.83,
            "research_to_sale_ratio": null,
            "price_fair": 28.96,
            "eps_avg_yearly": 0.83,
            "eps_latest_yearly": 0.44,
            "eps_growth_yearly": 130.32
        },
        "20182": {
            "year_quarter": 20182,
            "year": 2018,
            "quarter": 2,
            "eps": 0.12,
            "eps_growth_year": 200,
            "eps_4q": 0.53,
            "eps_4q_growth_year": -29.99,
            "roe": 0.75,
            "roe_4q": 3.21,
            "gross_profit": 278059,
            "gross_margin": 5.39,
            "gross_margin_4q_avg": 5.62,
            "net_income": 83237,
            "revenue": 5156465,
            "common_shares": 6476554,
            "book_valuer_per_share": 15.89,
            "book_valuer_per_share_4q_avg": 16.15,
            "equity": 10889988,
            "current_ratio": 191.98,
            "debt_ratio": 39.33,
            "inventory_turnover_ratio": 1.57,
            "account_receivable_turnover_ratio": 1.11,
            "reinvestment_rate": -38.88,
            "research_to_sale_ratio": null,
            "price_fair": 28.44,
            "eps_avg_yearly": 0.81,
            "eps_latest_yearly": 0.48,
            "eps_growth_yearly": 125.45
        },
        "20183": {
            "year_quarter": 20183,
            "year": 2018,
            "quarter": 3,
            "eps": 0.13,
            "eps_growth_year": 44.44,
            "eps_4q": 0.57,
            "eps_4q_growth_year": -3.96,
            "roe": 0.84,
            "roe_4q": 3.55,
            "gross_profit": 285793,
            "gross_margin": 6.3,
            "gross_margin_4q_avg": 5.81,
            "net_income": 90965,
            "revenue": 4533443,
            "common_shares": 6476554,
            "book_valuer_per_share": 15.9,
            "book_valuer_per_share_4q_avg": 16.11,
            "equity": 10881569,
            "current_ratio": 191.23,
            "debt_ratio": 39.69,
            "inventory_turnover_ratio": 1.33,
            "account_receivable_turnover_ratio": 0.91,
            "reinvestment_rate": -39.94,
            "research_to_sale_ratio": null,
            "price_fair": 27.56,
            "eps_avg_yearly": 0.79,
            "eps_latest_yearly": 0.52,
            "eps_growth_yearly": 120.59
        },
        "20184": {
            "year_quarter": 20184,
            "year": 2018,
            "quarter": 4,
            "eps": 0.01,
            "eps_growth_year": -93.07,
            "eps_4q": 0.39,
            "eps_4q_growth_year": -35.49,
            "roe": 0.01,
            "roe_4q": 2.22,
            "gross_profit": 198770,
            "gross_margin": 4.28,
            "gross_margin_4q_avg": 5.5,
            "net_income": 543,
            "revenue": 4640263,
            "common_shares": 6476554,
            "book_valuer_per_share": 15.94,
            "book_valuer_per_share_4q_avg": 16.04,
            "equity": 10899892,
            "current_ratio": 195.33,
            "debt_ratio": 38.73,
            "inventory_turnover_ratio": 1.34,
            "account_receivable_turnover_ratio": 0.92,
            "reinvestment_rate": -41.84,
            "research_to_sale_ratio": null,
            "price_fair": 26.25,
            "eps_avg_yearly": 0.75,
            "eps_latest_yearly": 0.04,
            "eps_growth_yearly": 105.12
        },
        "20191": {
            "year_quarter": 20191,
            "year": 2019,
            "quarter": 1,
            "eps": 0.04,
            "eps_growth_year": -63.64,
            "eps_4q": 0.31,
            "eps_4q_growth_year": -29.52,
            "roe": 0.19,
            "roe_4q": 1.79,
            "gross_profit": 220788,
            "gross_margin": 5.72,
            "gross_margin_4q_avg": 5.42,
            "net_income": 20387,
            "revenue": 3860229,
            "common_shares": 6476554,
            "book_valuer_per_share": 16.06,
            "book_valuer_per_share_4q_avg": 15.95,
            "equity": 10988843,
            "current_ratio": 207.81,
            "debt_ratio": 36.23,
            "inventory_turnover_ratio": 1.08,
            "account_receivable_turnover_ratio": 0.77,
            "reinvestment_rate": -38.93,
            "research_to_sale_ratio": null,
            "price_fair": 25.2,
            "eps_avg_yearly": 0.72,
            "eps_latest_yearly": 0.16,
            "eps_growth_yearly": 180.12
        },
        "20192": {
            "year_quarter": 20192,
            "year": 2019,
            "quarter": 2,
            "eps": 0.11,
            "eps_growth_year": -8.33,
            "eps_4q": 0.3,
            "eps_4q_growth_year": -42.69,
            "roe": 0.7,
            "roe_4q": 1.7399999999999998,
            "gross_profit": 255414,
            "gross_margin": 6.34,
            "gross_margin_4q_avg": 5.66,
            "net_income": 75842,
            "revenue": 4027255,
            "common_shares": 6476554,
            "book_valuer_per_share": 15.58,
            "book_valuer_per_share_4q_avg": 15.87,
            "equity": 10667738,
            "current_ratio": 198.67,
            "debt_ratio": 37.43,
            "inventory_turnover_ratio": 1.12,
            "account_receivable_turnover_ratio": 0.85,
            "reinvestment_rate": -39.99,
            "research_to_sale_ratio": null,
            "price_fair": 24.76,
            "eps_avg_yearly": 0.71,
            "eps_latest_yearly": 0.44,
            "eps_growth_yearly": 223.87
        },
        "20193": {
            "year_quarter": 20193,
            "year": 2019,
            "quarter": 3,
            "eps": 0.09,
            "eps_growth_year": -30.77,
            "eps_4q": 0.26,
            "eps_4q_growth_year": -55.13,
            "roe": 0.54,
            "roe_4q": 1.44,
            "gross_profit": 221287,
            "gross_margin": 5.46,
            "gross_margin_4q_avg": 5.45,
            "net_income": 57832,
            "revenue": 4052622,
            "common_shares": 6476554,
            "book_valuer_per_share": 15.49,
            "book_valuer_per_share_4q_avg": 15.77,
            "equity": 10594551,
            "current_ratio": 185.23,
            "debt_ratio": 40.4,
            "inventory_turnover_ratio": 1.15,
            "account_receivable_turnover_ratio": 0.88,
            "reinvestment_rate": -40.87,
            "research_to_sale_ratio": null,
            "price_fair": 24.59,
            "eps_avg_yearly": 0.7,
            "eps_latest_yearly": 0.36,
            "eps_growth_yearly": 227.14
        },
        "20194": {
            "year_quarter": 20194,
            "year": 2019,
            "quarter": 4,
            "eps": 0.13,
            "eps_growth_year": 839.3,
            "eps_4q": 0.37,
            "eps_4q_growth_year": -3.59,
            "roe": 0.74,
            "roe_4q": 2.17,
            "gross_profit": 254223,
            "gross_margin": 5.3,
            "gross_margin_4q_avg": 5.71,
            "net_income": 78383,
            "revenue": 4794905,
            "common_shares": 6476554,
            "book_valuer_per_share": 15.55,
            "book_valuer_per_share_4q_avg": 15.67,
            "equity": 10617350,
            "current_ratio": 194.7,
            "debt_ratio": 38.29,
            "inventory_turnover_ratio": 1.39,
            "account_receivable_turnover_ratio": 1.05,
            "reinvestment_rate": -42.85,
            "research_to_sale_ratio": null,
            "price_fair": 20.56,
            "eps_avg_yearly": 0.59,
            "eps_latest_yearly": 0.52,
            "eps_growth_yearly": 129.16
        },
        "20201": {
            "year_quarter": 20201,
            "year": 2020,
            "quarter": 1,
            "eps": 0.09,
            "eps_growth_year": 125,
            "eps_4q": 0.42,
            "eps_4q_growth_year": 35.1,
            "roe": 0.56,
            "roe_4q": 2.54,
            "gross_profit": 263242,
            "gross_margin": 6.35,
            "gross_margin_4q_avg": 5.86,
            "net_income": 59065,
            "revenue": 4148673,
            "common_shares": 6476554,
            "book_valuer_per_share": 15.56,
            "book_valuer_per_share_4q_avg": 15.55,
            "equity": 10616055,
            "current_ratio": 188.76,
            "debt_ratio": 39.61,
            "inventory_turnover_ratio": 1.18,
            "account_receivable_turnover_ratio": 0.96,
            "reinvestment_rate": -41.62,
            "research_to_sale_ratio": null,
            "price_fair": 19.34,
            "eps_avg_yearly": 0.55,
            "eps_latest_yearly": 0.36,
            "eps_growth_yearly": 136.72
        },
        "20202": {
            "year_quarter": 20202,
            "year": 2020,
            "quarter": 2,
            "eps": 0.14,
            "eps_growth_year": 27.27,
            "eps_4q": 0.45,
            "eps_4q_growth_year": 48.92,
            "roe": 0.9,
            "roe_4q": 2.74,
            "gross_profit": 270457,
            "gross_margin": 6.03,
            "gross_margin_4q_avg": 5.79,
            "net_income": 94568,
            "revenue": 4484093,
            "common_shares": 6476554,
            "book_valuer_per_share": 15.41,
            "book_valuer_per_share_4q_avg": 15.5,
            "equity": 10516184,
            "current_ratio": 181.11,
            "debt_ratio": 41.08,
            "inventory_turnover_ratio": 1.23,
            "account_receivable_turnover_ratio": 1.04,
            "reinvestment_rate": -38.25,
            "research_to_sale_ratio": null,
            "price_fair": 17.68,
            "eps_avg_yearly": 0.51,
            "eps_latest_yearly": 0.56,
            "eps_growth_yearly": 139.74
        },
        "20203": {
            "year_quarter": 20203,
            "year": 2020,
            "quarter": 3,
            "eps": 0.18,
            "eps_growth_year": 100,
            "eps_4q": 0.55,
            "eps_4q_growth_year": 113.2,
            "roe": 1.12,
            "roe_4q": 3.3200000000000003,
            "gross_profit": 362468,
            "gross_margin": 7.17,
            "gross_margin_4q_avg": 6.21,
            "net_income": 119032,
            "revenue": 5053420,
            "common_shares": 6476554,
            "book_valuer_per_share": 15.68,
            "book_valuer_per_share_4q_avg": 15.55,
            "equity": 10690567,
            "current_ratio": 178.71,
            "debt_ratio": 41.8,
            "inventory_turnover_ratio": 1.36,
            "account_receivable_turnover_ratio": 1.12,
            "reinvestment_rate": -38.52,
            "research_to_sale_ratio": null,
            "price_fair": 17.06,
            "eps_avg_yearly": 0.49,
            "eps_latest_yearly": 0.72,
            "eps_growth_yearly": 152.94
        },
        "20204": {
            "year_quarter": 20204,
            "year": 2020,
            "quarter": 4,
            "eps": 0.38,
            "eps_growth_year": 191.17,
            "eps_4q": 0.79,
            "eps_4q_growth_year": 113.44,
            "roe": 2.3,
            "roe_4q": 4.880000000000001,
            "gross_profit": 449523,
            "gross_margin": 8.11,
            "gross_margin_4q_avg": 6.92,
            "net_income": 249730,
            "revenue": 5542124,
            "common_shares": 6476554,
            "book_valuer_per_share": 16.12,
            "book_valuer_per_share_4q_avg": 15.69,
            "equity": 10995110,
            "current_ratio": 188.16,
            "debt_ratio": 39.82,
            "inventory_turnover_ratio": 1.47,
            "account_receivable_turnover_ratio": 1.22,
            "reinvestment_rate": -24.83,
            "research_to_sale_ratio": null,
            "price_fair": 18.64,
            "eps_avg_yearly": 0.53,
            "eps_latest_yearly": 1.52,
            "eps_growth_yearly": 185.72
        },
        "20211": {
            "year_quarter": 20211,
            "year": 2021,
            "quarter": 1,
            "eps": 0.4,
            "eps_growth_year": 344.44,
            "eps_4q": 1.1,
            "eps_4q_growth_year": 161.2,
            "roe": 2.43,
            "roe_4q": 6.750000000000001,
            "gross_profit": 539412,
            "gross_margin": 9.88,
            "gross_margin_4q_avg": 7.8,
            "net_income": 270857,
            "revenue": 5460042,
            "common_shares": 6476554,
            "book_valuer_per_share": 16.51,
            "book_valuer_per_share_4q_avg": 15.93,
            "equity": 11255583,
            "current_ratio": 168.97,
            "debt_ratio": 44.6,
            "inventory_turnover_ratio": 1.31,
            "account_receivable_turnover_ratio": 1.11,
            "reinvestment_rate": -16.3,
            "research_to_sale_ratio": null,
            "price_fair": 19.78,
            "eps_avg_yearly": 0.57,
            "eps_latest_yearly": 1.6,
            "eps_growth_yearly": 178.29
        },
        "20212": {
            "year_quarter": 20212,
            "year": 2021,
            "quarter": 2,
            "eps": 0.58,
            "eps_growth_year": 314.29,
            "eps_4q": 1.54,
            "eps_4q_growth_year": 240.82,
            "roe": 3.44,
            "roe_4q": 9.29,
            "gross_profit": 669775,
            "gross_margin": 9.93,
            "gross_margin_4q_avg": 8.77,
            "net_income": 385836,
            "revenue": 6744871,
            "common_shares": 6476554,
            "book_valuer_per_share": 16.39,
            "book_valuer_per_share_4q_avg": 16.18,
            "equity": 11186535,
            "current_ratio": 154.73,
            "debt_ratio": 49.8,
            "inventory_turnover_ratio": 1.37,
            "account_receivable_turnover_ratio": 1.17,
            "reinvestment_rate": -12.84,
            "research_to_sale_ratio": null,
            "price_fair": 24.5,
            "eps_avg_yearly": 0.7,
            "eps_latest_yearly": 2.32,
            "eps_growth_yearly": 210.83
        },
        "20213": {
            "year_quarter": 20213,
            "year": 2021,
            "quarter": 3,
            "eps": 0.51,
            "eps_growth_year": 183.33,
            "eps_4q": 1.87,
            "eps_4q_growth_year": 241.93,
            "roe": 2.95,
            "roe_4q": 11.120000000000001,
            "gross_profit": 658961,
            "gross_margin": 9.48,
            "gross_margin_4q_avg": 9.35,
            "net_income": 334654,
            "revenue": 6953910,
            "common_shares": 6476554,
            "book_valuer_per_share": 16.93,
            "book_valuer_per_share_4q_avg": 16.49,
            "equity": 11513754,
            "current_ratio": 156.71,
            "debt_ratio": 49.81,
            "inventory_turnover_ratio": 1.2,
            "account_receivable_turnover_ratio": 1.14,
            "reinvestment_rate": -2.43,
            "research_to_sale_ratio": null,
            "price_fair": 28.18,
            "eps_avg_yearly": 0.81,
            "eps_latest_yearly": 2.04,
            "eps_growth_yearly": 176.57
        },
        "20214": {
            "year_quarter": 20214,
            "year": 2021,
            "quarter": 4,
            "eps": 0.39,
            "eps_growth_year": 4.73,
            "eps_4q": 1.88,
            "eps_4q_growth_year": 137.51,
            "roe": 2.17,
            "roe_4q": 10.99,
            "gross_profit": 480813,
            "gross_margin": 6.73,
            "gross_margin_4q_avg": 9.01,
            "net_income": 253913,
            "revenue": 7143525,
            "common_shares": 6476554,
            "book_valuer_per_share": 17.48,
            "book_valuer_per_share_4q_avg": 16.83,
            "equity": 11850048,
            "current_ratio": 160.7,
            "debt_ratio": 48.8,
            "inventory_turnover_ratio": 1.17,
            "account_receivable_turnover_ratio": 1.16,
            "reinvestment_rate": -2.98,
            "research_to_sale_ratio": null,
            "price_fair": 29.84,
            "eps_avg_yearly": 0.85,
            "eps_latest_yearly": 1.56,
            "eps_growth_yearly": 140.13
        },
        "20221": {
            "year_quarter": 20221,
            "year": 2022,
            "quarter": 1,
            "eps": 0.29,
            "eps_growth_year": -27.5,
            "eps_4q": 1.77,
            "eps_4q_growth_year": 60.72,
            "roe": 1.62,
            "roe_4q": 10.18,
            "gross_profit": 395250,
            "gross_margin": 6.25,
            "gross_margin_4q_avg": 8.1,
            "net_income": 187608,
            "revenue": 6319651,
            "common_shares": 6476554,
            "book_valuer_per_share": 16.68,
            "book_valuer_per_share_4q_avg": 16.87,
            "equity": 11240991,
            "current_ratio": 153.53,
            "debt_ratio": 50.69,
            "inventory_turnover_ratio": 1.1,
            "account_receivable_turnover_ratio": 1.05,
            "reinvestment_rate": 23.38,
            "research_to_sale_ratio": null,
            "price_fair": 31.41,
            "eps_avg_yearly": 0.9,
            "eps_latest_yearly": 1.16,
            "eps_growth_yearly": 144.97
        },
        "20222": {
            "year_quarter": 20222,
            "year": 2022,
            "quarter": 2,
            "eps": 0.35,
            "eps_growth_year": -39.66,
            "eps_4q": 1.55,
            "eps_4q_growth_year": 0.52,
            "roe": 2.07,
            "roe_4q": 8.809999999999999,
            "gross_profit": 519524,
            "gross_margin": 7.91,
            "gross_margin_4q_avg": 7.59,
            "net_income": 233799,
            "revenue": 6567063,
            "common_shares": 6476554,
            "book_valuer_per_share": 16.87,
            "book_valuer_per_share_4q_avg": 16.99,
            "equity": 11363519,
            "current_ratio": 155.72,
            "debt_ratio": 50.32,
            "inventory_turnover_ratio": 1.2,
            "account_receivable_turnover_ratio": 1.16,
            "reinvestment_rate": 14.15,
            "research_to_sale_ratio": null,
            "price_fair": 33.43,
            "eps_avg_yearly": 0.96,
            "eps_latest_yearly": 1.4,
            "eps_growth_yearly": 147.87
        },
        "20223": {
            "year_quarter": 20223,
            "year": 2022,
            "quarter": 3,
            "eps": 0.12,
            "eps_growth_year": -76.47,
            "eps_4q": 1.17,
            "eps_4q_growth_year": -37.56,
            "roe": 0.67,
            "roe_4q": 6.529999999999999,
            "gross_profit": 240481,
            "gross_margin": 3.9,
            "gross_margin_4q_avg": 6.2,
            "net_income": 76220,
            "revenue": 6161575,
            "common_shares": 6476554,
            "book_valuer_per_share": 17.07,
            "book_valuer_per_share_4q_avg": 17.03,
            "equity": 11419023,
            "current_ratio": 163.8,
            "debt_ratio": 47.66,
            "inventory_turnover_ratio": 1.2,
            "account_receivable_turnover_ratio": 1.17,
            "reinvestment_rate": 16.44,
            "research_to_sale_ratio": null,
            "price_fair": 33.34,
            "eps_avg_yearly": 0.95,
            "eps_latest_yearly": 0.48,
            "eps_growth_yearly": 129.36
        },
        "20224": {
            "year_quarter": 20224,
            "year": 2022,
            "quarter": 4,
            "eps": 0.18,
            "eps_growth_year": -55.41,
            "eps_4q": 0.95,
            "eps_4q_growth_year": -49.76,
            "roe": 1.01,
            "roe_4q": 5.37,
            "gross_profit": 345021,
            "gross_margin": 6.33,
            "gross_margin_4q_avg": 6.1,
            "net_income": 116177,
            "revenue": 5449493,
            "common_shares": 6476554,
            "book_valuer_per_share": 17.31,
            "book_valuer_per_share_4q_avg": 16.98,
            "equity": 11574260,
            "current_ratio": 176.51,
            "debt_ratio": 44.34,
            "inventory_turnover_ratio": 1.1,
            "account_receivable_turnover_ratio": 1.11,
            "reinvestment_rate": 16.08,
            "research_to_sale_ratio": null,
            "price_fair": 34.83,
            "eps_avg_yearly": 1,
            "eps_latest_yearly": 0.72,
            "eps_growth_yearly": 164.93
        },
        "20231": {
            "year_quarter": 20231,
            "year": 2023,
            "quarter": 1,
            "eps": 0.32,
            "eps_growth_year": 10.34,
            "eps_4q": 0.98,
            "eps_4q_growth_year": -45.03,
            "roe": 1.84,
            "roe_4q": 5.59,
            "gross_profit": 431768,
            "gross_margin": 8.84,
            "gross_margin_4q_avg": 6.75,
            "net_income": 211694,
            "revenue": 4885560,
            "common_shares": 6476554,
            "book_valuer_per_share": 17.07,
            "book_valuer_per_share_4q_avg": 17.08,
            "equity": 11419739,
            "current_ratio": 179.32,
            "debt_ratio": 42.63,
            "inventory_turnover_ratio": 1.07,
            "account_receivable_turnover_ratio": 1.03,
            "reinvestment_rate": 15.1,
            "research_to_sale_ratio": null,
            "price_fair": 37.28,
            "eps_avg_yearly": 1.07,
            "eps_latest_yearly": 1.28,
            "eps_growth_yearly": 109.38
        }
    },
    "months": {
        "2001-06": {
            "month": "2001-06",
            "price": "8.72",
            "revenue": 860867
        },
        "2001-07": {
            "month": "2001-07",
            "price": "7.06",
            "revenue": 883041
        },
        "2001-08": {
            "month": "2001-08",
            "price": "6.60",
            "revenue": 884733
        },
        "2001-09": {
            "month": "2001-09",
            "price": "6.52",
            "revenue": 887850
        },
        "2001-10": {
            "month": "2001-10",
            "price": "5.97",
            "revenue": 899977
        },
        "2001-11": {
            "month": "2001-11",
            "price": "5.89",
            "revenue": 900892
        },
        "2001-12": {
            "month": "2001-12",
            "price": "6.99",
            "revenue": 939406
        },
        "2002-01": {
            "month": "2002-01",
            "price": "7.09",
            "revenue": 662797
        },
        "2002-02": {
            "month": "2002-02",
            "price": "7.10",
            "revenue": 670090
        },
        "2002-03": {
            "month": "2002-03",
            "price": "7.92",
            "revenue": 892317
        },
        "2002-04": {
            "month": "2002-04",
            "price": "9.42",
            "revenue": 900416
        },
        "2002-05": {
            "month": "2002-05",
            "price": "10.59",
            "revenue": 910129
        },
        "2002-06": {
            "month": "2002-06",
            "price": "11.43",
            "revenue": 913825
        },
        "2002-07": {
            "month": "2002-07",
            "price": "11.51",
            "revenue": 913972
        },
        "2002-08": {
            "month": "2002-08",
            "price": "11.85",
            "revenue": 914362
        },
        "2002-09": {
            "month": "2002-09",
            "price": "11.58",
            "revenue": 889837
        },
        "2002-10": {
            "month": "2002-10",
            "price": "12.63",
            "revenue": 803866
        },
        "2002-11": {
            "month": "2002-11",
            "price": "14.99",
            "revenue": 800691
        },
        "2002-12": {
            "month": "2002-12",
            "price": "15.70",
            "revenue": 808512
        },
        "2003-01": {
            "month": "2003-01",
            "price": "17.48",
            "revenue": 772190
        },
        "2003-02": {
            "month": "2003-02",
            "price": "15.59",
            "revenue": 706470
        },
        "2003-03": {
            "month": "2003-03",
            "price": "14.57",
            "revenue": 900652
        },
        "2003-04": {
            "month": "2003-04",
            "price": "15.23",
            "revenue": 924708
        },
        "2003-05": {
            "month": "2003-05",
            "price": "14.50",
            "revenue": 930503
        },
        "2003-06": {
            "month": "2003-06",
            "price": "16.38",
            "revenue": 987345
        },
        "2003-07": {
            "month": "2003-07",
            "price": "17.65",
            "revenue": 1034874
        },
        "2003-08": {
            "month": "2003-08",
            "price": "17.21",
            "revenue": 1041522
        },
        "2003-09": {
            "month": "2003-09",
            "price": "16.32",
            "revenue": 1044190
        },
        "2003-10": {
            "month": "2003-10",
            "price": "17.49",
            "revenue": 1046560
        },
        "2003-11": {
            "month": "2003-11",
            "price": "18.24",
            "revenue": 1052609
        },
        "2003-12": {
            "month": "2003-12",
            "price": "17.79",
            "revenue": 1059960
        },
        "2004-01": {
            "month": "2004-01",
            "price": "18.20",
            "revenue": 890405
        },
        "2004-02": {
            "month": "2004-02",
            "price": "19.54",
            "revenue": 1096731
        },
        "2004-03": {
            "month": "2004-03",
            "price": "21.76",
            "revenue": 1272754
        },
        "2004-04": {
            "month": "2004-04",
            "price": "20.40",
            "revenue": 1393989
        },
        "2004-05": {
            "month": "2004-05",
            "price": "18.19",
            "revenue": 1398120
        },
        "2004-06": {
            "month": "2004-06",
            "price": "18.68",
            "revenue": 1310194
        },
        "2004-07": {
            "month": "2004-07",
            "price": "19.48",
            "revenue": 1314588
        },
        "2004-08": {
            "month": "2004-08",
            "price": "19.30",
            "revenue": 1412574
        },
        "2004-09": {
            "month": "2004-09",
            "price": "22.80",
            "revenue": 1443580
        },
        "2004-10": {
            "month": "2004-10",
            "price": "23.04",
            "revenue": 1451041
        },
        "2004-11": {
            "month": "2004-11",
            "price": "21.12",
            "revenue": 1457171
        },
        "2004-12": {
            "month": "2004-12",
            "price": "21.90",
            "revenue": 1458690
        },
        "2005-01": {
            "month": "2005-01",
            "price": "21.75",
            "revenue": 1566082
        },
        "2005-02": {
            "month": "2005-02",
            "price": "21.88",
            "revenue": 1205322
        },
        "2005-03": {
            "month": "2005-03",
            "price": "21.26",
            "revenue": 1760843
        },
        "2005-04": {
            "month": "2005-04",
            "price": "19.95",
            "revenue": 1618673
        },
        "2005-05": {
            "month": "2005-05",
            "price": "18.85",
            "revenue": 1710910
        },
        "2005-06": {
            "month": "2005-06",
            "price": "19.14",
            "revenue": 1517059
        },
        "2005-07": {
            "month": "2005-07",
            "price": "17.75",
            "revenue": 1446627
        },
        "2005-08": {
            "month": "2005-08",
            "price": "17.36",
            "revenue": 1466034
        },
        "2005-09": {
            "month": "2005-09",
            "price": "17.26",
            "revenue": 1507831
        },
        "2005-10": {
            "month": "2005-10",
            "price": "15.64",
            "revenue": 1509844
        },
        "2005-11": {
            "month": "2005-11",
            "price": "15.04",
            "revenue": 1454633
        },
        "2005-12": {
            "month": "2005-12",
            "price": "14.69",
            "revenue": 1450791
        },
        "2006-01": {
            "month": "2006-01",
            "price": "14.66",
            "revenue": 1456026
        },
        "2006-02": {
            "month": "2006-02",
            "price": "15.29",
            "revenue": 1272383
        },
        "2006-03": {
            "month": "2006-03",
            "price": "15.03",
            "revenue": 1614816
        },
        "2006-04": {
            "month": "2006-04",
            "price": "16.59",
            "revenue": 1431790
        },
        "2006-05": {
            "month": "2006-05",
            "price": "16.10",
            "revenue": 1418107
        },
        "2006-06": {
            "month": "2006-06",
            "price": "14.45",
            "revenue": 1418207
        },
        "2006-07": {
            "month": "2006-07",
            "price": "13.07",
            "revenue": 1395141
        },
        "2006-08": {
            "month": "2006-08",
            "price": "12.58",
            "revenue": 1336255
        },
        "2006-09": {
            "month": "2006-09",
            "price": "12.07",
            "revenue": 1453055
        },
        "2006-10": {
            "month": "2006-10",
            "price": "13.23",
            "revenue": 1454517
        },
        "2006-11": {
            "month": "2006-11",
            "price": "13.66",
            "revenue": 1438287
        },
        "2006-12": {
            "month": "2006-12",
            "price": "14.24",
            "revenue": 1251573
        },
        "2007-01": {
            "month": "2007-01",
            "price": "14.50",
            "revenue": 1300681
        },
        "2007-02": {
            "month": "2007-02",
            "price": "14.40",
            "revenue": 1005408
        },
        "2007-03": {
            "month": "2007-03",
            "price": "14.43",
            "revenue": 1428431
        },
        "2007-04": {
            "month": "2007-04",
            "price": "15.06",
            "revenue": 1435868
        },
        "2007-05": {
            "month": "2007-05",
            "price": "14.54",
            "revenue": 1450350
        },
        "2007-06": {
            "month": "2007-06",
            "price": "14.54",
            "revenue": 1440195
        },
        "2007-07": {
            "month": "2007-07",
            "price": "15.55",
            "revenue": 1450074
        },
        "2007-08": {
            "month": "2007-08",
            "price": "14.54",
            "revenue": 1548358
        },
        "2007-09": {
            "month": "2007-09",
            "price": "14.01",
            "revenue": 1553641
        },
        "2007-10": {
            "month": "2007-10",
            "price": "14.28",
            "revenue": 1630820
        },
        "2007-11": {
            "month": "2007-11",
            "price": "12.82",
            "revenue": 1669434
        },
        "2007-12": {
            "month": "2007-12",
            "price": "11.97",
            "revenue": 1600863
        },
        "2008-01": {
            "month": "2008-01",
            "price": "12.21",
            "revenue": 1394327
        },
        "2008-02": {
            "month": "2008-02",
            "price": "12.42",
            "revenue": 1028389
        },
        "2008-03": {
            "month": "2008-03",
            "price": "13.27",
            "revenue": 1805899
        },
        "2008-04": {
            "month": "2008-04",
            "price": "13.78",
            "revenue": 2084968
        },
        "2008-05": {
            "month": "2008-05",
            "price": "16.22",
            "revenue": 2062118
        },
        "2008-06": {
            "month": "2008-06",
            "price": "15.32",
            "revenue": 2081990
        },
        "2008-07": {
            "month": "2008-07",
            "price": "13.76",
            "revenue": 1842505
        },
        "2008-08": {
            "month": "2008-08",
            "price": "12.34",
            "revenue": 1668039
        },
        "2008-09": {
            "month": "2008-09",
            "price": "11.79",
            "revenue": 1661432
        },
        "2008-10": {
            "month": "2008-10",
            "price": "9.69",
            "revenue": 1501304
        },
        "2008-11": {
            "month": "2008-11",
            "price": "9.93",
            "revenue": 1319565
        },
        "2008-12": {
            "month": "2008-12",
            "price": "9.06",
            "revenue": 1245680
        },
        "2009-01": {
            "month": "2009-01",
            "price": "9.30",
            "revenue": 871479
        },
        "2009-02": {
            "month": "2009-02",
            "price": "9.24",
            "revenue": 1092211
        },
        "2009-03": {
            "month": "2009-03",
            "price": "9.97",
            "revenue": 1105089
        },
        "2009-04": {
            "month": "2009-04",
            "price": "10.72",
            "revenue": 1131133
        },
        "2009-05": {
            "month": "2009-05",
            "price": "10.78",
            "revenue": 1177845
        },
        "2009-06": {
            "month": "2009-06",
            "price": "10.52",
            "revenue": 1348601
        },
        "2009-07": {
            "month": "2009-07",
            "price": "10.37",
            "revenue": 1191437
        },
        "2009-08": {
            "month": "2009-08",
            "price": "10.93",
            "revenue": 1177969
        },
        "2009-09": {
            "month": "2009-09",
            "price": "10.64",
            "revenue": 1201215
        },
        "2009-10": {
            "month": "2009-10",
            "price": "11.11",
            "revenue": 1229595
        },
        "2009-11": {
            "month": "2009-11",
            "price": "11.27",
            "revenue": 1368377
        },
        "2009-12": {
            "month": "2009-12",
            "price": "12.16",
            "revenue": 1231081
        },
        "2010-01": {
            "month": "2010-01",
            "price": "13.89",
            "revenue": 1334219
        },
        "2010-02": {
            "month": "2010-02",
            "price": "12.53",
            "revenue": 939296
        },
        "2010-03": {
            "month": "2010-03",
            "price": "12.92",
            "revenue": 1411189
        },
        "2010-04": {
            "month": "2010-04",
            "price": "13.62",
            "revenue": 1276305
        },
        "2010-05": {
            "month": "2010-05",
            "price": "13.13",
            "revenue": 1172964
        },
        "2010-06": {
            "month": "2010-06",
            "price": "12.35",
            "revenue": 1085250
        },
        "2010-07": {
            "month": "2010-07",
            "price": "13.03",
            "revenue": 1187400
        },
        "2010-08": {
            "month": "2010-08",
            "price": "13.84",
            "revenue": 1255682
        },
        "2010-09": {
            "month": "2010-09",
            "price": "14.95",
            "revenue": 1250056
        },
        "2010-10": {
            "month": "2010-10",
            "price": "14.95",
            "revenue": 1324028
        },
        "2010-11": {
            "month": "2010-11",
            "price": "14.55",
            "revenue": 1232001
        },
        "2010-12": {
            "month": "2010-12",
            "price": "14.83",
            "revenue": 1333901
        },
        "2011-01": {
            "month": "2011-01",
            "price": "15.38",
            "revenue": 1318363
        },
        "2011-02": {
            "month": "2011-02",
            "price": "15.14",
            "revenue": 1106551
        },
        "2011-03": {
            "month": "2011-03",
            "price": "15.08",
            "revenue": 1543877
        },
        "2011-04": {
            "month": "2011-04",
            "price": "15.59",
            "revenue": 1522220
        },
        "2011-05": {
            "month": "2011-05",
            "price": "15.62",
            "revenue": 1481403
        },
        "2011-06": {
            "month": "2011-06",
            "price": "15.52",
            "revenue": 1568700
        },
        "2011-07": {
            "month": "2011-07",
            "price": "15.07",
            "revenue": 1515295
        },
        "2011-08": {
            "month": "2011-08",
            "price": "14.11",
            "revenue": 1547477
        },
        "2011-09": {
            "month": "2011-09",
            "price": "12.94",
            "revenue": 1487314
        },
        "2011-10": {
            "month": "2011-10",
            "price": "12.43",
            "revenue": 1498905
        },
        "2011-11": {
            "month": "2011-11",
            "price": "11.89",
            "revenue": 1600034
        },
        "2011-12": {
            "month": "2011-12",
            "price": "11.46",
            "revenue": 1489146
        },
        "2012-01": {
            "month": "2012-01",
            "price": "11.49",
            "revenue": 1171914
        },
        "2012-02": {
            "month": "2012-02",
            "price": "12.27",
            "revenue": 1487870
        },
        "2012-03": {
            "month": "2012-03",
            "price": "12.76",
            "revenue": 1712818
        },
        "2012-04": {
            "month": "2012-04",
            "price": "12.40",
            "revenue": 1763417
        },
        "2012-05": {
            "month": "2012-05",
            "price": "12.26",
            "revenue": 1680852
        },
        "2012-06": {
            "month": "2012-06",
            "price": "12.08",
            "revenue": 1561851
        },
        "2012-07": {
            "month": "2012-07",
            "price": "11.62",
            "revenue": 1486258
        },
        "2012-08": {
            "month": "2012-08",
            "price": "11.63",
            "revenue": 1316443
        },
        "2012-09": {
            "month": "2012-09",
            "price": "11.55",
            "revenue": 1347520
        },
        "2012-10": {
            "month": "2012-10",
            "price": "11.35",
            "revenue": 1293025
        },
        "2012-11": {
            "month": "2012-11",
            "price": "10.94",
            "revenue": 1333281
        },
        "2012-12": {
            "month": "2012-12",
            "price": "11.20",
            "revenue": 1225761
        },
        "2013-01": {
            "month": "2013-01",
            "price": "11.67",
            "revenue": 1720310
        },
        "2013-02": {
            "month": "2013-02",
            "price": "11.57",
            "revenue": 1228222
        },
        "2013-03": {
            "month": "2013-03",
            "price": "11.35",
            "revenue": 1707905
        },
        "2013-04": {
            "month": "2013-04",
            "price": "11.21",
            "revenue": 1643777
        },
        "2013-05": {
            "month": "2013-05",
            "price": "11.40",
            "revenue": 1763019
        },
        "2013-06": {
            "month": "2013-06",
            "price": "11.38",
            "revenue": 1662388
        },
        "2013-07": {
            "month": "2013-07",
            "price": "10.98",
            "revenue": 1719235
        },
        "2013-08": {
            "month": "2013-08",
            "price": "10.95",
            "revenue": 1651641
        },
        "2013-09": {
            "month": "2013-09",
            "price": "11.04",
            "revenue": 1582990
        },
        "2013-10": {
            "month": "2013-10",
            "price": "11.24",
            "revenue": 1663036
        },
        "2013-11": {
            "month": "2013-11",
            "price": "11.14",
            "revenue": 1706748
        },
        "2013-12": {
            "month": "2013-12",
            "price": "11.24",
            "revenue": 1668916
        },
        "2014-01": {
            "month": "2014-01",
            "price": "11.42",
            "revenue": 1527404
        },
        "2014-02": {
            "month": "2014-02",
            "price": "11.31",
            "revenue": 1340505
        },
        "2014-03": {
            "month": "2014-03",
            "price": "11.63",
            "revenue": 1713942
        },
        "2014-04": {
            "month": "2014-04",
            "price": "12.54",
            "revenue": 1820914
        },
        "2014-05": {
            "month": "2014-05",
            "price": "12.76",
            "revenue": 1873629
        },
        "2014-06": {
            "month": "2014-06",
            "price": "13.15",
            "revenue": 1862666
        },
        "2014-07": {
            "month": "2014-07",
            "price": "12.15",
            "revenue": 1740151
        },
        "2014-08": {
            "month": "2014-08",
            "price": "12.01",
            "revenue": 1684676
        },
        "2014-09": {
            "month": "2014-09",
            "price": "11.97",
            "revenue": 1785054
        },
        "2014-10": {
            "month": "2014-10",
            "price": "11.47",
            "revenue": 1666912
        },
        "2014-11": {
            "month": "2014-11",
            "price": "11.30",
            "revenue": 1647668
        },
        "2014-12": {
            "month": "2014-12",
            "price": "11.38",
            "revenue": 1549701
        },
        "2015-01": {
            "month": "2015-01",
            "price": "11.54",
            "revenue": 1568928
        },
        "2015-02": {
            "month": "2015-02",
            "price": "11.56",
            "revenue": 1076760
        },
        "2015-03": {
            "month": "2015-03",
            "price": "11.58",
            "revenue": 1489118
        },
        "2015-04": {
            "month": "2015-04",
            "price": "11.50",
            "revenue": 1334861
        },
        "2015-05": {
            "month": "2015-05",
            "price": "11.47",
            "revenue": 1411531
        },
        "2015-06": {
            "month": "2015-06",
            "price": "11.04",
            "revenue": 1442240
        },
        "2015-07": {
            "month": "2015-07",
            "price": "10.10",
            "revenue": 1373155
        },
        "2015-08": {
            "month": "2015-08",
            "price": "9.59",
            "revenue": 1220095
        },
        "2015-09": {
            "month": "2015-09",
            "price": "9.33",
            "revenue": 1353450
        },
        "2015-10": {
            "month": "2015-10",
            "price": "9.60",
            "revenue": 1370978
        },
        "2015-11": {
            "month": "2015-11",
            "price": "9.28",
            "revenue": 1412187
        },
        "2015-12": {
            "month": "2015-12",
            "price": "8.72",
            "revenue": 1423733
        },
        "2016-01": {
            "month": "2016-01",
            "price": "8.67",
            "revenue": 1333005
        },
        "2016-02": {
            "month": "2016-02",
            "price": "9.23",
            "revenue": 1112788
        },
        "2016-03": {
            "month": "2016-03",
            "price": "10.16",
            "revenue": 1632934
        },
        "2016-04": {
            "month": "2016-04",
            "price": "10.80",
            "revenue": 1477917
        },
        "2016-05": {
            "month": "2016-05",
            "price": "10.40",
            "revenue": 1620051
        },
        "2016-06": {
            "month": "2016-06",
            "price": "10.44",
            "revenue": 1442900
        },
        "2016-07": {
            "month": "2016-07",
            "price": "10.40",
            "revenue": 1484198
        },
        "2016-08": {
            "month": "2016-08",
            "price": "10.59",
            "revenue": 1294506
        },
        "2016-09": {
            "month": "2016-09",
            "price": "10.80",
            "revenue": 1292095
        },
        "2016-10": {
            "month": "2016-10",
            "price": "10.68",
            "revenue": 1195297
        },
        "2016-11": {
            "month": "2016-11",
            "price": "11.40",
            "revenue": 1285095
        },
        "2016-12": {
            "month": "2016-12",
            "price": "11.98",
            "revenue": 1385278
        },
        "2017-01": {
            "month": "2017-01",
            "price": "11.82",
            "revenue": 1202865
        },
        "2017-02": {
            "month": "2017-02",
            "price": "12.29",
            "revenue": 1243758
        },
        "2017-03": {
            "month": "2017-03",
            "price": "12.63",
            "revenue": 1652581
        },
        "2017-04": {
            "month": "2017-04",
            "price": "12.11",
            "revenue": 1357468
        },
        "2017-05": {
            "month": "2017-05",
            "price": "11.98",
            "revenue": 1498199
        },
        "2017-06": {
            "month": "2017-06",
            "price": "12.07",
            "revenue": 1583594
        },
        "2017-07": {
            "month": "2017-07",
            "price": "11.43",
            "revenue": 1512947
        },
        "2017-08": {
            "month": "2017-08",
            "price": "11.43",
            "revenue": 1547354
        },
        "2017-09": {
            "month": "2017-09",
            "price": "11.38",
            "revenue": 1416163
        },
        "2017-10": {
            "month": "2017-10",
            "price": "11.25",
            "revenue": 1339392
        },
        "2017-11": {
            "month": "2017-11",
            "price": "11.23",
            "revenue": 1409379
        },
        "2017-12": {
            "month": "2017-12",
            "price": "11.22",
            "revenue": 1476500
        },
        "2018-01": {
            "month": "2018-01",
            "price": "11.67",
            "revenue": 1482311
        },
        "2018-02": {
            "month": "2018-02",
            "price": "11.28",
            "revenue": 1057782
        },
        "2018-03": {
            "month": "2018-03",
            "price": "11.32",
            "revenue": 1645672
        },
        "2018-04": {
            "month": "2018-04",
            "price": "11.61",
            "revenue": 1709878
        },
        "2018-05": {
            "month": "2018-05",
            "price": "11.28",
            "revenue": 1774395
        },
        "2018-06": {
            "month": "2018-06",
            "price": "11.27",
            "revenue": 1695791
        },
        "2018-07": {
            "month": "2018-07",
            "price": "10.82",
            "revenue": 1750276
        },
        "2018-08": {
            "month": "2018-08",
            "price": "10.86",
            "revenue": 1490535
        },
        "2018-09": {
            "month": "2018-09",
            "price": "10.84",
            "revenue": 1333468
        },
        "2018-10": {
            "month": "2018-10",
            "price": "10.37",
            "revenue": 1429408
        },
        "2018-11": {
            "month": "2018-11",
            "price": "10.08",
            "revenue": 1734068
        },
        "2018-12": {
            "month": "2018-12",
            "price": "10.08",
            "revenue": 1475966
        },
        "2019-01": {
            "month": "2019-01",
            "price": "10.10",
            "revenue": 1416047
        },
        "2019-02": {
            "month": "2019-02",
            "price": "10.28",
            "revenue": 1064220
        },
        "2019-03": {
            "month": "2019-03",
            "price": "10.44",
            "revenue": 1389202
        },
        "2019-04": {
            "month": "2019-04",
            "price": "10.51",
            "revenue": 1315862
        },
        "2019-05": {
            "month": "2019-05",
            "price": "10.42",
            "revenue": 1324260
        },
        "2019-06": {
            "month": "2019-06",
            "price": "10.61",
            "revenue": 1405660
        },
        "2019-07": {
            "month": "2019-07",
            "price": "10.54",
            "revenue": 1419375
        },
        "2019-08": {
            "month": "2019-08",
            "price": "10.11",
            "revenue": 1245053
        },
        "2019-09": {
            "month": "2019-09",
            "price": "10.34",
            "revenue": 1457725
        },
        "2019-10": {
            "month": "2019-10",
            "price": "10.25",
            "revenue": 1511243
        },
        "2019-11": {
            "month": "2019-11",
            "price": "10.24",
            "revenue": 1663620
        },
        "2019-12": {
            "month": "2019-12",
            "price": "10.17",
            "revenue": 1655436
        },
        "2020-01": {
            "month": "2020-01",
            "price": "10.14",
            "revenue": 1301856
        },
        "2020-02": {
            "month": "2020-02",
            "price": "10.04",
            "revenue": 1301620
        },
        "2020-03": {
            "month": "2020-03",
            "price": "9.16",
            "revenue": 1570746
        },
        "2020-04": {
            "month": "2020-04",
            "price": "9.04",
            "revenue": 1535784
        },
        "2020-05": {
            "month": "2020-05",
            "price": "9.38",
            "revenue": 1474671
        },
        "2020-06": {
            "month": "2020-06",
            "price": "9.85",
            "revenue": 1492385
        },
        "2020-07": {
            "month": "2020-07",
            "price": "9.83",
            "revenue": 1662858
        },
        "2020-08": {
            "month": "2020-08",
            "price": "9.97",
            "revenue": 1687127
        },
        "2020-09": {
            "month": "2020-09",
            "price": "10.93",
            "revenue": 1695910
        },
        "2020-10": {
            "month": "2020-10",
            "price": "10.93",
            "revenue": 1748007
        },
        "2020-11": {
            "month": "2020-11",
            "price": "12.50",
            "revenue": 1919466
        },
        "2020-12": {
            "month": "2020-12",
            "price": "13.84",
            "revenue": 1867456
        },
        "2021-01": {
            "month": "2021-01",
            "price": "12.74",
            "revenue": 1912136
        },
        "2021-02": {
            "month": "2021-02",
            "price": "12.77",
            "revenue": 1495119
        },
        "2021-03": {
            "month": "2021-03",
            "price": "13.93",
            "revenue": 2065788
        },
        "2021-04": {
            "month": "2021-04",
            "price": "21.42",
            "revenue": 2204533
        },
        "2021-05": {
            "month": "2021-05",
            "price": "21.41",
            "revenue": 2256068
        },
        "2021-06": {
            "month": "2021-06",
            "price": "23.85",
            "revenue": 2321306
        },
        "2021-07": {
            "month": "2021-07",
            "price": "30.92",
            "revenue": 2271034
        },
        "2021-08": {
            "month": "2021-08",
            "price": "27.40",
            "revenue": 2392275
        },
        "2021-09": {
            "month": "2021-09",
            "price": "27.62",
            "revenue": 2300050
        },
        "2021-10": {
            "month": "2021-10",
            "price": "23.43",
            "revenue": 2355583
        },
        "2021-11": {
            "month": "2021-11",
            "price": "22.61",
            "revenue": 2454501
        },
        "2021-12": {
            "month": "2021-12",
            "price": "23.58",
            "revenue": 2287734
        },
        "2022-01": {
            "month": "2022-01",
            "price": "22.61",
            "revenue": 2055870
        },
        "2022-02": {
            "month": "2022-02",
            "price": "23.25",
            "revenue": 1820081
        },
        "2022-03": {
            "month": "2022-03",
            "price": "24.51",
            "revenue": 2423398
        },
        "2022-04": {
            "month": "2022-04",
            "price": "23.91",
            "revenue": 2173218
        },
        "2022-05": {
            "month": "2022-05",
            "price": "19.69",
            "revenue": 2036257
        },
        "2022-06": {
            "month": "2022-06",
            "price": "18.10",
            "revenue": 2373201
        },
        "2022-07": {
            "month": "2022-07",
            "price": "15.61",
            "revenue": 2053870
        },
        "2022-08": {
            "month": "2022-08",
            "price": "16.38",
            "revenue": 2040228
        },
        "2022-09": {
            "month": "2022-09",
            "price": "15.51",
            "revenue": 2053172
        },
        "2022-10": {
            "month": "2022-10",
            "price": "14.86",
            "revenue": 1938552
        },
        "2022-11": {
            "month": "2022-11",
            "price": "15.43",
            "revenue": 1886191
        },
        "2022-12": {
            "month": "2022-12",
            "price": "15.91",
            "revenue": 1650017
        },
        "2023-01": {
            "month": "2023-01",
            "price": "16.04",
            "revenue": 1228189
        },
        "2023-02": {
            "month": "2023-02",
            "price": "16.75",
            "revenue": 1606582
        },
        "2023-03": {
            "month": "2023-03",
            "price": "16.24",
            "revenue": 2050450
        },
        "2023-04": {
            "month": "2023-04",
            "price": "16.23",
            "revenue": 1725152
        },
        "2023-05": {
            "month": "2023-05",
            "price": "16.40",
            "revenue": 1817194
        }
    }
}
