{
    "summary": {
        "stock_name": "春雨",
        "stock_id": "2012",
        "category": "鋼鐵",
        "main_business": "螺絲,螺帽,攻牙螺絲,磨光線材及球狀化線材製造買賣。<br>一般事業,有害事業廢棄物清除,處理業務。<br>工業機械,電訊設備,汽機車及醫療器材零件製造買賣,國貿業務。",
        "website_url": "http://www.chunyu.com.tw",
        "ceo": "張醒亞",
        "pe_ratio": 25,
        "report_year_from": 2001,
        "report_year_to": 2023,
        "age": 23,
        "eps_negative_percentage": 13,
        "eps_growth_avg": {
            "last_all": 10.02,
            "last_2y": 5.39,
            "last_4y": -9,
            "last_8y": 13.45,
            "last_12y": 10.09,
            "last_16y": 3.28,
            "last_20y": 10.02,
            "at_2006_last_3y": 35.29,
            "at_2007_last_3y": 10.29,
            "at_2008_last_3y": -7.68,
            "at_2009_last_3y": -22.46,
            "at_2010_last_3y": -23.96,
            "at_2011_last_3y": 9.38,
            "at_2012_last_3y": -33.33,
            "at_2013_last_3y": 0,
            "at_2014_last_3y": 0,
            "at_2015_last_3y": -32.08,
            "at_2016_last_3y": 24.89,
            "at_2017_last_3y": 17.07,
            "at_2018_last_3y": 41.51,
            "at_2019_last_3y": 38.55,
            "at_2020_last_3y": 7.54,
            "at_2021_last_3y": 34.14,
            "at_2022_last_3y": 2.26,
            "at_2023_last_3y": -9.24,
            "at_2024_last_3y": -9.24,
            "at_2006_last_all": 35.29,
            "at_2007_last_all": 28.23,
            "at_2008_last_all": 28.21,
            "at_2009_last_all": 9.9,
            "at_2010_last_all": 9.9,
            "at_2011_last_all": 21.16,
            "at_2012_last_all": 7.7,
            "at_2013_last_all": 7.7,
            "at_2014_last_all": 6.93,
            "at_2015_last_all": 6.64,
            "at_2016_last_all": 12,
            "at_2017_last_all": 10.58,
            "at_2018_last_all": 16.81,
            "at_2019_last_all": 15.15,
            "at_2020_last_all": 10.88,
            "at_2021_last_all": 16.12,
            "at_2022_last_all": 13.57,
            "at_2023_last_all": 10.02,
            "at_2024_last_all": 10.02
        },
        "latest_eps": 0.91,
        "latest_price": 22.9,
        "latest_roe": 7.11,
        "latest_gross_margin": 15.19,
        "latest_equity": 5079086,
        "latest_revenue": 2222201,
        "latest_gross_profit": 337446,
        "latest_net_income": 160001,
        "latest_debt_ratio": 58.26,
        "latest_current_ratio": 428.48,
        "latest_account_receivable_turnover_ratio": 1.2,
        "latest_inventory_turnover_ratio": 0.55,
        "latest_reinvestment_rate": -13.05,
        "latest_research_to_sale_ratio": 0.8
    },
    "eps_dividends": {
        "1990": {
            "cash": 0,
            "stock": 0.77,
            "eps": 0
        },
        "1991": {
            "cash": 0.5,
            "stock": 1.5,
            "eps": 0
        },
        "1992": {
            "cash": 0,
            "stock": 2,
            "eps": 0
        },
        "1993": {
            "cash": 0,
            "stock": 2,
            "eps": 0
        },
        "1994": {
            "cash": 0,
            "stock": 2,
            "eps": 0
        },
        "1995": {
            "cash": 0,
            "stock": 1.2,
            "eps": 0
        },
        "1996": {
            "cash": 0,
            "stock": 1.2,
            "eps": 0
        },
        "1997": {
            "cash": 0,
            "stock": 1.4,
            "eps": 0
        },
        "1998": {
            "cash": 0,
            "stock": 1.2,
            "eps": 0
        },
        "1999": {
            "cash": 0.3,
            "stock": 0.5,
            "eps": 0
        },
        "2001": {
            "cash": 0,
            "stock": 0,
            "eps": -0.3
        },
        "2002": {
            "cash": 0,
            "stock": 0,
            "eps": 0.05
        },
        "2003": {
            "cash": 0,
            "stock": 0,
            "eps": 0.4
        },
        "2004": {
            "cash": 0,
            "stock": 0,
            "eps": 1.32
        },
        "2005": {
            "cash": 0,
            "stock": 0,
            "eps": 0.78
        },
        "2006": {
            "cash": 0.5,
            "stock": 0,
            "eps": 0.64
        },
        "2007": {
            "cash": 0.5,
            "stock": 0,
            "eps": 0.64
        },
        "2008": {
            "cash": 0.5,
            "stock": 0,
            "eps": 0.82
        },
        "2009": {
            "cash": 0.6,
            "stock": 0,
            "eps": -2.86
        },
        "2010": {
            "cash": 0,
            "stock": 0,
            "eps": 0.18
        },
        "2011": {
            "cash": 0,
            "stock": 0,
            "eps": 1.03
        },
        "2012": {
            "cash": 0,
            "stock": 0,
            "eps": -0.59
        },
        "2013": {
            "cash": 0,
            "stock": 0,
            "eps": 0.53
        },
        "2014": {
            "cash": 0.5,
            "stock": 0,
            "eps": 0.53
        },
        "2015": {
            "cash": 0.5,
            "stock": 0,
            "eps": 0.55
        },
        "2016": {
            "cash": 0.5,
            "stock": 0,
            "eps": 0.94
        },
        "2017": {
            "cash": 0.75,
            "stock": 0,
            "eps": 0.88
        },
        "2018": {
            "cash": 0.75,
            "stock": 0,
            "eps": 1.74
        },
        "2019": {
            "cash": 1.3,
            "stock": 0,
            "eps": 1.6
        },
        "2020": {
            "cash": 1.2,
            "stock": 0,
            "eps": 0.75
        },
        "2021": {
            "cash": 1.1,
            "stock": 0,
            "eps": 2.82
        },
        "2022": {
            "cash": 1.5,
            "stock": 0.5,
            "eps": 1.98
        },
        "2023": {
            "cash": 1,
            "stock": 0,
            "eps": 0.91
        },
        "2024": {
            "cash": 0.91,
            "stock": 0,
            "eps": 0
        }
    },
    "dividends": {
        "1990-03-11": {
            "cash": 0,
            "stock": 0.77
        },
        "1991-04-14": {
            "cash": 0.5,
            "stock": 1.5
        },
        "1992-03-26": {
            "cash": 0,
            "stock": 2
        },
        "1993-06-06": {
            "cash": 0,
            "stock": 2
        },
        "1994-06-18": {
            "cash": 0,
            "stock": 2
        },
        "1995-06-17": {
            "cash": 0,
            "stock": 1.2
        },
        "1996-06-22": {
            "cash": 0,
            "stock": 1.2
        },
        "1997-06-21": {
            "cash": 0,
            "stock": 1.4
        },
        "1998-06-20": {
            "cash": 0,
            "stock": 1.2
        },
        "1999-06-26": {
            "cash": 0.3,
            "stock": 0.5
        },
        "2006-04-17": {
            "cash": 0.5,
            "stock": 0
        },
        "2007-04-03": {
            "cash": 0.5,
            "stock": 0
        },
        "2008-04-08": {
            "cash": 0.5,
            "stock": 0
        },
        "2009-04-08": {
            "cash": 0.6,
            "stock": 0
        },
        "2014-09-25": {
            "cash": 0.5,
            "stock": 0
        },
        "2015-09-23": {
            "cash": 0.5,
            "stock": 0
        },
        "2016-09-23": {
            "cash": 0.5,
            "stock": 0
        },
        "2017-09-27": {
            "cash": 0.75,
            "stock": 0
        },
        "2018-08-03": {
            "cash": 0.75,
            "stock": 0
        },
        "2019-08-08": {
            "cash": 1.3,
            "stock": 0
        },
        "2020-07-31": {
            "cash": 1.2,
            "stock": 0
        },
        "2021-04-23": {
            "cash": 0.6,
            "stock": 0
        },
        "2021-12-23": {
            "cash": 0.5,
            "stock": 0
        },
        "2022-04-25": {
            "cash": 1,
            "stock": 0.5
        },
        "2022-12-29": {
            "cash": 0.5,
            "stock": 0
        },
        "2023-07-20": {
            "cash": 1,
            "stock": 0
        },
        "2024-03-07": {
            "cash": 0.91,
            "stock": 0
        }
    },
    "prices": {
        "200101": "3.60",
        "200102": "4.17",
        "200103": "3.97",
        "200104": "3.73",
        "200105": "3.58",
        "200106": "2.95",
        "200107": "2.16",
        "200108": "2.15",
        "200109": "1.97",
        "200110": "1.73",
        "200111": "2.04",
        "200112": "2.40",
        "200201": "2.42",
        "200202": "2.48",
        "200203": "3.75",
        "200204": "5.53",
        "200205": "5.43",
        "200206": "5.49",
        "200207": "5.21",
        "200208": "4.75",
        "200209": "4.25",
        "200210": "4.26",
        "200211": "5.11",
        "200212": "5.60",
        "200301": "7.66",
        "200302": "8.22",
        "200303": "6.91",
        "200304": "6.84",
        "200305": "6.17",
        "200306": "7.52",
        "200307": "8.37",
        "200308": "8.00",
        "200309": "7.23",
        "200310": "7.73",
        "200311": "7.70",
        "200312": "7.80",
        "200401": "9.30",
        "200402": "10.61",
        "200403": "16.16",
        "200404": "14.36",
        "200405": "11.18",
        "200406": "12.36",
        "200407": "13.57",
        "200408": "12.28",
        "200409": "13.63",
        "200410": "13.42",
        "200411": "12.18",
        "200412": "12.46",
        "200501": "11.86",
        "200502": "11.38",
        "200503": "10.29",
        "200504": "8.43",
        "200505": "7.91",
        "200506": "9.16",
        "200507": "8.55",
        "200508": "7.95",
        "200509": "8.26",
        "200510": "6.69",
        "200511": "6.26",
        "200512": "6.67",
        "200601": "7.12",
        "200602": "7.79",
        "200603": "7.84",
        "200604": "9.31",
        "200605": "8.83",
        "200606": "8.80",
        "200607": "8.93",
        "200608": "8.53",
        "200609": "8.68",
        "200610": "9.98",
        "200611": "9.94",
        "200612": "10.84",
        "200701": "10.84",
        "200702": "10.98",
        "200703": "12.05",
        "200704": "12.83",
        "200705": "10.81",
        "200706": "10.99",
        "200707": "12.37",
        "200708": "10.80",
        "200709": "10.74",
        "200710": "10.55",
        "200711": "9.68",
        "200712": "8.72",
        "200801": "8.45",
        "200802": "9.04",
        "200803": "9.95",
        "200804": "10.81",
        "200805": "12.62",
        "200806": "11.88",
        "200807": "10.88",
        "200808": "9.83",
        "200809": "8.65",
        "200810": "7.34",
        "200811": "7.55",
        "200812": "7.29",
        "200901": "7.26",
        "200902": "7.06",
        "200903": "7.37",
        "200904": "11.09",
        "200905": "11.55",
        "200906": "10.44",
        "200907": "10.06",
        "200908": "9.25",
        "200909": "8.95",
        "200910": "9.02",
        "200911": "9.02",
        "200912": "9.38",
        "201001": "10.19",
        "201002": "9.24",
        "201003": "9.81",
        "201004": "11.22",
        "201005": "9.98",
        "201006": "9.53",
        "201007": "9.78",
        "201008": "10.33",
        "201009": "9.87",
        "201010": "9.53",
        "201011": "9.13",
        "201012": "9.39",
        "201101": "9.98",
        "201102": "9.99",
        "201103": "9.57",
        "201104": "9.58",
        "201105": "9.72",
        "201106": "9.58",
        "201107": "9.43",
        "201108": "10.24",
        "201109": "9.31",
        "201110": "9.05",
        "201111": "9.26",
        "201112": "9.07",
        "201201": "9.04",
        "201202": "10.02",
        "201203": "9.85",
        "201204": "9.14",
        "201205": "9.23",
        "201206": "9.12",
        "201207": "9.38",
        "201208": "9.62",
        "201209": "10.06",
        "201210": "10.12",
        "201211": "10.73",
        "201212": "11.14",
        "201301": "11.79",
        "201302": "11.87",
        "201303": "11.53",
        "201304": "11.54",
        "201305": "11.10",
        "201306": "11.24",
        "201307": "11.04",
        "201308": "11.09",
        "201309": "11.68",
        "201310": "11.26",
        "201311": "10.95",
        "201312": "10.99",
        "201401": "11.55",
        "201402": "11.41",
        "201403": "11.62",
        "201404": "13.00",
        "201405": "13.25",
        "201406": "13.35",
        "201407": "13.61",
        "201408": "13.73",
        "201409": "13.38",
        "201410": "13.14",
        "201411": "13.06",
        "201412": "13.81",
        "201501": "14.33",
        "201502": "14.57",
        "201503": "14.94",
        "201504": "15.83",
        "201505": "15.93",
        "201506": "15.15",
        "201507": "14.18",
        "201508": "13.15",
        "201509": "13.54",
        "201510": "13.98",
        "201511": "14.07",
        "201512": "14.26",
        "201601": "13.99",
        "201602": "13.93",
        "201603": "13.99",
        "201604": "13.88",
        "201605": "13.58",
        "201606": "13.46",
        "201607": "14.36",
        "201608": "13.93",
        "201609": "13.29",
        "201610": "13.00",
        "201611": "13.35",
        "201612": "13.38",
        "201701": "13.33",
        "201702": "13.72",
        "201703": "13.88",
        "201704": "13.81",
        "201705": "13.90",
        "201706": "14.30",
        "201707": "14.23",
        "201708": "14.37",
        "201709": "14.05",
        "201710": "14.57",
        "201711": "14.42",
        "201712": "14.13",
        "201801": "15.13",
        "201802": "15.78",
        "201803": "17.87",
        "201804": "20.15",
        "201805": "20.06",
        "201806": "19.86",
        "201807": "18.62",
        "201808": "19.47",
        "201809": "20.07",
        "201810": "19.59",
        "201811": "19.89",
        "201812": "19.64",
        "201901": "20.56",
        "201902": "21.01",
        "201903": "21.52",
        "201904": "23.92",
        "201905": "23.49",
        "201906": "23.34",
        "201907": "22.71",
        "201908": "20.95",
        "201909": "20.29",
        "201910": "19.65",
        "201911": "19.68",
        "201912": "19.82",
        "202001": "20.02",
        "202002": "19.64",
        "202003": "17.80",
        "202004": "16.95",
        "202005": "17.53",
        "202006": "17.73",
        "202007": "16.39",
        "202008": "16.03",
        "202009": "16.61",
        "202010": "16.41",
        "202011": "16.33",
        "202012": "18.65",
        "202101": "18.77",
        "202102": "18.43",
        "202103": "19.59",
        "202104": "24.90",
        "202105": "26.83",
        "202106": "29.06",
        "202107": "34.98",
        "202108": "31.82",
        "202109": "31.54",
        "202110": "28.77",
        "202111": "30.32",
        "202112": "30.72",
        "202201": "29.85",
        "202202": "30.43",
        "202203": "31.43",
        "202204": "30.83",
        "202205": "28.48",
        "202206": "27.01",
        "202207": "24.37",
        "202208": "24.11",
        "202209": "23.17",
        "202210": "22.28",
        "202211": "22.58",
        "202212": "23.40",
        "202301": "23.83",
        "202302": "24.37",
        "202303": "24.43",
        "202304": "26.73",
        "202305": "27.01",
        "202306": "27.76",
        "202307": "25.98",
        "202308": "24.65",
        "202309": "24.34",
        "202310": "22.49",
        "202311": "22.60",
        "202312": "24.35"
    },
    "quarters": {
        "20011": {
            "year_quarter": 20011,
            "year": 2001,
            "quarter": 1,
            "eps": 0.03,
            "eps_growth_year": -83.33,
            "eps_4q": -1.72,
            "eps_4q_growth_year": null,
            "roe": 0.34,
            "roe_4q": 0.34,
            "gross_profit": 125309,
            "gross_margin": 15.41,
            "gross_margin_4q_avg": 15.41,
            "net_income": 9312,
            "net_income_4q": null,
            "revenue": 813046,
            "revenue_4q": null,
            "common_shares": 2877740,
            "book_valuer_per_share": 9.1,
            "book_valuer_per_share_4q_avg": 9.1,
            "equity": 2619576,
            "current_ratio": 116.29,
            "debt_ratio": 53.81,
            "inventory_turnover_ratio": 0.44,
            "account_receivable_turnover_ratio": null,
            "reinvestment_rate": null,
            "research_to_sale_ratio": null,
            "price_fair": 0,
            "eps_avg_yearly": 0,
            "eps_latest_yearly": 0,
            "eps_growth_yearly": 0
        },
        "20012": {
            "year_quarter": 20012,
            "year": 2001,
            "quarter": 2,
            "eps": 0,
            "eps_growth_year": null,
            "eps_4q": -1.57,
            "eps_4q_growth_year": null,
            "roe": 0.04,
            "roe_4q": 0.38,
            "gross_profit": 118764,
            "gross_margin": 15,
            "gross_margin_4q_avg": 15.21,
            "net_income": 1149,
            "net_income_4q": null,
            "revenue": 791831,
            "revenue_4q": null,
            "common_shares": 2877740,
            "book_valuer_per_share": 9.19,
            "book_valuer_per_share_4q_avg": 9.15,
            "equity": 2644034,
            "current_ratio": 118.61,
            "debt_ratio": 53.44,
            "inventory_turnover_ratio": 0.61,
            "account_receivable_turnover_ratio": null,
            "reinvestment_rate": null,
            "research_to_sale_ratio": null,
            "price_fair": 0,
            "eps_avg_yearly": 0,
            "eps_latest_yearly": 0,
            "eps_growth_yearly": 0
        },
        "20013": {
            "year_quarter": 20013,
            "year": 2001,
            "quarter": 3,
            "eps": -0.14,
            "eps_growth_year": null,
            "eps_4q": -1.18,
            "eps_4q_growth_year": null,
            "roe": -1.48,
            "roe_4q": -1.0999999999999999,
            "gross_profit": 100644,
            "gross_margin": 13.64,
            "gross_margin_4q_avg": 14.68,
            "net_income": -38935,
            "net_income_4q": null,
            "revenue": 737704,
            "revenue_4q": null,
            "common_shares": 2877740,
            "book_valuer_per_share": 9.07,
            "book_valuer_per_share_4q_avg": 9.12,
            "equity": 2610356,
            "current_ratio": 119.24,
            "debt_ratio": 54.09,
            "inventory_turnover_ratio": 0.58,
            "account_receivable_turnover_ratio": null,
            "reinvestment_rate": null,
            "research_to_sale_ratio": null,
            "price_fair": 0,
            "eps_avg_yearly": 0,
            "eps_latest_yearly": 0,
            "eps_growth_yearly": 0
        },
        "20014": {
            "year_quarter": 20014,
            "year": 2001,
            "quarter": 4,
            "eps": -0.19,
            "eps_growth_year": null,
            "eps_4q": -0.28,
            "eps_4q_growth_year": null,
            "roe": -2.04,
            "roe_4q": -3.14,
            "gross_profit": 159920,
            "gross_margin": 21.61,
            "gross_margin_4q_avg": 16.42,
            "net_income": -55292,
            "net_income_4q": null,
            "revenue": 740009,
            "revenue_4q": null,
            "common_shares": 2877740,
            "book_valuer_per_share": 8.9,
            "book_valuer_per_share_4q_avg": 9.07,
            "equity": 2810629,
            "current_ratio": 96.2,
            "debt_ratio": 63.88,
            "inventory_turnover_ratio": 0.38,
            "account_receivable_turnover_ratio": null,
            "reinvestment_rate": null,
            "research_to_sale_ratio": null,
            "price_fair": 0,
            "eps_avg_yearly": 0,
            "eps_latest_yearly": 0,
            "eps_growth_yearly": 0
        },
        "20021": {
            "year_quarter": 20021,
            "year": 2002,
            "quarter": 1,
            "eps": 0.07,
            "eps_growth_year": 133.33,
            "eps_4q": -0.29,
            "eps_4q_growth_year": null,
            "roe": 0.68,
            "roe_4q": -2.8,
            "gross_profit": 119713,
            "gross_margin": 15.03,
            "gross_margin_4q_avg": 16.32,
            "net_income": 18116,
            "net_income_4q": null,
            "revenue": 796392,
            "revenue_4q": null,
            "common_shares": 2877740,
            "book_valuer_per_share": 8.62,
            "book_valuer_per_share_4q_avg": 8.95,
            "equity": 2479245,
            "current_ratio": 125.16,
            "debt_ratio": 55.51,
            "inventory_turnover_ratio": 0.45,
            "account_receivable_turnover_ratio": null,
            "reinvestment_rate": null,
            "research_to_sale_ratio": null,
            "price_fair": 0,
            "eps_avg_yearly": 0,
            "eps_latest_yearly": 0,
            "eps_growth_yearly": 0
        },
        "20022": {
            "year_quarter": 20022,
            "year": 2002,
            "quarter": 2,
            "eps": 0.11,
            "eps_growth_year": null,
            "eps_4q": -0.19,
            "eps_4q_growth_year": null,
            "roe": 1.12,
            "roe_4q": -1.7199999999999998,
            "gross_profit": 138457,
            "gross_margin": 16.64,
            "gross_margin_4q_avg": 16.73,
            "net_income": 27848,
            "net_income_4q": null,
            "revenue": 832211,
            "revenue_4q": null,
            "common_shares": 2877740,
            "book_valuer_per_share": 8.63,
            "book_valuer_per_share_4q_avg": 8.81,
            "equity": 2484729,
            "current_ratio": 115.43,
            "debt_ratio": 55.57,
            "inventory_turnover_ratio": 0.66,
            "account_receivable_turnover_ratio": null,
            "reinvestment_rate": null,
            "research_to_sale_ratio": null,
            "price_fair": 15.4,
            "eps_avg_yearly": 0.44,
            "eps_latest_yearly": 0.44,
            "eps_growth_yearly": 228.57
        },
        "20023": {
            "year_quarter": 20023,
            "year": 2002,
            "quarter": 3,
            "eps": 0.04,
            "eps_growth_year": null,
            "eps_4q": 0,
            "eps_4q_growth_year": null,
            "roe": 0.39,
            "roe_4q": 0.15000000000000036,
            "gross_profit": 124329,
            "gross_margin": 13.74,
            "gross_margin_4q_avg": 16.76,
            "net_income": 9667,
            "net_income_4q": null,
            "revenue": 905054,
            "revenue_4q": null,
            "common_shares": 2877740,
            "book_valuer_per_share": 8.79,
            "book_valuer_per_share_4q_avg": 8.74,
            "equity": 2528747,
            "current_ratio": 116.86,
            "debt_ratio": 54.68,
            "inventory_turnover_ratio": 0.76,
            "account_receivable_turnover_ratio": null,
            "reinvestment_rate": null,
            "research_to_sale_ratio": null,
            "price_fair": 0.9,
            "eps_avg_yearly": 0.3,
            "eps_latest_yearly": 0.16,
            "eps_growth_yearly": -12.99
        },
        "20024": {
            "year_quarter": 20024,
            "year": 2002,
            "quarter": 4,
            "eps": -0.17,
            "eps_growth_year": null,
            "eps_4q": 0.03,
            "eps_4q_growth_year": null,
            "roe": -1.59,
            "roe_4q": 0.6,
            "gross_profit": 126420,
            "gross_margin": 15.55,
            "gross_margin_4q_avg": 15.24,
            "net_income": -41976,
            "net_income_4q": null,
            "revenue": 812800,
            "revenue_4q": null,
            "common_shares": 2877740,
            "book_valuer_per_share": 8.63,
            "book_valuer_per_share_4q_avg": 8.67,
            "equity": 2750776,
            "current_ratio": 103.23,
            "debt_ratio": 62.12,
            "inventory_turnover_ratio": 0.49,
            "account_receivable_turnover_ratio": null,
            "reinvestment_rate": null,
            "research_to_sale_ratio": null,
            "price_fair": 0.9,
            "eps_avg_yearly": 0.3,
            "eps_latest_yearly": 0.16,
            "eps_growth_yearly": -12.99
        },
        "20031": {
            "year_quarter": 20031,
            "year": 2003,
            "quarter": 1,
            "eps": 0.27,
            "eps_growth_year": 285.71,
            "eps_4q": 0.25,
            "eps_4q_growth_year": null,
            "roe": 2.53,
            "roe_4q": 2.4499999999999997,
            "gross_profit": 188005,
            "gross_margin": 22.54,
            "gross_margin_4q_avg": 17.12,
            "net_income": 67254,
            "net_income_4q": null,
            "revenue": 834123,
            "revenue_4q": null,
            "common_shares": 2877740,
            "book_valuer_per_share": 8.89,
            "book_valuer_per_share_4q_avg": 8.74,
            "equity": 2559382,
            "current_ratio": 126.49,
            "debt_ratio": 51.6,
            "inventory_turnover_ratio": 0.45,
            "account_receivable_turnover_ratio": null,
            "reinvestment_rate": null,
            "research_to_sale_ratio": null,
            "price_fair": 0.9,
            "eps_avg_yearly": 0.3,
            "eps_latest_yearly": 0.16,
            "eps_growth_yearly": -12.99
        },
        "20032": {
            "year_quarter": 20032,
            "year": 2003,
            "quarter": 2,
            "eps": 0.25,
            "eps_growth_year": 127.27,
            "eps_4q": 0.39,
            "eps_4q_growth_year": null,
            "roe": 2.43,
            "roe_4q": 3.7600000000000002,
            "gross_profit": 159027,
            "gross_margin": 19.39,
            "gross_margin_4q_avg": 17.81,
            "net_income": 62836,
            "net_income_4q": null,
            "revenue": 820328,
            "revenue_4q": null,
            "common_shares": 2877740,
            "book_valuer_per_share": 9.11,
            "book_valuer_per_share_4q_avg": 8.86,
            "equity": 2621991,
            "current_ratio": 133.04,
            "debt_ratio": 51.51,
            "inventory_turnover_ratio": 0.59,
            "account_receivable_turnover_ratio": null,
            "reinvestment_rate": null,
            "research_to_sale_ratio": null,
            "price_fair": 1.6,
            "eps_avg_yearly": 0.53,
            "eps_latest_yearly": 1,
            "eps_growth_yearly": -18.53
        },
        "20033": {
            "year_quarter": 20033,
            "year": 2003,
            "quarter": 3,
            "eps": 0.06,
            "eps_growth_year": 50,
            "eps_4q": 0.4,
            "eps_4q_growth_year": 28464.29,
            "roe": 0.59,
            "roe_4q": 3.96,
            "gross_profit": 120489,
            "gross_margin": 14.38,
            "gross_margin_4q_avg": 17.97,
            "net_income": 15515,
            "net_income_4q": null,
            "revenue": 837899,
            "revenue_4q": null,
            "common_shares": 2877740,
            "book_valuer_per_share": 9.09,
            "book_valuer_per_share_4q_avg": 8.93,
            "equity": 2616312,
            "current_ratio": 135.16,
            "debt_ratio": 50.57,
            "inventory_turnover_ratio": 0.62,
            "account_receivable_turnover_ratio": null,
            "reinvestment_rate": null,
            "research_to_sale_ratio": null,
            "price_fair": 1.38,
            "eps_avg_yearly": 0.46,
            "eps_latest_yearly": 0.24,
            "eps_growth_yearly": -89.9
        },
        "20034": {
            "year_quarter": 20034,
            "year": 2003,
            "quarter": 4,
            "eps": -0.18,
            "eps_growth_year": null,
            "eps_4q": 0.27,
            "eps_4q_growth_year": 881.65,
            "roe": -1.63,
            "roe_4q": 3.92,
            "gross_profit": 131539,
            "gross_margin": 15.54,
            "gross_margin_4q_avg": 17.96,
            "net_income": -44719,
            "net_income_4q": null,
            "revenue": 846586,
            "revenue_4q": null,
            "common_shares": 2877740,
            "book_valuer_per_share": 8.95,
            "book_valuer_per_share_4q_avg": 9.01,
            "equity": 2882987,
            "current_ratio": 114.15,
            "debt_ratio": 60.72,
            "inventory_turnover_ratio": 0.45,
            "account_receivable_turnover_ratio": null,
            "reinvestment_rate": null,
            "research_to_sale_ratio": null,
            "price_fair": 1.38,
            "eps_avg_yearly": 0.46,
            "eps_latest_yearly": 0.24,
            "eps_growth_yearly": -89.9
        },
        "20041": {
            "year_quarter": 20041,
            "year": 2004,
            "quarter": 1,
            "eps": 0.41,
            "eps_growth_year": 51.85,
            "eps_4q": 0.55,
            "eps_4q_growth_year": 116.81,
            "roe": 3.65,
            "roe_4q": 5.04,
            "gross_profit": 214067,
            "gross_margin": 22.9,
            "gross_margin_4q_avg": 18.05,
            "net_income": 100976,
            "net_income_4q": null,
            "revenue": 934756,
            "revenue_4q": null,
            "common_shares": 2877740,
            "book_valuer_per_share": 9.22,
            "book_valuer_per_share_4q_avg": 9.09,
            "equity": 2653452,
            "current_ratio": 135.26,
            "debt_ratio": 49.38,
            "inventory_turnover_ratio": 0.46,
            "account_receivable_turnover_ratio": null,
            "reinvestment_rate": null,
            "research_to_sale_ratio": null,
            "price_fair": 1.38,
            "eps_avg_yearly": 0.46,
            "eps_latest_yearly": 0.24,
            "eps_growth_yearly": -89.9
        },
        "20042": {
            "year_quarter": 20042,
            "year": 2004,
            "quarter": 2,
            "eps": 0.32,
            "eps_growth_year": 28,
            "eps_4q": 0.61,
            "eps_4q_growth_year": 56.87,
            "roe": 2.93,
            "roe_4q": 5.54,
            "gross_profit": 219258,
            "gross_margin": 21.75,
            "gross_margin_4q_avg": 18.64,
            "net_income": 79117,
            "net_income_4q": null,
            "revenue": 1008286,
            "revenue_4q": null,
            "common_shares": 2877740,
            "book_valuer_per_share": 9.54,
            "book_valuer_per_share_4q_avg": 9.2,
            "equity": 2744583,
            "current_ratio": 140.66,
            "debt_ratio": 47.46,
            "inventory_turnover_ratio": 0.75,
            "account_receivable_turnover_ratio": null,
            "reinvestment_rate": null,
            "research_to_sale_ratio": null,
            "price_fair": 1.87,
            "eps_avg_yearly": 0.62,
            "eps_latest_yearly": 1.28,
            "eps_growth_yearly": -89.48
        },
        "20043": {
            "year_quarter": 20043,
            "year": 2004,
            "quarter": 3,
            "eps": 0.53,
            "eps_growth_year": 783.33,
            "eps_4q": 1.08,
            "eps_4q_growth_year": 168.33,
            "roe": 4.68,
            "roe_4q": 9.629999999999999,
            "gross_profit": 242593,
            "gross_margin": 24.39,
            "gross_margin_4q_avg": 21.15,
            "net_income": 131565,
            "net_income_4q": null,
            "revenue": 994651,
            "revenue_4q": null,
            "common_shares": 2877740,
            "book_valuer_per_share": 10.01,
            "book_valuer_per_share_4q_avg": 9.43,
            "equity": 2881813,
            "current_ratio": 150.13,
            "debt_ratio": 45.01,
            "inventory_turnover_ratio": 0.71,
            "account_receivable_turnover_ratio": null,
            "reinvestment_rate": -849.16,
            "research_to_sale_ratio": null,
            "price_fair": 2.62,
            "eps_avg_yearly": 0.87,
            "eps_latest_yearly": 2.12,
            "eps_growth_yearly": -30.82
        },
        "20044": {
            "year_quarter": 20044,
            "year": 2004,
            "quarter": 4,
            "eps": 0.06,
            "eps_growth_year": null,
            "eps_4q": 1.27,
            "eps_4q_growth_year": 368.59,
            "roe": 0.51,
            "roe_4q": 11.77,
            "gross_profit": 252140,
            "gross_margin": 25.32,
            "gross_margin_4q_avg": 23.59,
            "net_income": 15503,
            "net_income_4q": null,
            "revenue": 995676,
            "revenue_4q": null,
            "common_shares": 2877740,
            "book_valuer_per_share": 9.86,
            "book_valuer_per_share_4q_avg": 9.66,
            "equity": 3159669,
            "current_ratio": 123.93,
            "debt_ratio": 55.06,
            "inventory_turnover_ratio": 0.48,
            "account_receivable_turnover_ratio": null,
            "reinvestment_rate": -134.26,
            "research_to_sale_ratio": null,
            "price_fair": 2.35,
            "eps_avg_yearly": 0.78,
            "eps_latest_yearly": 0.24,
            "eps_growth_yearly": -77.09
        },
        "20051": {
            "year_quarter": 20051,
            "year": 2005,
            "quarter": 1,
            "eps": 0.46,
            "eps_growth_year": 12.2,
            "eps_4q": 1.38,
            "eps_4q_growth_year": 152.09,
            "roe": 3.64,
            "roe_4q": 11.76,
            "gross_profit": 252590,
            "gross_margin": 27.02,
            "gross_margin_4q_avg": 24.62,
            "net_income": 113363,
            "net_income_4q": null,
            "revenue": 934790,
            "revenue_4q": null,
            "common_shares": 2877740,
            "book_valuer_per_share": 10.69,
            "book_valuer_per_share_4q_avg": 10.03,
            "equity": 3075338,
            "current_ratio": 157.13,
            "debt_ratio": 41.27,
            "inventory_turnover_ratio": 0.43,
            "account_receivable_turnover_ratio": null,
            "reinvestment_rate": -15.86,
            "research_to_sale_ratio": null,
            "price_fair": 32.03,
            "eps_avg_yearly": 0.92,
            "eps_latest_yearly": 1.84,
            "eps_growth_yearly": 265.88
        },
        "20052": {
            "year_quarter": 20052,
            "year": 2005,
            "quarter": 2,
            "eps": 0.25,
            "eps_growth_year": -21.88,
            "eps_4q": 1.31,
            "eps_4q_growth_year": 115.21,
            "roe": 1.96,
            "roe_4q": 10.79,
            "gross_profit": 197843,
            "gross_margin": 22.18,
            "gross_margin_4q_avg": 24.73,
            "net_income": 61226,
            "net_income_4q": null,
            "revenue": 892032,
            "revenue_4q": null,
            "common_shares": 2877740,
            "book_valuer_per_share": 10.99,
            "book_valuer_per_share_4q_avg": 10.39,
            "equity": 3163540,
            "current_ratio": 164.62,
            "debt_ratio": 41,
            "inventory_turnover_ratio": 0.56,
            "account_receivable_turnover_ratio": null,
            "reinvestment_rate": -2.25,
            "research_to_sale_ratio": null,
            "price_fair": 32.36,
            "eps_avg_yearly": 0.92,
            "eps_latest_yearly": 1,
            "eps_growth_yearly": 216.05
        },
        "20053": {
            "year_quarter": 20053,
            "year": 2005,
            "quarter": 3,
            "eps": 0.16,
            "eps_growth_year": -69.81,
            "eps_4q": 0.91,
            "eps_4q_growth_year": -15.71,
            "roe": 1.26,
            "roe_4q": 7.369999999999999,
            "gross_profit": 155247,
            "gross_margin": 20.17,
            "gross_margin_4q_avg": 23.67,
            "net_income": 40746,
            "net_income_4q": null,
            "revenue": 769518,
            "revenue_4q": null,
            "common_shares": 2877740,
            "book_valuer_per_share": 11.41,
            "book_valuer_per_share_4q_avg": 10.74,
            "equity": 3283538,
            "current_ratio": 174.16,
            "debt_ratio": 40.38,
            "inventory_turnover_ratio": 0.45,
            "account_receivable_turnover_ratio": null,
            "reinvestment_rate": 5.6,
            "research_to_sale_ratio": null,
            "price_fair": 31.36,
            "eps_avg_yearly": 0.9,
            "eps_latest_yearly": 0.64,
            "eps_growth_yearly": 180.04
        },
        "20054": {
            "year_quarter": 20054,
            "year": 2005,
            "quarter": 4,
            "eps": -0.09,
            "eps_growth_year": -250,
            "eps_4q": 0.61,
            "eps_4q_growth_year": -51.7,
            "roe": -0.67,
            "roe_4q": 6.1899999999999995,
            "gross_profit": 126744,
            "gross_margin": 14.3,
            "gross_margin_4q_avg": 20.92,
            "net_income": -22999,
            "net_income_4q": null,
            "revenue": 886301,
            "revenue_4q": null,
            "common_shares": 2877740,
            "book_valuer_per_share": 11.21,
            "book_valuer_per_share_4q_avg": 11.08,
            "equity": 3574637,
            "current_ratio": 130.38,
            "debt_ratio": 55.16,
            "inventory_turnover_ratio": 0.37,
            "account_receivable_turnover_ratio": null,
            "reinvestment_rate": -43.64,
            "research_to_sale_ratio": null,
            "price_fair": 31.36,
            "eps_avg_yearly": 0.9,
            "eps_latest_yearly": 0.64,
            "eps_growth_yearly": 180.04
        },
        "20061": {
            "year_quarter": 20061,
            "year": 2006,
            "quarter": 1,
            "eps": 0.16,
            "eps_growth_year": -65.22,
            "eps_4q": 0.48,
            "eps_4q_growth_year": -64.91,
            "roe": 1.13,
            "roe_4q": 3.6799999999999997,
            "gross_profit": 158903,
            "gross_margin": 18.14,
            "gross_margin_4q_avg": 18.7,
            "net_income": 39063,
            "net_income_4q": null,
            "revenue": 875943,
            "revenue_4q": null,
            "common_shares": 2877740,
            "book_valuer_per_share": 11.6,
            "book_valuer_per_share_4q_avg": 11.3,
            "equity": 3336849,
            "current_ratio": 164.96,
            "debt_ratio": 40.36,
            "inventory_turnover_ratio": 0.36,
            "account_receivable_turnover_ratio": null,
            "reinvestment_rate": 20.39,
            "research_to_sale_ratio": null,
            "price_fair": 31.36,
            "eps_avg_yearly": 0.9,
            "eps_latest_yearly": 0.64,
            "eps_growth_yearly": 180.04
        },
        "20062": {
            "year_quarter": 20062,
            "year": 2006,
            "quarter": 2,
            "eps": 0.25,
            "eps_growth_year": 0,
            "eps_4q": 0.48,
            "eps_4q_growth_year": -63.59,
            "roe": 1.88,
            "roe_4q": 3.5999999999999996,
            "gross_profit": 186731,
            "gross_margin": 19.88,
            "gross_margin_4q_avg": 18.12,
            "net_income": 62225,
            "net_income_4q": null,
            "revenue": 939303,
            "revenue_4q": null,
            "common_shares": 2877740,
            "book_valuer_per_share": 11.45,
            "book_valuer_per_share_4q_avg": 11.42,
            "equity": 3296137,
            "current_ratio": 164.21,
            "debt_ratio": 40.74,
            "inventory_turnover_ratio": 0.57,
            "account_receivable_turnover_ratio": null,
            "reinvestment_rate": 16.65,
            "research_to_sale_ratio": null,
            "price_fair": 33.32,
            "eps_avg_yearly": 0.95,
            "eps_latest_yearly": 1,
            "eps_growth_yearly": 179.69
        },
        "20063": {
            "year_quarter": 20063,
            "year": 2006,
            "quarter": 3,
            "eps": 0.31,
            "eps_growth_year": 93.75,
            "eps_4q": 0.62,
            "eps_4q_growth_year": -31.26,
            "roe": 2.32,
            "roe_4q": 4.659999999999999,
            "gross_profit": 162371,
            "gross_margin": 18.31,
            "gross_margin_4q_avg": 17.66,
            "net_income": 77512,
            "net_income_4q": null,
            "revenue": 886771,
            "revenue_4q": null,
            "common_shares": 2877740,
            "book_valuer_per_share": 11.76,
            "book_valuer_per_share_4q_avg": 11.51,
            "equity": 3385616,
            "current_ratio": 196.46,
            "debt_ratio": 38.47,
            "inventory_turnover_ratio": 0.56,
            "account_receivable_turnover_ratio": null,
            "reinvestment_rate": 18.34,
            "research_to_sale_ratio": null,
            "price_fair": 37.1,
            "eps_avg_yearly": 1.06,
            "eps_latest_yearly": 1.24,
            "eps_growth_yearly": 214.74
        },
        "20064": {
            "year_quarter": 20064,
            "year": 2006,
            "quarter": 4,
            "eps": -0.08,
            "eps_growth_year": null,
            "eps_4q": 0.43,
            "eps_4q_growth_year": -30.5,
            "roe": -0.57,
            "roe_4q": 4.76,
            "gross_profit": 144915,
            "gross_margin": 17.25,
            "gross_margin_4q_avg": 18.4,
            "net_income": -20535,
            "net_income_4q": null,
            "revenue": 839865,
            "revenue_4q": null,
            "common_shares": 2877740,
            "book_valuer_per_share": 11.82,
            "book_valuer_per_share_4q_avg": 11.66,
            "equity": 3843654,
            "current_ratio": 145.87,
            "debt_ratio": 54.16,
            "inventory_turnover_ratio": 0.33,
            "account_receivable_turnover_ratio": null,
            "reinvestment_rate": -0.59,
            "research_to_sale_ratio": null,
            "price_fair": 37.1,
            "eps_avg_yearly": 1.06,
            "eps_latest_yearly": 1.24,
            "eps_growth_yearly": 214.74
        },
        "20071": {
            "year_quarter": 20071,
            "year": 2007,
            "quarter": 1,
            "eps": 0.24,
            "eps_growth_year": 50,
            "eps_4q": 0.73,
            "eps_4q_growth_year": 50.71,
            "roe": 1.6,
            "roe_4q": 5.23,
            "gross_profit": 159561,
            "gross_margin": 18.42,
            "gross_margin_4q_avg": 18.47,
            "net_income": 58550,
            "net_income_4q": null,
            "revenue": 866293,
            "revenue_4q": null,
            "common_shares": 2877740,
            "book_valuer_per_share": 12.13,
            "book_valuer_per_share_4q_avg": 11.79,
            "equity": 3491024,
            "current_ratio": 188.22,
            "debt_ratio": 38.69,
            "inventory_turnover_ratio": 0.32,
            "account_receivable_turnover_ratio": null,
            "reinvestment_rate": 26.21,
            "research_to_sale_ratio": null,
            "price_fair": 37.1,
            "eps_avg_yearly": 1.06,
            "eps_latest_yearly": 1.24,
            "eps_growth_yearly": 214.74
        },
        "20072": {
            "year_quarter": 20072,
            "year": 2007,
            "quarter": 2,
            "eps": -0.02,
            "eps_growth_year": -108,
            "eps_4q": 0.39,
            "eps_4q_growth_year": -19.15,
            "roe": -0.12,
            "roe_4q": 3.23,
            "gross_profit": 162467,
            "gross_margin": 16.81,
            "gross_margin_4q_avg": 17.7,
            "net_income": -4251,
            "net_income_4q": null,
            "revenue": 966518,
            "revenue_4q": null,
            "common_shares": 2877740,
            "book_valuer_per_share": 12,
            "book_valuer_per_share_4q_avg": 11.93,
            "equity": 3452394,
            "current_ratio": 168.4,
            "debt_ratio": 41.85,
            "inventory_turnover_ratio": 0.5,
            "account_receivable_turnover_ratio": null,
            "reinvestment_rate": 34.26,
            "research_to_sale_ratio": null,
            "price_fair": 37.33,
            "eps_avg_yearly": 1.07,
            "eps_latest_yearly": 1.24,
            "eps_growth_yearly": 241.89
        },
        "20073": {
            "year_quarter": 20073,
            "year": 2007,
            "quarter": 3,
            "eps": 0.19,
            "eps_growth_year": -38.71,
            "eps_4q": 0.33,
            "eps_4q_growth_year": -47.36,
            "roe": 1.34,
            "roe_4q": 2.2500000000000004,
            "gross_profit": 130970,
            "gross_margin": 13.36,
            "gross_margin_4q_avg": 16.46,
            "net_income": 46488,
            "net_income_4q": null,
            "revenue": 980066,
            "revenue_4q": null,
            "common_shares": 2877740,
            "book_valuer_per_share": 12.1,
            "book_valuer_per_share_4q_avg": 12.01,
            "equity": 3482453,
            "current_ratio": 176.51,
            "debt_ratio": 40.45,
            "inventory_turnover_ratio": 0.51,
            "account_receivable_turnover_ratio": null,
            "reinvestment_rate": 33.94,
            "research_to_sale_ratio": null,
            "price_fair": 40.95,
            "eps_avg_yearly": 1.17,
            "eps_latest_yearly": 1.24,
            "eps_growth_yearly": 310.13
        },
        "20074": {
            "year_quarter": 20074,
            "year": 2007,
            "quarter": 4,
            "eps": 0.23,
            "eps_growth_year": null,
            "eps_4q": 0.64,
            "eps_4q_growth_year": 50.6,
            "roe": 1.52,
            "roe_4q": 4.34,
            "gross_profit": 192424,
            "gross_margin": 18.62,
            "gross_margin_4q_avg": 16.8,
            "net_income": 56528,
            "net_income_4q": null,
            "revenue": 1033161,
            "revenue_4q": null,
            "common_shares": 2877740,
            "book_valuer_per_share": 12.11,
            "book_valuer_per_share_4q_avg": 12.09,
            "equity": 3940400,
            "current_ratio": 137.62,
            "debt_ratio": 56.1,
            "inventory_turnover_ratio": 0.33,
            "account_receivable_turnover_ratio": null,
            "reinvestment_rate": 18.3,
            "research_to_sale_ratio": null,
            "price_fair": 39.98,
            "eps_avg_yearly": 1.14,
            "eps_latest_yearly": 0.92,
            "eps_growth_yearly": 285.03
        },
        "20081": {
            "year_quarter": 20081,
            "year": 2008,
            "quarter": 1,
            "eps": 0.21,
            "eps_growth_year": -12.5,
            "eps_4q": 0.43,
            "eps_4q_growth_year": -41.01,
            "roe": 1.83,
            "roe_4q": 4.57,
            "gross_profit": 425494,
            "gross_margin": 20.05,
            "gross_margin_4q_avg": 17.21,
            "net_income": 73225,
            "net_income_4q": null,
            "revenue": 2122241,
            "revenue_4q": null,
            "common_shares": 2877740,
            "book_valuer_per_share": 12.44,
            "book_valuer_per_share_4q_avg": 12.16,
            "equity": 4044296,
            "current_ratio": 139.69,
            "debt_ratio": 54.81,
            "inventory_turnover_ratio": 0.5,
            "account_receivable_turnover_ratio": null,
            "reinvestment_rate": 185.14,
            "research_to_sale_ratio": null,
            "price_fair": 38.92,
            "eps_avg_yearly": 1.11,
            "eps_latest_yearly": 0.84,
            "eps_growth_yearly": 253.05
        },
        "20082": {
            "year_quarter": 20082,
            "year": 2008,
            "quarter": 2,
            "eps": 0.43,
            "eps_growth_year": null,
            "eps_4q": 0.82,
            "eps_4q_growth_year": 112.66,
            "roe": 3.37,
            "roe_4q": 8.06,
            "gross_profit": 545381,
            "gross_margin": 22.75,
            "gross_margin_4q_avg": 18.7,
            "net_income": 136107,
            "net_income_4q": null,
            "revenue": 2397319,
            "revenue_4q": null,
            "common_shares": 2877740,
            "book_valuer_per_share": 12.52,
            "book_valuer_per_share_4q_avg": 12.29,
            "equity": 4021550,
            "current_ratio": 132.87,
            "debt_ratio": 57.66,
            "inventory_turnover_ratio": 0.54,
            "account_receivable_turnover_ratio": null,
            "reinvestment_rate": 176.45,
            "research_to_sale_ratio": null,
            "price_fair": 40.46,
            "eps_avg_yearly": 1.16,
            "eps_latest_yearly": 1.72,
            "eps_growth_yearly": 303.73
        },
        "20083": {
            "year_quarter": 20083,
            "year": 2008,
            "quarter": 3,
            "eps": 0.59,
            "eps_growth_year": 210.53,
            "eps_4q": 1.23,
            "eps_4q_growth_year": 275.3,
            "roe": 4.17,
            "roe_4q": 10.89,
            "gross_profit": 490865,
            "gross_margin": 19.86,
            "gross_margin_4q_avg": 20.32,
            "net_income": 172003,
            "net_income_4q": null,
            "revenue": 2471536,
            "revenue_4q": null,
            "common_shares": 2877740,
            "book_valuer_per_share": 13.08,
            "book_valuer_per_share_4q_avg": 12.54,
            "equity": 4227982,
            "current_ratio": 136.52,
            "debt_ratio": 57.75,
            "inventory_turnover_ratio": 0.55,
            "account_receivable_turnover_ratio": null,
            "reinvestment_rate": 175.18,
            "research_to_sale_ratio": null,
            "price_fair": 41.3,
            "eps_avg_yearly": 1.18,
            "eps_latest_yearly": 2.36,
            "eps_growth_yearly": 292.37
        },
        "20084": {
            "year_quarter": 20084,
            "year": 2008,
            "quarter": 4,
            "eps": -0.41,
            "eps_growth_year": -278.26,
            "eps_4q": 0.59,
            "eps_4q_growth_year": -7.81,
            "roe": -2.58,
            "roe_4q": 6.79,
            "gross_profit": 87781,
            "gross_margin": 5.39,
            "gross_margin_4q_avg": 17.01,
            "net_income": -106781,
            "net_income_4q": null,
            "revenue": 1629304,
            "revenue_4q": null,
            "common_shares": 2877740,
            "book_valuer_per_share": 12.44,
            "book_valuer_per_share_4q_avg": 12.62,
            "equity": 4037949,
            "current_ratio": 132.67,
            "debt_ratio": 58.97,
            "inventory_turnover_ratio": 0.4,
            "account_receivable_turnover_ratio": 2.25,
            "reinvestment_rate": 35.92,
            "research_to_sale_ratio": null,
            "price_fair": 44.96,
            "eps_avg_yearly": 1.28,
            "eps_latest_yearly": 2.36,
            "eps_growth_yearly": 364.26
        },
        "20091": {
            "year_quarter": 20091,
            "year": 2009,
            "quarter": 1,
            "eps": -0.52,
            "eps_growth_year": -347.62,
            "eps_4q": 0.07,
            "eps_4q_growth_year": -83.38,
            "roe": -2.77,
            "roe_4q": 2.1900000000000004,
            "gross_profit": 96243,
            "gross_margin": 7.33,
            "gross_margin_4q_avg": 13.83,
            "net_income": -110808,
            "net_income_4q": null,
            "revenue": 1312745,
            "revenue_4q": null,
            "common_shares": 2877740,
            "book_valuer_per_share": 12.14,
            "book_valuer_per_share_4q_avg": 12.55,
            "equity": 3973160,
            "current_ratio": 128.9,
            "debt_ratio": 59.46,
            "inventory_turnover_ratio": 0.32,
            "account_receivable_turnover_ratio": 0.95,
            "reinvestment_rate": 261.92,
            "research_to_sale_ratio": null,
            "price_fair": 42.53,
            "eps_avg_yearly": 1.22,
            "eps_latest_yearly": 2.36,
            "eps_growth_yearly": 76.46
        },
        "20092": {
            "year_quarter": 20092,
            "year": 2009,
            "quarter": 2,
            "eps": -1.39,
            "eps_growth_year": -423.26,
            "eps_4q": -1.51,
            "eps_4q_growth_year": -283.59,
            "roe": -9.07,
            "roe_4q": -10.25,
            "gross_profit": -20621,
            "gross_margin": -1.67,
            "gross_margin_4q_avg": 7.73,
            "net_income": -340300,
            "net_income_4q": null,
            "revenue": 1235972,
            "revenue_4q": null,
            "common_shares": 2877740,
            "book_valuer_per_share": 10.87,
            "book_valuer_per_share_4q_avg": 12.13,
            "equity": 3529761,
            "current_ratio": 120.08,
            "debt_ratio": 62.56,
            "inventory_turnover_ratio": 0.37,
            "account_receivable_turnover_ratio": 0.96,
            "reinvestment_rate": 1020.34,
            "research_to_sale_ratio": null,
            "price_fair": 43.6,
            "eps_avg_yearly": 1.25,
            "eps_latest_yearly": 2.36,
            "eps_growth_yearly": 113.47
        },
        "20093": {
            "year_quarter": 20093,
            "year": 2009,
            "quarter": 3,
            "eps": -0.22,
            "eps_growth_year": -137.29,
            "eps_4q": -2.21,
            "eps_4q_growth_year": -279.29,
            "roe": -1.33,
            "roe_4q": -15.75,
            "gross_profit": 195927,
            "gross_margin": 12.41,
            "gross_margin_4q_avg": 5.87,
            "net_income": -46901,
            "net_income_4q": null,
            "revenue": 1578776,
            "revenue_4q": null,
            "common_shares": 2877740,
            "book_valuer_per_share": 10.74,
            "book_valuer_per_share_4q_avg": 11.55,
            "equity": 3500159,
            "current_ratio": 120.33,
            "debt_ratio": 61.69,
            "inventory_turnover_ratio": 0.47,
            "account_receivable_turnover_ratio": 1.2,
            "reinvestment_rate": 3204.25,
            "research_to_sale_ratio": null,
            "price_fair": 47.13,
            "eps_avg_yearly": 1.35,
            "eps_latest_yearly": 2.36,
            "eps_growth_yearly": 156.39
        },
        "20094": {
            "year_quarter": 20094,
            "year": 2009,
            "quarter": 4,
            "eps": -0.73,
            "eps_growth_year": null,
            "eps_4q": -2.79,
            "eps_4q_growth_year": -573.14,
            "roe": -5.17,
            "roe_4q": -18.34,
            "gross_profit": 155119,
            "gross_margin": 10.3,
            "gross_margin_4q_avg": 7.09,
            "net_income": -176446,
            "net_income_4q": null,
            "revenue": 1506194,
            "revenue_4q": null,
            "common_shares": 2877740,
            "book_valuer_per_share": 11.27,
            "book_valuer_per_share_4q_avg": 11.26,
            "equity": 3327536,
            "current_ratio": 116.45,
            "debt_ratio": 63.87,
            "inventory_turnover_ratio": 0.48,
            "account_receivable_turnover_ratio": 1.9,
            "reinvestment_rate": null,
            "research_to_sale_ratio": null,
            "price_fair": 47.13,
            "eps_avg_yearly": 1.35,
            "eps_latest_yearly": 2.36,
            "eps_growth_yearly": 156.39
        },
        "20101": {
            "year_quarter": 20101,
            "year": 2010,
            "quarter": 1,
            "eps": 0.49,
            "eps_growth_year": null,
            "eps_4q": -1.94,
            "eps_4q_growth_year": -2819.38,
            "roe": 3.72,
            "roe_4q": -11.85,
            "gross_profit": 305588,
            "gross_margin": 18.43,
            "gross_margin_4q_avg": 9.87,
            "net_income": 126778,
            "net_income_4q": null,
            "revenue": 1658130,
            "revenue_4q": null,
            "common_shares": 2877740,
            "book_valuer_per_share": 11.72,
            "book_valuer_per_share_4q_avg": 11.15,
            "equity": 3484494,
            "current_ratio": 117.74,
            "debt_ratio": 64.9,
            "inventory_turnover_ratio": 0.48,
            "account_receivable_turnover_ratio": 0.92,
            "reinvestment_rate": null,
            "research_to_sale_ratio": null,
            "price_fair": 47.13,
            "eps_avg_yearly": 1.35,
            "eps_latest_yearly": 2.36,
            "eps_growth_yearly": 156.39
        },
        "20102": {
            "year_quarter": 20102,
            "year": 2010,
            "quarter": 2,
            "eps": -0.21,
            "eps_growth_year": null,
            "eps_4q": -0.78,
            "eps_4q_growth_year": null,
            "roe": -0.71,
            "roe_4q": -3.4899999999999998,
            "gross_profit": 290750,
            "gross_margin": 15.16,
            "gross_margin_4q_avg": 14.08,
            "net_income": -24678,
            "net_income_4q": null,
            "revenue": 1917861,
            "revenue_4q": null,
            "common_shares": 2877740,
            "book_valuer_per_share": 11.61,
            "book_valuer_per_share_4q_avg": 11.34,
            "equity": 3498654,
            "current_ratio": 116.13,
            "debt_ratio": 64.6,
            "inventory_turnover_ratio": 0.57,
            "account_receivable_turnover_ratio": 0.96,
            "reinvestment_rate": null,
            "research_to_sale_ratio": null,
            "price_fair": 49.56,
            "eps_avg_yearly": 1.42,
            "eps_latest_yearly": 2.36,
            "eps_growth_yearly": 142.66
        },
        "20103": {
            "year_quarter": 20103,
            "year": 2010,
            "quarter": 3,
            "eps": 0.08,
            "eps_growth_year": null,
            "eps_4q": -0.49,
            "eps_4q_growth_year": null,
            "roe": 1.25,
            "roe_4q": -0.9100000000000001,
            "gross_profit": 324227,
            "gross_margin": 17.49,
            "gross_margin_4q_avg": 15.35,
            "net_income": 44050,
            "net_income_4q": null,
            "revenue": 1853720,
            "revenue_4q": null,
            "common_shares": 2877740,
            "book_valuer_per_share": 11.75,
            "book_valuer_per_share_4q_avg": 11.59,
            "equity": 3554308,
            "current_ratio": 118.64,
            "debt_ratio": 65.2,
            "inventory_turnover_ratio": 0.52,
            "account_receivable_turnover_ratio": 0.92,
            "reinvestment_rate": null,
            "research_to_sale_ratio": null,
            "price_fair": 51.1,
            "eps_avg_yearly": 1.46,
            "eps_latest_yearly": 2.36,
            "eps_growth_yearly": 154.33
        },
        "20104": {
            "year_quarter": 20104,
            "year": 2010,
            "quarter": 4,
            "eps": -0.18,
            "eps_growth_year": null,
            "eps_4q": 0.04,
            "eps_4q_growth_year": null,
            "roe": -0.88,
            "roe_4q": 3.3800000000000003,
            "gross_profit": 333930,
            "gross_margin": 17.47,
            "gross_margin_4q_avg": 17.14,
            "net_income": -31862,
            "net_income_4q": null,
            "revenue": 1911931,
            "revenue_4q": null,
            "common_shares": 2877740,
            "book_valuer_per_share": 12.36,
            "book_valuer_per_share_4q_avg": 11.86,
            "equity": 3702752,
            "current_ratio": 118.65,
            "debt_ratio": 65.57,
            "inventory_turnover_ratio": 0.52,
            "account_receivable_turnover_ratio": 0.93,
            "reinvestment_rate": null,
            "research_to_sale_ratio": null,
            "price_fair": 51.1,
            "eps_avg_yearly": 1.46,
            "eps_latest_yearly": 2.36,
            "eps_growth_yearly": 154.33
        },
        "20111": {
            "year_quarter": 20111,
            "year": 2011,
            "quarter": 1,
            "eps": 0.5,
            "eps_growth_year": 2.04,
            "eps_4q": 0.08,
            "eps_4q_growth_year": null,
            "roe": 3.49,
            "roe_4q": 3.1500000000000004,
            "gross_profit": 383472,
            "gross_margin": 17.12,
            "gross_margin_4q_avg": 16.81,
            "net_income": 132226,
            "net_income_4q": null,
            "revenue": 2240255,
            "revenue_4q": null,
            "common_shares": 2877740,
            "book_valuer_per_share": 12.88,
            "book_valuer_per_share_4q_avg": 12.15,
            "equity": 3879043,
            "current_ratio": 121.18,
            "debt_ratio": 62.84,
            "inventory_turnover_ratio": 0.59,
            "account_receivable_turnover_ratio": 1.07,
            "reinvestment_rate": null,
            "research_to_sale_ratio": null,
            "price_fair": 51.1,
            "eps_avg_yearly": 1.46,
            "eps_latest_yearly": 2.36,
            "eps_growth_yearly": 154.33
        },
        "20112": {
            "year_quarter": 20112,
            "year": 2011,
            "quarter": 2,
            "eps": 0.05,
            "eps_growth_year": null,
            "eps_4q": 0.34,
            "eps_4q_growth_year": null,
            "roe": 1.09,
            "roe_4q": 4.95,
            "gross_profit": 390152,
            "gross_margin": 16.18,
            "gross_margin_4q_avg": 17.07,
            "net_income": 42281,
            "net_income_4q": null,
            "revenue": 2411573,
            "revenue_4q": null,
            "common_shares": 2877740,
            "book_valuer_per_share": 13.05,
            "book_valuer_per_share_4q_avg": 12.51,
            "equity": 3870628,
            "current_ratio": 118.29,
            "debt_ratio": 64.17,
            "inventory_turnover_ratio": 0.62,
            "account_receivable_turnover_ratio": 1.09,
            "reinvestment_rate": null,
            "research_to_sale_ratio": null,
            "price_fair": 42.28,
            "eps_avg_yearly": 1.21,
            "eps_latest_yearly": 0.2,
            "eps_growth_yearly": 51.46
        },
        "20113": {
            "year_quarter": 20113,
            "year": 2011,
            "quarter": 3,
            "eps": 0.5,
            "eps_growth_year": 506.31,
            "eps_4q": 0.76,
            "eps_4q_growth_year": null,
            "roe": 4.47,
            "roe_4q": 8.17,
            "gross_profit": 421468,
            "gross_margin": 16.85,
            "gross_margin_4q_avg": 16.91,
            "net_income": 178194,
            "net_income_4q": null,
            "revenue": 2501621,
            "revenue_4q": null,
            "common_shares": 2877740,
            "book_valuer_per_share": 13.67,
            "book_valuer_per_share_4q_avg": 12.99,
            "equity": 4100500,
            "current_ratio": 122.84,
            "debt_ratio": 62.51,
            "inventory_turnover_ratio": 0.61,
            "account_receivable_turnover_ratio": 1.05,
            "reinvestment_rate": null,
            "research_to_sale_ratio": null,
            "price_fair": 46.9,
            "eps_avg_yearly": 1.34,
            "eps_latest_yearly": 2,
            "eps_growth_yearly": 642.89
        },
        "20114": {
            "year_quarter": 20114,
            "year": 2011,
            "quarter": 4,
            "eps": -0.02,
            "eps_growth_year": null,
            "eps_4q": 0.92,
            "eps_4q_growth_year": 2275.72,
            "roe": 0.09,
            "roe_4q": 9.14,
            "gross_profit": 342727,
            "gross_margin": 16.79,
            "gross_margin_4q_avg": 16.74,
            "net_income": 3499,
            "net_income_4q": null,
            "revenue": 2041635,
            "revenue_4q": null,
            "common_shares": 2877740,
            "book_valuer_per_share": 13.63,
            "book_valuer_per_share_4q_avg": 13.31,
            "equity": 4095943,
            "current_ratio": 121.97,
            "debt_ratio": 61.87,
            "inventory_turnover_ratio": 0.46,
            "account_receivable_turnover_ratio": 0.89,
            "reinvestment_rate": null,
            "research_to_sale_ratio": null,
            "price_fair": 49.84,
            "eps_avg_yearly": 1.42,
            "eps_latest_yearly": 2,
            "eps_growth_yearly": 754.62
        },
        "20121": {
            "year_quarter": 20121,
            "year": 2012,
            "quarter": 1,
            "eps": 0.03,
            "eps_growth_year": -94,
            "eps_4q": 0.48,
            "eps_4q_growth_year": 529.98,
            "roe": 0.2,
            "roe_4q": 5.85,
            "gross_profit": 345392,
            "gross_margin": 17.02,
            "gross_margin_4q_avg": 16.71,
            "net_income": 8197,
            "net_income_4q": null,
            "revenue": 2029672,
            "revenue_4q": null,
            "common_shares": 2877740,
            "book_valuer_per_share": 13.62,
            "book_valuer_per_share_4q_avg": 13.49,
            "equity": 4103285,
            "current_ratio": 117.87,
            "debt_ratio": 64.29,
            "inventory_turnover_ratio": 0.44,
            "account_receivable_turnover_ratio": 0.95,
            "reinvestment_rate": null,
            "research_to_sale_ratio": null,
            "price_fair": 54.95,
            "eps_avg_yearly": 1.57,
            "eps_latest_yearly": 2,
            "eps_growth_yearly": 951.97
        },
        "20122": {
            "year_quarter": 20122,
            "year": 2012,
            "quarter": 2,
            "eps": -0,
            "eps_growth_year": -106.22,
            "eps_4q": 0.42,
            "eps_4q_growth_year": 24.97,
            "roe": 0.68,
            "roe_4q": 5.4399999999999995,
            "gross_profit": 355045,
            "gross_margin": 14.51,
            "gross_margin_4q_avg": 16.29,
            "net_income": 27997,
            "net_income_4q": null,
            "revenue": 2446494,
            "revenue_4q": null,
            "common_shares": 2877740,
            "book_valuer_per_share": 13.67,
            "book_valuer_per_share_4q_avg": 13.65,
            "equity": 4120651,
            "current_ratio": 114.51,
            "debt_ratio": 65.72,
            "inventory_turnover_ratio": 0.51,
            "account_receivable_turnover_ratio": 1.08,
            "reinvestment_rate": null,
            "research_to_sale_ratio": null,
            "price_fair": 53.2,
            "eps_avg_yearly": 1.52,
            "eps_latest_yearly": 2,
            "eps_growth_yearly": 1129.61
        },
        "20123": {
            "year_quarter": 20123,
            "year": 2012,
            "quarter": 3,
            "eps": -0.18,
            "eps_growth_year": -134.98,
            "eps_4q": -0.25,
            "eps_4q_growth_year": -133.77,
            "roe": -0.47,
            "roe_4q": 0.5000000000000001,
            "gross_profit": 298895,
            "gross_margin": 13.79,
            "gross_margin_4q_avg": 15.53,
            "net_income": -19285,
            "net_income_4q": null,
            "revenue": 2166975,
            "revenue_4q": null,
            "common_shares": 2877740,
            "book_valuer_per_share": 13.48,
            "book_valuer_per_share_4q_avg": 13.6,
            "equity": 4075410,
            "current_ratio": 115.47,
            "debt_ratio": 64.63,
            "inventory_turnover_ratio": 0.47,
            "account_receivable_turnover_ratio": 0.94,
            "reinvestment_rate": null,
            "research_to_sale_ratio": null,
            "price_fair": 38.5,
            "eps_avg_yearly": 1.1,
            "eps_latest_yearly": 2,
            "eps_growth_yearly": 1620
        },
        "20124": {
            "year_quarter": 20124,
            "year": 2012,
            "quarter": 4,
            "eps": -0.44,
            "eps_growth_year": null,
            "eps_4q": -0.68,
            "eps_4q_growth_year": -173.41,
            "roe": -2.77,
            "roe_4q": -2.36,
            "gross_profit": 208370,
            "gross_margin": 9.92,
            "gross_margin_4q_avg": 13.81,
            "net_income": -111875,
            "net_income_4q": null,
            "revenue": 2100773,
            "revenue_4q": null,
            "common_shares": 2877740,
            "book_valuer_per_share": 13.09,
            "book_valuer_per_share_4q_avg": 13.47,
            "equity": 4001963,
            "current_ratio": 117.44,
            "debt_ratio": 63.15,
            "inventory_turnover_ratio": 0.53,
            "account_receivable_turnover_ratio": 0.95,
            "reinvestment_rate": null,
            "research_to_sale_ratio": null,
            "price_fair": 38.5,
            "eps_avg_yearly": 1.1,
            "eps_latest_yearly": 2,
            "eps_growth_yearly": 1620
        },
        "20131": {
            "year_quarter": 20131,
            "year": 2013,
            "quarter": 1,
            "eps": 0.14,
            "eps_growth_year": 366.67,
            "eps_4q": -0.48,
            "eps_4q_growth_year": -199.17,
            "roe": 1.27,
            "roe_4q": -1.29,
            "gross_profit": 308884,
            "gross_margin": 16.27,
            "gross_margin_4q_avg": 13.62,
            "net_income": 51624,
            "net_income_4q": null,
            "revenue": 1897914,
            "revenue_4q": null,
            "common_shares": 2877740,
            "book_valuer_per_share": 13.45,
            "book_valuer_per_share_4q_avg": 13.42,
            "equity": 4113081,
            "current_ratio": 118.25,
            "debt_ratio": 62.91,
            "inventory_turnover_ratio": 0.49,
            "account_receivable_turnover_ratio": 0.93,
            "reinvestment_rate": null,
            "research_to_sale_ratio": null,
            "price_fair": 38.5,
            "eps_avg_yearly": 1.1,
            "eps_latest_yearly": 2,
            "eps_growth_yearly": 1620
        },
        "20132": {
            "year_quarter": 20132,
            "year": 2013,
            "quarter": 2,
            "eps": 0.12,
            "eps_growth_year": null,
            "eps_4q": -0.35,
            "eps_4q_growth_year": -183.47,
            "roe": 1.49,
            "roe_4q": -0.4800000000000002,
            "gross_profit": 350554,
            "gross_margin": 15.71,
            "gross_margin_4q_avg": 13.92,
            "net_income": 61562,
            "net_income_4q": null,
            "revenue": 2231251,
            "revenue_4q": null,
            "common_shares": 2877740,
            "book_valuer_per_share": 13.63,
            "book_valuer_per_share_4q_avg": 13.41,
            "equity": 4132124,
            "current_ratio": 116.05,
            "debt_ratio": 65.55,
            "inventory_turnover_ratio": 0.58,
            "account_receivable_turnover_ratio": 1.09,
            "reinvestment_rate": null,
            "research_to_sale_ratio": null,
            "price_fair": 31.27,
            "eps_avg_yearly": 0.89,
            "eps_latest_yearly": 0.48,
            "eps_growth_yearly": 1060.95
        },
        "20133": {
            "year_quarter": 20133,
            "year": 2013,
            "quarter": 3,
            "eps": 0.02,
            "eps_growth_year": null,
            "eps_4q": -0.15,
            "eps_4q_growth_year": null,
            "roe": 0.34,
            "roe_4q": 0.33000000000000007,
            "gross_profit": 297596,
            "gross_margin": 14.48,
            "gross_margin_4q_avg": 14.1,
            "net_income": 13822,
            "net_income_4q": null,
            "revenue": 2055597,
            "revenue_4q": null,
            "common_shares": 2877740,
            "book_valuer_per_share": 13.46,
            "book_valuer_per_share_4q_avg": 13.41,
            "equity": 4069398,
            "current_ratio": 118.39,
            "debt_ratio": 63.79,
            "inventory_turnover_ratio": 0.55,
            "account_receivable_turnover_ratio": 0.95,
            "reinvestment_rate": null,
            "research_to_sale_ratio": null,
            "price_fair": 24.15,
            "eps_avg_yearly": 0.69,
            "eps_latest_yearly": 0.08,
            "eps_growth_yearly": 712.38
        },
        "20134": {
            "year_quarter": 20134,
            "year": 2013,
            "quarter": 4,
            "eps": 0.25,
            "eps_growth_year": null,
            "eps_4q": 0.54,
            "eps_4q_growth_year": null,
            "roe": 2.13,
            "roe_4q": 5.23,
            "gross_profit": 392947,
            "gross_margin": 17.76,
            "gross_margin_4q_avg": 16.06,
            "net_income": 88047,
            "net_income_4q": null,
            "revenue": 2212885,
            "revenue_4q": null,
            "common_shares": 2877740,
            "book_valuer_per_share": 13.86,
            "book_valuer_per_share_4q_avg": 13.6,
            "equity": 4200917,
            "current_ratio": 122.23,
            "debt_ratio": 61.65,
            "inventory_turnover_ratio": 0.57,
            "account_receivable_turnover_ratio": 1.03,
            "reinvestment_rate": -87.57,
            "research_to_sale_ratio": null,
            "price_fair": 26.32,
            "eps_avg_yearly": 0.75,
            "eps_latest_yearly": 1,
            "eps_growth_yearly": 1489.9
        },
        "20141": {
            "year_quarter": 20141,
            "year": 2014,
            "quarter": 1,
            "eps": 0.11,
            "eps_growth_year": -21.43,
            "eps_4q": 0.51,
            "eps_4q_growth_year": null,
            "roe": 1.16,
            "roe_4q": 5.12,
            "gross_profit": 368763,
            "gross_margin": 17.77,
            "gross_margin_4q_avg": 16.43,
            "net_income": 48664,
            "net_income_4q": null,
            "revenue": 2074625,
            "revenue_4q": null,
            "common_shares": 2877740,
            "book_valuer_per_share": 13.85,
            "book_valuer_per_share_4q_avg": 13.7,
            "equity": 4222643,
            "current_ratio": 123.91,
            "debt_ratio": 61.24,
            "inventory_turnover_ratio": 0.52,
            "account_receivable_turnover_ratio": 0.97,
            "reinvestment_rate": -251.14,
            "research_to_sale_ratio": null,
            "price_fair": 24.5,
            "eps_avg_yearly": 0.7,
            "eps_latest_yearly": 0.44,
            "eps_growth_yearly": 1204.25
        },
        "20142": {
            "year_quarter": 20142,
            "year": 2014,
            "quarter": 2,
            "eps": -0.01,
            "eps_growth_year": -108.33,
            "eps_4q": 0.38,
            "eps_4q_growth_year": null,
            "roe": 0.05,
            "roe_4q": 3.6799999999999997,
            "gross_profit": 352874,
            "gross_margin": 14.72,
            "gross_margin_4q_avg": 16.18,
            "net_income": 1953,
            "net_income_4q": null,
            "revenue": 2396868,
            "revenue_4q": null,
            "common_shares": 2877740,
            "book_valuer_per_share": 13.32,
            "book_valuer_per_share_4q_avg": 13.62,
            "equity": 4034175,
            "current_ratio": 119.62,
            "debt_ratio": 63.08,
            "inventory_turnover_ratio": 0.61,
            "account_receivable_turnover_ratio": 1.14,
            "reinvestment_rate": -251.21,
            "research_to_sale_ratio": null,
            "price_fair": 24.5,
            "eps_avg_yearly": 0.7,
            "eps_latest_yearly": 0.44,
            "eps_growth_yearly": 1204.25
        },
        "20143": {
            "year_quarter": 20143,
            "year": 2014,
            "quarter": 3,
            "eps": 0.17,
            "eps_growth_year": 750,
            "eps_4q": 0.52,
            "eps_4q_growth_year": null,
            "roe": 1.28,
            "roe_4q": 4.62,
            "gross_profit": 326435,
            "gross_margin": 13.96,
            "gross_margin_4q_avg": 16.05,
            "net_income": 51958,
            "net_income_4q": null,
            "revenue": 2337973,
            "revenue_4q": null,
            "common_shares": 2877740,
            "book_valuer_per_share": 13.4,
            "book_valuer_per_share_4q_avg": 13.61,
            "equity": 4057017,
            "current_ratio": 120.58,
            "debt_ratio": 63.27,
            "inventory_turnover_ratio": 0.6,
            "account_receivable_turnover_ratio": 1.11,
            "reinvestment_rate": -288.09,
            "research_to_sale_ratio": null,
            "price_fair": 24.5,
            "eps_avg_yearly": 0.7,
            "eps_latest_yearly": 0.44,
            "eps_growth_yearly": 1204.25
        },
        "20144": {
            "year_quarter": 20144,
            "year": 2014,
            "quarter": 4,
            "eps": 0.26,
            "eps_growth_year": 2.87,
            "eps_4q": 0.53,
            "eps_4q_growth_year": -1.25,
            "roe": 2.09,
            "roe_4q": 4.58,
            "gross_profit": 356665,
            "gross_margin": 15.07,
            "gross_margin_4q_avg": 15.38,
            "net_income": 85866,
            "net_income_4q": null,
            "revenue": 2367125,
            "revenue_4q": null,
            "common_shares": 2877740,
            "book_valuer_per_share": 13.75,
            "book_valuer_per_share_4q_avg": 13.58,
            "equity": 4174261,
            "current_ratio": 123.47,
            "debt_ratio": 60.9,
            "inventory_turnover_ratio": 0.61,
            "account_receivable_turnover_ratio": 1.14,
            "reinvestment_rate": -261.45,
            "research_to_sale_ratio": null,
            "price_fair": 26.2,
            "eps_avg_yearly": 0.75,
            "eps_latest_yearly": 1.04,
            "eps_growth_yearly": 1062.47
        },
        "20151": {
            "year_quarter": 20151,
            "year": 2015,
            "quarter": 1,
            "eps": 0.08,
            "eps_growth_year": -27.27,
            "eps_4q": 0.5,
            "eps_4q_growth_year": -1.12,
            "roe": 0.75,
            "roe_4q": 4.17,
            "gross_profit": 340902,
            "gross_margin": 16.51,
            "gross_margin_4q_avg": 15.07,
            "net_income": 31368,
            "net_income_4q": null,
            "revenue": 2065096,
            "revenue_4q": null,
            "common_shares": 2877740,
            "book_valuer_per_share": 13.91,
            "book_valuer_per_share_4q_avg": 13.6,
            "equity": 4222291,
            "current_ratio": 123.19,
            "debt_ratio": 61.65,
            "inventory_turnover_ratio": 0.53,
            "account_receivable_turnover_ratio": 1.05,
            "reinvestment_rate": -432.32,
            "research_to_sale_ratio": null,
            "price_fair": 24.33,
            "eps_avg_yearly": 0.7,
            "eps_latest_yearly": 0.32,
            "eps_growth_yearly": 895.05
        },
        "20152": {
            "year_quarter": 20152,
            "year": 2015,
            "quarter": 2,
            "eps": 0.06,
            "eps_growth_year": null,
            "eps_4q": 0.57,
            "eps_4q_growth_year": 53.19,
            "roe": 0.79,
            "roe_4q": 4.91,
            "gross_profit": 333307,
            "gross_margin": 14.91,
            "gross_margin_4q_avg": 15.11,
            "net_income": 32739,
            "net_income_4q": null,
            "revenue": 2235757,
            "revenue_4q": null,
            "common_shares": 2877740,
            "book_valuer_per_share": 13.4,
            "book_valuer_per_share_4q_avg": 13.62,
            "equity": 4063790,
            "current_ratio": 119.41,
            "debt_ratio": 63.97,
            "inventory_turnover_ratio": 0.6,
            "account_receivable_turnover_ratio": 1.17,
            "reinvestment_rate": -421.67,
            "research_to_sale_ratio": null,
            "price_fair": 24.5,
            "eps_avg_yearly": 0.7,
            "eps_latest_yearly": 0.24,
            "eps_growth_yearly": 927.55
        },
        "20153": {
            "year_quarter": 20153,
            "year": 2015,
            "quarter": 3,
            "eps": 0.32,
            "eps_growth_year": 88.24,
            "eps_4q": 0.73,
            "eps_4q_growth_year": 39.25,
            "roe": 2.45,
            "roe_4q": 6.08,
            "gross_profit": 309969,
            "gross_margin": 14.75,
            "gross_margin_4q_avg": 15.31,
            "net_income": 99561,
            "net_income_4q": null,
            "revenue": 2101419,
            "revenue_4q": null,
            "common_shares": 2877740,
            "book_valuer_per_share": 13.35,
            "book_valuer_per_share_4q_avg": 13.6,
            "equity": 4071170,
            "current_ratio": 122.06,
            "debt_ratio": 62.49,
            "inventory_turnover_ratio": 0.58,
            "account_receivable_turnover_ratio": 1.1,
            "reinvestment_rate": -615.83,
            "research_to_sale_ratio": null,
            "price_fair": 21.35,
            "eps_avg_yearly": 0.61,
            "eps_latest_yearly": 1.28,
            "eps_growth_yearly": 694.21
        },
        "20154": {
            "year_quarter": 20154,
            "year": 2015,
            "quarter": 4,
            "eps": 0.09,
            "eps_growth_year": -64.7,
            "eps_4q": 0.56,
            "eps_4q_growth_year": 5.42,
            "roe": 1.39,
            "roe_4q": 5.38,
            "gross_profit": 417762,
            "gross_margin": 19.35,
            "gross_margin_4q_avg": 16.38,
            "net_income": 56661,
            "net_income_4q": null,
            "revenue": 2158630,
            "revenue_4q": null,
            "common_shares": 2877740,
            "book_valuer_per_share": 13.32,
            "book_valuer_per_share_4q_avg": 13.5,
            "equity": 4090392,
            "current_ratio": 120.27,
            "debt_ratio": 63.7,
            "inventory_turnover_ratio": 0.58,
            "account_receivable_turnover_ratio": 1.18,
            "reinvestment_rate": -571.13,
            "research_to_sale_ratio": null,
            "price_fair": 20.38,
            "eps_avg_yearly": 0.58,
            "eps_latest_yearly": 0.36,
            "eps_growth_yearly": 585.13
        },
        "20161": {
            "year_quarter": 20161,
            "year": 2016,
            "quarter": 1,
            "eps": 0.01,
            "eps_growth_year": -87.5,
            "eps_4q": 0.48,
            "eps_4q_growth_year": -3.2,
            "roe": 0.31,
            "roe_4q": 4.94,
            "gross_profit": 366609,
            "gross_margin": 18.58,
            "gross_margin_4q_avg": 16.9,
            "net_income": 12589,
            "net_income_4q": null,
            "revenue": 1973103,
            "revenue_4q": null,
            "common_shares": 2877740,
            "book_valuer_per_share": 13.3,
            "book_valuer_per_share_4q_avg": 13.34,
            "equity": 4092796,
            "current_ratio": 119.38,
            "debt_ratio": 62.6,
            "inventory_turnover_ratio": 0.57,
            "account_receivable_turnover_ratio": 1.09,
            "reinvestment_rate": -544.76,
            "research_to_sale_ratio": null,
            "price_fair": 18.48,
            "eps_avg_yearly": 0.53,
            "eps_latest_yearly": 0.04,
            "eps_growth_yearly": 491.06
        },
        "20162": {
            "year_quarter": 20162,
            "year": 2016,
            "quarter": 2,
            "eps": 0.17,
            "eps_growth_year": 183.33,
            "eps_4q": 0.6,
            "eps_4q_growth_year": 3.67,
            "roe": 1.69,
            "roe_4q": 5.84,
            "gross_profit": 376277,
            "gross_margin": 17.24,
            "gross_margin_4q_avg": 17.48,
            "net_income": 67477,
            "net_income_4q": null,
            "revenue": 2182577,
            "revenue_4q": null,
            "common_shares": 2877740,
            "book_valuer_per_share": 12.76,
            "book_valuer_per_share_4q_avg": 13.18,
            "equity": 3902058,
            "current_ratio": 116.04,
            "debt_ratio": 64.66,
            "inventory_turnover_ratio": 0.68,
            "account_receivable_turnover_ratio": 1.14,
            "reinvestment_rate": -428.34,
            "research_to_sale_ratio": null,
            "price_fair": 18.96,
            "eps_avg_yearly": 0.54,
            "eps_latest_yearly": 0.68,
            "eps_growth_yearly": 1028.24
        },
        "20163": {
            "year_quarter": 20163,
            "year": 2016,
            "quarter": 3,
            "eps": 0.31,
            "eps_growth_year": -3.12,
            "eps_4q": 0.58,
            "eps_4q_growth_year": -19.85,
            "roe": 2.68,
            "roe_4q": 6.069999999999999,
            "gross_profit": 500781,
            "gross_margin": 23.22,
            "gross_margin_4q_avg": 19.6,
            "net_income": 105011,
            "net_income_4q": null,
            "revenue": 2156752,
            "revenue_4q": null,
            "common_shares": 2877740,
            "book_valuer_per_share": 12.89,
            "book_valuer_per_share_4q_avg": 13.07,
            "equity": 3949373,
            "current_ratio": 118.55,
            "debt_ratio": 64.9,
            "inventory_turnover_ratio": 0.64,
            "account_receivable_turnover_ratio": 1.09,
            "reinvestment_rate": -307.66,
            "research_to_sale_ratio": null,
            "price_fair": 21,
            "eps_avg_yearly": 0.6,
            "eps_latest_yearly": 1.24,
            "eps_growth_yearly": 970
        },
        "20164": {
            "year_quarter": 20164,
            "year": 2016,
            "quarter": 4,
            "eps": 0.45,
            "eps_growth_year": 392.59,
            "eps_4q": 0.95,
            "eps_4q_growth_year": 69.26,
            "roe": 3.39,
            "roe_4q": 8.07,
            "gross_profit": 360156,
            "gross_margin": 15.62,
            "gross_margin_4q_avg": 18.67,
            "net_income": 134977,
            "net_income_4q": null,
            "revenue": 2305548,
            "revenue_4q": null,
            "common_shares": 2877740,
            "book_valuer_per_share": 13.07,
            "book_valuer_per_share_4q_avg": 13.01,
            "equity": 4003641,
            "current_ratio": 122.29,
            "debt_ratio": 62.31,
            "inventory_turnover_ratio": 0.74,
            "account_receivable_turnover_ratio": 1.12,
            "reinvestment_rate": -201.52,
            "research_to_sale_ratio": null,
            "price_fair": 24.23,
            "eps_avg_yearly": 0.69,
            "eps_latest_yearly": 1.8,
            "eps_growth_yearly": 909.28
        },
        "20171": {
            "year_quarter": 20171,
            "year": 2017,
            "quarter": 1,
            "eps": 0.05,
            "eps_growth_year": 400,
            "eps_4q": 0.99,
            "eps_4q_growth_year": 104.72,
            "roe": 0.77,
            "roe_4q": 8.53,
            "gross_profit": 394158,
            "gross_margin": 19.14,
            "gross_margin_4q_avg": 18.81,
            "net_income": 30716,
            "net_income_4q": null,
            "revenue": 2058832,
            "revenue_4q": null,
            "common_shares": 2877740,
            "book_valuer_per_share": 13.06,
            "book_valuer_per_share_4q_avg": 12.95,
            "equity": 3994745,
            "current_ratio": 125.31,
            "debt_ratio": 62.14,
            "inventory_turnover_ratio": 0.59,
            "account_receivable_turnover_ratio": 1.03,
            "reinvestment_rate": -63.17,
            "research_to_sale_ratio": null,
            "price_fair": 23,
            "eps_avg_yearly": 0.66,
            "eps_latest_yearly": 0.2,
            "eps_growth_yearly": 818.94
        },
        "20172": {
            "year_quarter": 20172,
            "year": 2017,
            "quarter": 2,
            "eps": 0.34,
            "eps_growth_year": 100,
            "eps_4q": 1.16,
            "eps_4q_growth_year": 94.05,
            "roe": 2.84,
            "roe_4q": 9.68,
            "gross_profit": 377309,
            "gross_margin": 16.46,
            "gross_margin_4q_avg": 18.61,
            "net_income": 112031,
            "net_income_4q": null,
            "revenue": 2291719,
            "revenue_4q": null,
            "common_shares": 2877740,
            "book_valuer_per_share": 12.7,
            "book_valuer_per_share_4q_avg": 12.93,
            "equity": 3887453,
            "current_ratio": 121.66,
            "debt_ratio": 63.77,
            "inventory_turnover_ratio": 0.65,
            "account_receivable_turnover_ratio": 1.18,
            "reinvestment_rate": -58.57,
            "research_to_sale_ratio": 0.87,
            "price_fair": 25.2,
            "eps_avg_yearly": 0.72,
            "eps_latest_yearly": 1.36,
            "eps_growth_yearly": 988.73
        },
        "20173": {
            "year_quarter": 20173,
            "year": 2017,
            "quarter": 3,
            "eps": 0.16,
            "eps_growth_year": -48.39,
            "eps_4q": 1,
            "eps_4q_growth_year": 72.12,
            "roe": 1.31,
            "roe_4q": 8.31,
            "gross_profit": 308167,
            "gross_margin": 13.94,
            "gross_margin_4q_avg": 16.29,
            "net_income": 51384,
            "net_income_4q": null,
            "revenue": 2210992,
            "revenue_4q": null,
            "common_shares": 2877740,
            "book_valuer_per_share": 12.84,
            "book_valuer_per_share_4q_avg": 12.92,
            "equity": 3929741,
            "current_ratio": 121.95,
            "debt_ratio": 62.03,
            "inventory_turnover_ratio": 0.65,
            "account_receivable_turnover_ratio": 1.09,
            "reinvestment_rate": -54.33,
            "research_to_sale_ratio": 0.77,
            "price_fair": 26.6,
            "eps_avg_yearly": 0.76,
            "eps_latest_yearly": 0.64,
            "eps_growth_yearly": 997.42
        },
        "20174": {
            "year_quarter": 20174,
            "year": 2017,
            "quarter": 4,
            "eps": 0.33,
            "eps_growth_year": -26.3,
            "eps_4q": 0.88,
            "eps_4q_growth_year": -6.47,
            "roe": 3.03,
            "roe_4q": 7.949999999999999,
            "gross_profit": 428997,
            "gross_margin": 17.61,
            "gross_margin_4q_avg": 16.79,
            "net_income": 121211,
            "net_income_4q": null,
            "revenue": 2435927,
            "revenue_4q": null,
            "common_shares": 2877740,
            "book_valuer_per_share": 13.25,
            "book_valuer_per_share_4q_avg": 12.96,
            "equity": 4073660,
            "current_ratio": 138.86,
            "debt_ratio": 60.97,
            "inventory_turnover_ratio": 0.72,
            "account_receivable_turnover_ratio": 1.19,
            "reinvestment_rate": -56.29,
            "research_to_sale_ratio": 0.55,
            "price_fair": 27.4,
            "eps_avg_yearly": 0.78,
            "eps_latest_yearly": 1.32,
            "eps_growth_yearly": 699.2
        },
        "20181": {
            "year_quarter": 20181,
            "year": 2018,
            "quarter": 1,
            "eps": 0.44,
            "eps_growth_year": 780,
            "eps_4q": 1.27,
            "eps_4q_growth_year": 28.5,
            "roe": 3.39,
            "roe_4q": 10.57,
            "gross_profit": 392731,
            "gross_margin": 16.72,
            "gross_margin_4q_avg": 16.18,
            "net_income": 141346,
            "net_income_4q": null,
            "revenue": 2348634,
            "revenue_4q": null,
            "common_shares": 2877740,
            "book_valuer_per_share": 13.87,
            "book_valuer_per_share_4q_avg": 13.17,
            "equity": 4264166,
            "current_ratio": 154.9,
            "debt_ratio": 55.21,
            "inventory_turnover_ratio": 0.7,
            "account_receivable_turnover_ratio": 1.13,
            "reinvestment_rate": -70.16,
            "research_to_sale_ratio": 0.7,
            "price_fair": 30.7,
            "eps_avg_yearly": 0.88,
            "eps_latest_yearly": 1.76,
            "eps_growth_yearly": 724.73
        },
        "20182": {
            "year_quarter": 20182,
            "year": 2018,
            "quarter": 2,
            "eps": 0.38,
            "eps_growth_year": 11.76,
            "eps_4q": 1.32,
            "eps_4q_growth_year": 14.24,
            "roe": 2.9,
            "roe_4q": 10.63,
            "gross_profit": 410807,
            "gross_margin": 17.15,
            "gross_margin_4q_avg": 16.36,
            "net_income": 121252,
            "net_income_4q": null,
            "revenue": 2395323,
            "revenue_4q": null,
            "common_shares": 2877740,
            "book_valuer_per_share": 13.38,
            "book_valuer_per_share_4q_avg": 13.34,
            "equity": 4098167,
            "current_ratio": 160.83,
            "debt_ratio": 59.09,
            "inventory_turnover_ratio": 0.68,
            "account_receivable_turnover_ratio": 1.13,
            "reinvestment_rate": -48.05,
            "research_to_sale_ratio": 0.68,
            "price_fair": 32.2,
            "eps_avg_yearly": 0.92,
            "eps_latest_yearly": 1.52,
            "eps_growth_yearly": 672.78
        },
        "20183": {
            "year_quarter": 20183,
            "year": 2018,
            "quarter": 3,
            "eps": 0.4,
            "eps_growth_year": 150,
            "eps_4q": 1.56,
            "eps_4q_growth_year": 55.51,
            "roe": 3.18,
            "roe_4q": 12.5,
            "gross_profit": 392727,
            "gross_margin": 15.96,
            "gross_margin_4q_avg": 16.86,
            "net_income": 131565,
            "net_income_4q": null,
            "revenue": 2460631,
            "revenue_4q": null,
            "common_shares": 2877740,
            "book_valuer_per_share": 13.61,
            "book_valuer_per_share_4q_avg": 13.53,
            "equity": 4173027,
            "current_ratio": 161.73,
            "debt_ratio": 59.46,
            "inventory_turnover_ratio": 0.66,
            "account_receivable_turnover_ratio": 1.14,
            "reinvestment_rate": -47.8,
            "research_to_sale_ratio": 0.66,
            "price_fair": 33.69,
            "eps_avg_yearly": 0.96,
            "eps_latest_yearly": 1.6,
            "eps_growth_yearly": 632.04
        },
        "20184": {
            "year_quarter": 20184,
            "year": 2018,
            "quarter": 4,
            "eps": 0.52,
            "eps_growth_year": 54.91,
            "eps_4q": 1.74,
            "eps_4q_growth_year": 97.34,
            "roe": 4.05,
            "roe_4q": 13.520000000000001,
            "gross_profit": 498381,
            "gross_margin": 18.91,
            "gross_margin_4q_avg": 17.19,
            "net_income": 171408,
            "net_income_4q": null,
            "revenue": 2635014,
            "revenue_4q": null,
            "common_shares": 2877740,
            "book_valuer_per_share": 13.95,
            "book_valuer_per_share_4q_avg": 13.7,
            "equity": 4293450,
            "current_ratio": 193.31,
            "debt_ratio": 59.86,
            "inventory_turnover_ratio": 0.65,
            "account_receivable_turnover_ratio": 1.21,
            "reinvestment_rate": -47.57,
            "research_to_sale_ratio": 0.68,
            "price_fair": 35.96,
            "eps_avg_yearly": 1.03,
            "eps_latest_yearly": 2.08,
            "eps_growth_yearly": 626.31
        },
        "20191": {
            "year_quarter": 20191,
            "year": 2019,
            "quarter": 1,
            "eps": 0.53,
            "eps_growth_year": 20.45,
            "eps_4q": 1.83,
            "eps_4q_growth_year": 43.49,
            "roe": 3.8,
            "roe_4q": 13.93,
            "gross_profit": 381732,
            "gross_margin": 16.64,
            "gross_margin_4q_avg": 17.17,
            "net_income": 167977,
            "net_income_4q": null,
            "revenue": 2293832,
            "revenue_4q": null,
            "common_shares": 2877740,
            "book_valuer_per_share": 14.79,
            "book_valuer_per_share_4q_avg": 13.93,
            "equity": 4551485,
            "current_ratio": 196.8,
            "debt_ratio": 58.86,
            "inventory_turnover_ratio": 0.54,
            "account_receivable_turnover_ratio": 1.05,
            "reinvestment_rate": -39.96,
            "research_to_sale_ratio": 0.9,
            "price_fair": 39.9,
            "eps_avg_yearly": 1.14,
            "eps_latest_yearly": 2.12,
            "eps_growth_yearly": 644.1
        },
        "20192": {
            "year_quarter": 20192,
            "year": 2019,
            "quarter": 2,
            "eps": 0.27,
            "eps_growth_year": -28.95,
            "eps_4q": 1.72,
            "eps_4q_growth_year": 29.97,
            "roe": 2.07,
            "roe_4q": 13.099999999999998,
            "gross_profit": 371724,
            "gross_margin": 15.96,
            "gross_margin_4q_avg": 16.87,
            "net_income": 90918,
            "net_income_4q": null,
            "revenue": 2329414,
            "revenue_4q": null,
            "common_shares": 2877740,
            "book_valuer_per_share": 13.71,
            "book_valuer_per_share_4q_avg": 14.02,
            "equity": 4221649,
            "current_ratio": 176.34,
            "debt_ratio": 62.75,
            "inventory_turnover_ratio": 0.54,
            "account_receivable_turnover_ratio": 1.08,
            "reinvestment_rate": -36.45,
            "research_to_sale_ratio": 0.73,
            "price_fair": 41.74,
            "eps_avg_yearly": 1.19,
            "eps_latest_yearly": 1.08,
            "eps_growth_yearly": 638.08
        },
        "20193": {
            "year_quarter": 20193,
            "year": 2019,
            "quarter": 3,
            "eps": 0.52,
            "eps_growth_year": 30,
            "eps_4q": 1.84,
            "eps_4q_growth_year": 17.7,
            "roe": 3.91,
            "roe_4q": 13.830000000000002,
            "gross_profit": 373896,
            "gross_margin": 15.6,
            "gross_margin_4q_avg": 16.78,
            "net_income": 166076,
            "net_income_4q": null,
            "revenue": 2397195,
            "revenue_4q": null,
            "common_shares": 2877740,
            "book_valuer_per_share": 13.88,
            "book_valuer_per_share_4q_avg": 14.08,
            "equity": 4283587,
            "current_ratio": 177.99,
            "debt_ratio": 63.14,
            "inventory_turnover_ratio": 0.57,
            "account_receivable_turnover_ratio": 1.11,
            "reinvestment_rate": -31.5,
            "research_to_sale_ratio": 0.76,
            "price_fair": 43.49,
            "eps_avg_yearly": 1.24,
            "eps_latest_yearly": 2.08,
            "eps_growth_yearly": 552.9
        },
        "20194": {
            "year_quarter": 20194,
            "year": 2019,
            "quarter": 4,
            "eps": 0.28,
            "eps_growth_year": -45.1,
            "eps_4q": 1.6,
            "eps_4q_growth_year": -8.12,
            "roe": 2.52,
            "roe_4q": 12.3,
            "gross_profit": 373027,
            "gross_margin": 16.13,
            "gross_margin_4q_avg": 16.08,
            "net_income": 108772,
            "net_income_4q": null,
            "revenue": 2313150,
            "revenue_4q": null,
            "common_shares": 2877740,
            "book_valuer_per_share": 13.96,
            "book_valuer_per_share_4q_avg": 14.09,
            "equity": 4335121,
            "current_ratio": 191.38,
            "debt_ratio": 60.47,
            "inventory_turnover_ratio": 0.55,
            "account_receivable_turnover_ratio": 1.1,
            "reinvestment_rate": -37.04,
            "research_to_sale_ratio": 0.88,
            "price_fair": 45.15,
            "eps_avg_yearly": 1.29,
            "eps_latest_yearly": 1.12,
            "eps_growth_yearly": 559.33
        },
        "20201": {
            "year_quarter": 20201,
            "year": 2020,
            "quarter": 1,
            "eps": 0.01,
            "eps_growth_year": -98.11,
            "eps_4q": 1.08,
            "eps_4q_growth_year": -40.91,
            "roe": 0.39,
            "roe_4q": 8.89,
            "gross_profit": 305604,
            "gross_margin": 15.78,
            "gross_margin_4q_avg": 15.87,
            "net_income": 15667,
            "net_income_4q": null,
            "revenue": 1936692,
            "revenue_4q": null,
            "common_shares": 2877740,
            "book_valuer_per_share": 11.56,
            "book_valuer_per_share_4q_avg": 13.28,
            "equity": 3695039,
            "current_ratio": 163.21,
            "debt_ratio": 64.96,
            "inventory_turnover_ratio": 0.48,
            "account_receivable_turnover_ratio": 0.98,
            "reinvestment_rate": -39.56,
            "research_to_sale_ratio": 0.9,
            "price_fair": 45.15,
            "eps_avg_yearly": 1.29,
            "eps_latest_yearly": 0.04,
            "eps_growth_yearly": 557.44
        },
        "20202": {
            "year_quarter": 20202,
            "year": 2020,
            "quarter": 2,
            "eps": 0.33,
            "eps_growth_year": 22.22,
            "eps_4q": 1.14,
            "eps_4q_growth_year": -33.6,
            "roe": 2.78,
            "roe_4q": 9.6,
            "gross_profit": 246931,
            "gross_margin": 13.43,
            "gross_margin_4q_avg": 15.24,
            "net_income": 105406,
            "net_income_4q": null,
            "revenue": 1838576,
            "revenue_4q": null,
            "common_shares": 2877740,
            "book_valuer_per_share": 12.39,
            "book_valuer_per_share_4q_avg": 12.95,
            "equity": 3880777,
            "current_ratio": 168.86,
            "debt_ratio": 63.58,
            "inventory_turnover_ratio": 0.48,
            "account_receivable_turnover_ratio": 0.98,
            "reinvestment_rate": -34.99,
            "research_to_sale_ratio": 0.86,
            "price_fair": 46.55,
            "eps_avg_yearly": 1.33,
            "eps_latest_yearly": 1.32,
            "eps_growth_yearly": 957.44
        },
        "20203": {
            "year_quarter": 20203,
            "year": 2020,
            "quarter": 3,
            "eps": 0.1,
            "eps_growth_year": -80.77,
            "eps_4q": 0.72,
            "eps_4q_growth_year": -60.55,
            "roe": 0.83,
            "roe_4q": 6.52,
            "gross_profit": 258718,
            "gross_margin": 12.95,
            "gross_margin_4q_avg": 14.57,
            "net_income": 32203,
            "net_income_4q": null,
            "revenue": 1997991,
            "revenue_4q": null,
            "common_shares": 2877740,
            "book_valuer_per_share": 12.47,
            "book_valuer_per_share_4q_avg": 12.6,
            "equity": 3904482,
            "current_ratio": 176,
            "debt_ratio": 62.59,
            "inventory_turnover_ratio": 0.53,
            "account_receivable_turnover_ratio": 1.06,
            "reinvestment_rate": -29.97,
            "research_to_sale_ratio": 0.72,
            "price_fair": 44.71,
            "eps_avg_yearly": 1.28,
            "eps_latest_yearly": 0.4,
            "eps_growth_yearly": 919.43
        },
        "20204": {
            "year_quarter": 20204,
            "year": 2020,
            "quarter": 4,
            "eps": 0.31,
            "eps_growth_year": 7.81,
            "eps_4q": 0.75,
            "eps_4q_growth_year": -53.41,
            "roe": 2.73,
            "roe_4q": 6.7299999999999995,
            "gross_profit": 338028,
            "gross_margin": 14.82,
            "gross_margin_4q_avg": 14.25,
            "net_income": 109760,
            "net_income_4q": null,
            "revenue": 2281356,
            "revenue_4q": null,
            "common_shares": 2877740,
            "book_valuer_per_share": 13.2,
            "book_valuer_per_share_4q_avg": 12.41,
            "equity": 4131457,
            "current_ratio": 170.71,
            "debt_ratio": 61.55,
            "inventory_turnover_ratio": 0.59,
            "account_receivable_turnover_ratio": 1.12,
            "reinvestment_rate": -31.38,
            "research_to_sale_ratio": 0.64,
            "price_fair": 43.49,
            "eps_avg_yearly": 1.24,
            "eps_latest_yearly": 1.24,
            "eps_growth_yearly": 960.64
        },
        "20211": {
            "year_quarter": 20211,
            "year": 2021,
            "quarter": 1,
            "eps": 0.47,
            "eps_growth_year": 4600,
            "eps_4q": 1.21,
            "eps_4q_growth_year": 11.8,
            "roe": 3.63,
            "roe_4q": 9.969999999999999,
            "gross_profit": 419444,
            "gross_margin": 18.1,
            "gross_margin_4q_avg": 14.83,
            "net_income": 149759,
            "net_income_4q": null,
            "revenue": 2316921,
            "revenue_4q": null,
            "common_shares": 2877740,
            "book_valuer_per_share": 13.13,
            "book_valuer_per_share_4q_avg": 12.8,
            "equity": 4109133,
            "current_ratio": 169.64,
            "debt_ratio": 63.09,
            "inventory_turnover_ratio": 0.56,
            "account_receivable_turnover_ratio": 1.07,
            "reinvestment_rate": -28.77,
            "research_to_sale_ratio": 0.86,
            "price_fair": 47.16,
            "eps_avg_yearly": 1.35,
            "eps_latest_yearly": 1.88,
            "eps_growth_yearly": 995.77
        },
        "20212": {
            "year_quarter": 20212,
            "year": 2021,
            "quarter": 2,
            "eps": 0.89,
            "eps_growth_year": 169.7,
            "eps_4q": 1.77,
            "eps_4q_growth_year": 54.91,
            "roe": 6.24,
            "roe_4q": 13.430000000000001,
            "gross_profit": 537810,
            "gross_margin": 18.19,
            "gross_margin_4q_avg": 16.02,
            "net_income": 264398,
            "net_income_4q": null,
            "revenue": 2956933,
            "revenue_4q": null,
            "common_shares": 2877740,
            "book_valuer_per_share": 14.1,
            "book_valuer_per_share_4q_avg": 13.23,
            "equity": 4366731,
            "current_ratio": 192.73,
            "debt_ratio": 63.16,
            "inventory_turnover_ratio": 0.67,
            "account_receivable_turnover_ratio": 1.24,
            "reinvestment_rate": -26.26,
            "research_to_sale_ratio": 0.94,
            "price_fair": 51.98,
            "eps_avg_yearly": 1.49,
            "eps_latest_yearly": 3.56,
            "eps_growth_yearly": 873.11
        },
        "20213": {
            "year_quarter": 20213,
            "year": 2021,
            "quarter": 3,
            "eps": 0.9,
            "eps_growth_year": 800,
            "eps_4q": 2.55,
            "eps_4q_growth_year": 252.36,
            "roe": 6.06,
            "roe_4q": 18.66,
            "gross_profit": 569752,
            "gross_margin": 17.5,
            "gross_margin_4q_avg": 17.15,
            "net_income": 274199,
            "net_income_4q": null,
            "revenue": 3256626,
            "revenue_4q": null,
            "common_shares": 2877740,
            "book_valuer_per_share": 15.06,
            "book_valuer_per_share_4q_avg": 13.87,
            "equity": 4682474,
            "current_ratio": 185.82,
            "debt_ratio": 63.19,
            "inventory_turnover_ratio": 0.72,
            "account_receivable_turnover_ratio": 1.16,
            "reinvestment_rate": -18.43,
            "research_to_sale_ratio": 0.56,
            "price_fair": 58.45,
            "eps_avg_yearly": 1.67,
            "eps_latest_yearly": 3.6,
            "eps_growth_yearly": 886.62
        },
        "20214": {
            "year_quarter": 20214,
            "year": 2021,
            "quarter": 4,
            "eps": 0.56,
            "eps_growth_year": 81.47,
            "eps_4q": 2.81,
            "eps_4q_growth_year": 275.6,
            "roe": 3.97,
            "roe_4q": 19.9,
            "gross_profit": 538817,
            "gross_margin": 16.43,
            "gross_margin_4q_avg": 17.56,
            "net_income": 185821,
            "net_income_4q": null,
            "revenue": 3279762,
            "revenue_4q": null,
            "common_shares": 2877740,
            "book_valuer_per_share": 14.86,
            "book_valuer_per_share_4q_avg": 14.29,
            "equity": 4667911,
            "current_ratio": 223.77,
            "debt_ratio": 63.22,
            "inventory_turnover_ratio": 0.67,
            "account_receivable_turnover_ratio": 1.15,
            "reinvestment_rate": -18.08,
            "research_to_sale_ratio": 0.56,
            "price_fair": 60.46,
            "eps_avg_yearly": 1.73,
            "eps_latest_yearly": 2.24,
            "eps_growth_yearly": 850.62
        },
        "20221": {
            "year_quarter": 20221,
            "year": 2022,
            "quarter": 1,
            "eps": 0.57,
            "eps_growth_year": 21.28,
            "eps_4q": 2.91,
            "eps_4q_growth_year": 141.02,
            "roe": 3.86,
            "roe_4q": 20.130000000000003,
            "gross_profit": 465265,
            "gross_margin": 15.23,
            "gross_margin_4q_avg": 16.84,
            "net_income": 183538,
            "net_income_4q": null,
            "revenue": 3055669,
            "revenue_4q": null,
            "common_shares": 2877740,
            "book_valuer_per_share": 15.51,
            "book_valuer_per_share_4q_avg": 14.88,
            "equity": 4849081,
            "current_ratio": 269.89,
            "debt_ratio": 63.98,
            "inventory_turnover_ratio": 0.57,
            "account_receivable_turnover_ratio": 1.16,
            "reinvestment_rate": -3.96,
            "research_to_sale_ratio": 0.61,
            "price_fair": 61.6,
            "eps_avg_yearly": 1.76,
            "eps_latest_yearly": 2.28,
            "eps_growth_yearly": 842.73
        },
        "20222": {
            "year_quarter": 20222,
            "year": 2022,
            "quarter": 2,
            "eps": 0.59,
            "eps_growth_year": -33.71,
            "eps_4q": 2.49,
            "eps_4q_growth_year": 41,
            "roe": 3.82,
            "roe_4q": 17.71,
            "gross_profit": 505966,
            "gross_margin": 18.56,
            "gross_margin_4q_avg": 16.93,
            "net_income": 187146,
            "net_income_4q": null,
            "revenue": 2725987,
            "revenue_4q": null,
            "common_shares": 2877740,
            "book_valuer_per_share": 15.78,
            "book_valuer_per_share_4q_avg": 15.3,
            "equity": 4945471,
            "current_ratio": 304.68,
            "debt_ratio": 62.25,
            "inventory_turnover_ratio": 0.48,
            "account_receivable_turnover_ratio": 1.13,
            "reinvestment_rate": -11.9,
            "research_to_sale_ratio": 0.72,
            "price_fair": 63.44,
            "eps_avg_yearly": 1.81,
            "eps_latest_yearly": 2.36,
            "eps_growth_yearly": 847.01
        },
        "20223": {
            "year_quarter": 20223,
            "year": 2022,
            "quarter": 3,
            "eps": 0.44,
            "eps_growth_year": -51.11,
            "eps_4q": 2.08,
            "eps_4q_growth_year": -18.4,
            "roe": 3.02,
            "roe_4q": 14.67,
            "gross_profit": 429184,
            "gross_margin": 15.91,
            "gross_margin_4q_avg": 16.53,
            "net_income": 151793,
            "net_income_4q": null,
            "revenue": 2696836,
            "revenue_4q": null,
            "common_shares": 3021627,
            "book_valuer_per_share": 15.6,
            "book_valuer_per_share_4q_avg": 15.44,
            "equity": 5101465,
            "current_ratio": 337.98,
            "debt_ratio": 60.68,
            "inventory_turnover_ratio": 0.48,
            "account_receivable_turnover_ratio": 1.25,
            "reinvestment_rate": -6.7,
            "research_to_sale_ratio": 0.48,
            "price_fair": 63.79,
            "eps_avg_yearly": 1.82,
            "eps_latest_yearly": 1.76,
            "eps_growth_yearly": 839.34
        },
        "20224": {
            "year_quarter": 20224,
            "year": 2022,
            "quarter": 4,
            "eps": 0.38,
            "eps_growth_year": -32.62,
            "eps_4q": 1.93,
            "eps_4q_growth_year": -31.26,
            "roe": 2.77,
            "roe_4q": 13.469999999999999,
            "gross_profit": 402078,
            "gross_margin": 15.64,
            "gross_margin_4q_avg": 16.34,
            "net_income": 140639,
            "net_income_4q": null,
            "revenue": 2571149,
            "revenue_4q": null,
            "common_shares": 3021627,
            "book_valuer_per_share": 15.38,
            "book_valuer_per_share_4q_avg": 15.57,
            "equity": 5068930,
            "current_ratio": 371.62,
            "debt_ratio": 59.78,
            "inventory_turnover_ratio": 0.49,
            "account_receivable_turnover_ratio": 1.24,
            "reinvestment_rate": -10.83,
            "research_to_sale_ratio": 0.6,
            "price_fair": 62.56,
            "eps_avg_yearly": 1.79,
            "eps_latest_yearly": 1.52,
            "eps_growth_yearly": 828.43
        },
        "20231": {
            "year_quarter": 20231,
            "year": 2023,
            "quarter": 1,
            "eps": 0.22,
            "eps_growth_year": -61.4,
            "eps_4q": 1.6,
            "eps_4q_growth_year": -45.01,
            "roe": 1.72,
            "roe_4q": 11.33,
            "gross_profit": 343605,
            "gross_margin": 16.8,
            "gross_margin_4q_avg": 16.73,
            "net_income": 85552,
            "net_income_4q": null,
            "revenue": 2045709,
            "revenue_4q": null,
            "common_shares": 3021627,
            "book_valuer_per_share": 14.71,
            "book_valuer_per_share_4q_avg": 15.37,
            "equity": 4866719,
            "current_ratio": 350.67,
            "debt_ratio": 61.3,
            "inventory_turnover_ratio": 0.43,
            "account_receivable_turnover_ratio": 1.06,
            "reinvestment_rate": -13.93,
            "research_to_sale_ratio": 0.72,
            "price_fair": 59.85,
            "eps_avg_yearly": 1.71,
            "eps_latest_yearly": 0.88,
            "eps_growth_yearly": 817.43
        },
        "20232": {
            "year_quarter": 20232,
            "year": 2023,
            "quarter": 2,
            "eps": 0.12,
            "eps_growth_year": -79.66,
            "eps_4q": 1.16,
            "eps_4q_growth_year": -53.42,
            "roe": 1.04,
            "roe_4q": 8.549999999999999,
            "gross_profit": 295293,
            "gross_margin": 14.57,
            "gross_margin_4q_avg": 15.73,
            "net_income": 50826,
            "net_income_4q": null,
            "revenue": 2027093,
            "revenue_4q": null,
            "common_shares": 3021627,
            "book_valuer_per_share": 15.02,
            "book_valuer_per_share_4q_avg": 15.18,
            "equity": 4934894,
            "current_ratio": 370.34,
            "debt_ratio": 60.46,
            "inventory_turnover_ratio": 0.46,
            "account_receivable_turnover_ratio": 1.17,
            "reinvestment_rate": -16.32,
            "research_to_sale_ratio": 0.77,
            "price_fair": 58.54,
            "eps_avg_yearly": 1.67,
            "eps_latest_yearly": 0.48,
            "eps_growth_yearly": 818.33
        },
        "20233": {
            "year_quarter": 20233,
            "year": 2023,
            "quarter": 3,
            "eps": 0.11,
            "eps_growth_year": -75,
            "eps_4q": 0.83,
            "eps_4q_growth_year": -60.26,
            "roe": 1.29,
            "roe_4q": 6.82,
            "gross_profit": 342720,
            "gross_margin": 15.83,
            "gross_margin_4q_avg": 15.71,
            "net_income": 64299,
            "net_income_4q": null,
            "revenue": 2165638,
            "revenue_4q": null,
            "common_shares": 3021627,
            "book_valuer_per_share": 15.21,
            "book_valuer_per_share_4q_avg": 15.08,
            "equity": 5030383,
            "current_ratio": 406.05,
            "debt_ratio": 59.08,
            "inventory_turnover_ratio": 0.51,
            "account_receivable_turnover_ratio": 1.21,
            "reinvestment_rate": -19.23,
            "research_to_sale_ratio": 0.69,
            "price_fair": 54.95,
            "eps_avg_yearly": 1.57,
            "eps_latest_yearly": 0.44,
            "eps_growth_yearly": 793.1
        },
        "20234": {
            "year_quarter": 20234,
            "year": 2023,
            "quarter": 4,
            "eps": 0.46,
            "eps_growth_year": 21.81,
            "eps_4q": 0.91,
            "eps_4q_growth_year": -52.81,
            "roe": 3.17,
            "roe_4q": 7.22,
            "gross_profit": 337446,
            "gross_margin": 15.19,
            "gross_margin_4q_avg": 15.6,
            "net_income": 160001,
            "net_income_4q": null,
            "revenue": 2222201,
            "revenue_4q": null,
            "common_shares": 3021627,
            "book_valuer_per_share": 15.35,
            "book_valuer_per_share_4q_avg": 15.07,
            "equity": 5079086,
            "current_ratio": 428.48,
            "debt_ratio": 58.26,
            "inventory_turnover_ratio": 0.55,
            "account_receivable_turnover_ratio": 1.2,
            "reinvestment_rate": -13.05,
            "research_to_sale_ratio": 0.8,
            "price_fair": 56.53,
            "eps_avg_yearly": 1.62,
            "eps_latest_yearly": 1.84,
            "eps_growth_yearly": 884.18
        }
    },
    "months": {
        "2001-06": {
            "month": "2001-06",
            "price": "2.95",
            "revenue": 257398
        },
        "2001-07": {
            "month": "2001-07",
            "price": "2.16",
            "revenue": 266629
        },
        "2001-08": {
            "month": "2001-08",
            "price": "2.15",
            "revenue": 252974
        },
        "2001-09": {
            "month": "2001-09",
            "price": "1.97",
            "revenue": 218101
        },
        "2001-10": {
            "month": "2001-10",
            "price": "1.73",
            "revenue": 250517
        },
        "2001-11": {
            "month": "2001-11",
            "price": "2.04",
            "revenue": 228010
        },
        "2001-12": {
            "month": "2001-12",
            "price": "2.40",
            "revenue": 261620
        },
        "2002-01": {
            "month": "2002-01",
            "price": "2.42",
            "revenue": 272826
        },
        "2002-02": {
            "month": "2002-02",
            "price": "2.48",
            "revenue": 238887
        },
        "2002-03": {
            "month": "2002-03",
            "price": "3.75",
            "revenue": 284679
        },
        "2002-04": {
            "month": "2002-04",
            "price": "5.53",
            "revenue": 266652
        },
        "2002-05": {
            "month": "2002-05",
            "price": "5.43",
            "revenue": 287287
        },
        "2002-06": {
            "month": "2002-06",
            "price": "5.49",
            "revenue": 278273
        },
        "2002-07": {
            "month": "2002-07",
            "price": "5.21",
            "revenue": 335323
        },
        "2002-08": {
            "month": "2002-08",
            "price": "4.75",
            "revenue": 290064
        },
        "2002-09": {
            "month": "2002-09",
            "price": "4.25",
            "revenue": 279667
        },
        "2002-10": {
            "month": "2002-10",
            "price": "4.26",
            "revenue": 247808
        },
        "2002-11": {
            "month": "2002-11",
            "price": "5.11",
            "revenue": 287383
        },
        "2002-12": {
            "month": "2002-12",
            "price": "5.60",
            "revenue": 277608
        },
        "2003-01": {
            "month": "2003-01",
            "price": "7.66",
            "revenue": 272855
        },
        "2003-02": {
            "month": "2003-02",
            "price": "8.22",
            "revenue": 264468
        },
        "2003-03": {
            "month": "2003-03",
            "price": "6.91",
            "revenue": 296724
        },
        "2003-04": {
            "month": "2003-04",
            "price": "6.84",
            "revenue": 256516
        },
        "2003-05": {
            "month": "2003-05",
            "price": "6.17",
            "revenue": 272083
        },
        "2003-06": {
            "month": "2003-06",
            "price": "7.52",
            "revenue": 291805
        },
        "2003-07": {
            "month": "2003-07",
            "price": "8.37",
            "revenue": 282675
        },
        "2003-08": {
            "month": "2003-08",
            "price": "8.00",
            "revenue": 285124
        },
        "2003-09": {
            "month": "2003-09",
            "price": "7.23",
            "revenue": 270102
        },
        "2003-10": {
            "month": "2003-10",
            "price": "7.73",
            "revenue": 244789
        },
        "2003-11": {
            "month": "2003-11",
            "price": "7.70",
            "revenue": 279591
        },
        "2003-12": {
            "month": "2003-12",
            "price": "7.80",
            "revenue": 322252
        },
        "2004-01": {
            "month": "2004-01",
            "price": "9.30",
            "revenue": 230595
        },
        "2004-02": {
            "month": "2004-02",
            "price": "10.61",
            "revenue": 337303
        },
        "2004-03": {
            "month": "2004-03",
            "price": "16.16",
            "revenue": 366858
        },
        "2004-04": {
            "month": "2004-04",
            "price": "14.36",
            "revenue": 338419
        },
        "2004-05": {
            "month": "2004-05",
            "price": "11.18",
            "revenue": 332506
        },
        "2004-06": {
            "month": "2004-06",
            "price": "12.36",
            "revenue": 337359
        },
        "2004-07": {
            "month": "2004-07",
            "price": "13.57",
            "revenue": 314356
        },
        "2004-08": {
            "month": "2004-08",
            "price": "12.28",
            "revenue": 350503
        },
        "2004-09": {
            "month": "2004-09",
            "price": "13.63",
            "revenue": 339026
        },
        "2004-10": {
            "month": "2004-10",
            "price": "13.42",
            "revenue": 333362
        },
        "2004-11": {
            "month": "2004-11",
            "price": "12.18",
            "revenue": 320333
        },
        "2004-12": {
            "month": "2004-12",
            "price": "12.46",
            "revenue": 332748
        },
        "2005-01": {
            "month": "2005-01",
            "price": "11.86",
            "revenue": 325533
        },
        "2005-02": {
            "month": "2005-02",
            "price": "11.38",
            "revenue": 251105
        },
        "2005-03": {
            "month": "2005-03",
            "price": "10.29",
            "revenue": 359011
        },
        "2005-04": {
            "month": "2005-04",
            "price": "8.43",
            "revenue": 291147
        },
        "2005-05": {
            "month": "2005-05",
            "price": "7.91",
            "revenue": 299503
        },
        "2005-06": {
            "month": "2005-06",
            "price": "9.16",
            "revenue": 300526
        },
        "2005-07": {
            "month": "2005-07",
            "price": "8.55",
            "revenue": 239987
        },
        "2005-08": {
            "month": "2005-08",
            "price": "7.95",
            "revenue": 272854
        },
        "2005-09": {
            "month": "2005-09",
            "price": "8.26",
            "revenue": 256677
        },
        "2005-10": {
            "month": "2005-10",
            "price": "6.69",
            "revenue": 282699
        },
        "2005-11": {
            "month": "2005-11",
            "price": "6.26",
            "revenue": 289337
        },
        "2005-12": {
            "month": "2005-12",
            "price": "6.67",
            "revenue": 314266
        },
        "2006-01": {
            "month": "2006-01",
            "price": "7.12",
            "revenue": 271447
        },
        "2006-02": {
            "month": "2006-02",
            "price": "7.79",
            "revenue": 268323
        },
        "2006-03": {
            "month": "2006-03",
            "price": "7.84",
            "revenue": 336172
        },
        "2006-04": {
            "month": "2006-04",
            "price": "9.31",
            "revenue": 295284
        },
        "2006-05": {
            "month": "2006-05",
            "price": "8.83",
            "revenue": 340482
        },
        "2006-06": {
            "month": "2006-06",
            "price": "8.80",
            "revenue": 301820
        },
        "2006-07": {
            "month": "2006-07",
            "price": "8.93",
            "revenue": 278042
        },
        "2006-08": {
            "month": "2006-08",
            "price": "8.53",
            "revenue": 301238
        },
        "2006-09": {
            "month": "2006-09",
            "price": "8.68",
            "revenue": 309210
        },
        "2006-10": {
            "month": "2006-10",
            "price": "9.98",
            "revenue": 299070
        },
        "2006-11": {
            "month": "2006-11",
            "price": "9.94",
            "revenue": 282002
        },
        "2006-12": {
            "month": "2006-12",
            "price": "10.84",
            "revenue": 258793
        },
        "2007-01": {
            "month": "2007-01",
            "price": "10.84",
            "revenue": 297467
        },
        "2007-02": {
            "month": "2007-02",
            "price": "10.98",
            "revenue": 224056
        },
        "2007-03": {
            "month": "2007-03",
            "price": "12.05",
            "revenue": 345404
        },
        "2007-04": {
            "month": "2007-04",
            "price": "12.83",
            "revenue": 313315
        },
        "2007-05": {
            "month": "2007-05",
            "price": "10.81",
            "revenue": 342747
        },
        "2007-06": {
            "month": "2007-06",
            "price": "10.99",
            "revenue": 309822
        },
        "2007-07": {
            "month": "2007-07",
            "price": "12.37",
            "revenue": 323066
        },
        "2007-08": {
            "month": "2007-08",
            "price": "10.80",
            "revenue": 326482
        },
        "2007-09": {
            "month": "2007-09",
            "price": "10.74",
            "revenue": 330518
        },
        "2007-10": {
            "month": "2007-10",
            "price": "10.55",
            "revenue": 347449
        },
        "2007-11": {
            "month": "2007-11",
            "price": "9.68",
            "revenue": 330456
        },
        "2007-12": {
            "month": "2007-12",
            "price": "8.72",
            "revenue": 355257
        },
        "2008-01": {
            "month": "2008-01",
            "price": "8.45",
            "revenue": 354316
        },
        "2008-02": {
            "month": "2008-02",
            "price": "9.04",
            "revenue": 294237
        },
        "2008-03": {
            "month": "2008-03",
            "price": "9.95",
            "revenue": 351704
        },
        "2008-04": {
            "month": "2008-04",
            "price": "10.81",
            "revenue": 426085
        },
        "2008-05": {
            "month": "2008-05",
            "price": "12.62",
            "revenue": 470714
        },
        "2008-06": {
            "month": "2008-06",
            "price": "11.88",
            "revenue": 422234
        },
        "2008-07": {
            "month": "2008-07",
            "price": "10.88",
            "revenue": 470388
        },
        "2008-08": {
            "month": "2008-08",
            "price": "9.83",
            "revenue": 446079
        },
        "2008-09": {
            "month": "2008-09",
            "price": "8.65",
            "revenue": 392839
        },
        "2008-10": {
            "month": "2008-10",
            "price": "7.34",
            "revenue": 333755
        },
        "2008-11": {
            "month": "2008-11",
            "price": "7.55",
            "revenue": 276929
        },
        "2008-12": {
            "month": "2008-12",
            "price": "7.29",
            "revenue": 220428
        },
        "2009-01": {
            "month": "2009-01",
            "price": "7.26",
            "revenue": 158834
        },
        "2009-02": {
            "month": "2009-02",
            "price": "7.06",
            "revenue": 141036
        },
        "2009-03": {
            "month": "2009-03",
            "price": "7.37",
            "revenue": 182630
        },
        "2009-04": {
            "month": "2009-04",
            "price": "11.09",
            "revenue": 193020
        },
        "2009-05": {
            "month": "2009-05",
            "price": "11.55",
            "revenue": 192363
        },
        "2009-06": {
            "month": "2009-06",
            "price": "10.44",
            "revenue": 205895
        },
        "2009-07": {
            "month": "2009-07",
            "price": "10.06",
            "revenue": 242551
        },
        "2009-08": {
            "month": "2009-08",
            "price": "9.25",
            "revenue": 234952
        },
        "2009-09": {
            "month": "2009-09",
            "price": "8.95",
            "revenue": 239811
        },
        "2009-10": {
            "month": "2009-10",
            "price": "9.02",
            "revenue": 200639
        },
        "2009-11": {
            "month": "2009-11",
            "price": "9.02",
            "revenue": 212794
        },
        "2009-12": {
            "month": "2009-12",
            "price": "9.38",
            "revenue": 235646
        },
        "2010-01": {
            "month": "2010-01",
            "price": "10.19",
            "revenue": 283664
        },
        "2010-02": {
            "month": "2010-02",
            "price": "9.24",
            "revenue": 222787
        },
        "2010-03": {
            "month": "2010-03",
            "price": "9.81",
            "revenue": 341895
        },
        "2010-04": {
            "month": "2010-04",
            "price": "11.22",
            "revenue": 298312
        },
        "2010-05": {
            "month": "2010-05",
            "price": "9.98",
            "revenue": 309867
        },
        "2010-06": {
            "month": "2010-06",
            "price": "9.53",
            "revenue": 301781
        },
        "2010-07": {
            "month": "2010-07",
            "price": "9.78",
            "revenue": 283099
        },
        "2010-08": {
            "month": "2010-08",
            "price": "10.33",
            "revenue": 299332
        },
        "2010-09": {
            "month": "2010-09",
            "price": "9.87",
            "revenue": 285101
        },
        "2010-10": {
            "month": "2010-10",
            "price": "9.53",
            "revenue": 264064
        },
        "2010-11": {
            "month": "2010-11",
            "price": "9.13",
            "revenue": 282422
        },
        "2010-12": {
            "month": "2010-12",
            "price": "9.39",
            "revenue": 346990
        },
        "2011-01": {
            "month": "2011-01",
            "price": "9.98",
            "revenue": 402738
        },
        "2011-02": {
            "month": "2011-02",
            "price": "9.99",
            "revenue": 301699
        },
        "2011-03": {
            "month": "2011-03",
            "price": "9.57",
            "revenue": 474570
        },
        "2011-04": {
            "month": "2011-04",
            "price": "9.58",
            "revenue": 403440
        },
        "2011-05": {
            "month": "2011-05",
            "price": "9.72",
            "revenue": 434528
        },
        "2011-06": {
            "month": "2011-06",
            "price": "9.58",
            "revenue": 365839
        },
        "2011-07": {
            "month": "2011-07",
            "price": "9.43",
            "revenue": 363548
        },
        "2011-08": {
            "month": "2011-08",
            "price": "10.24",
            "revenue": 360527
        },
        "2011-09": {
            "month": "2011-09",
            "price": "9.31",
            "revenue": 392487
        },
        "2011-10": {
            "month": "2011-10",
            "price": "9.05",
            "revenue": 332233
        },
        "2011-11": {
            "month": "2011-11",
            "price": "9.26",
            "revenue": 347357
        },
        "2011-12": {
            "month": "2011-12",
            "price": "9.07",
            "revenue": 288429
        },
        "2012-01": {
            "month": "2012-01",
            "price": "9.04",
            "revenue": 303717
        },
        "2012-02": {
            "month": "2012-02",
            "price": "10.02",
            "revenue": 308461
        },
        "2012-03": {
            "month": "2012-03",
            "price": "9.85",
            "revenue": 329431
        },
        "2012-04": {
            "month": "2012-04",
            "price": "9.14",
            "revenue": 356348
        },
        "2012-05": {
            "month": "2012-05",
            "price": "9.23",
            "revenue": 378624
        },
        "2012-06": {
            "month": "2012-06",
            "price": "9.12",
            "revenue": 341661
        },
        "2012-07": {
            "month": "2012-07",
            "price": "9.38",
            "revenue": 341994
        },
        "2012-08": {
            "month": "2012-08",
            "price": "9.62",
            "revenue": 320714
        },
        "2012-09": {
            "month": "2012-09",
            "price": "10.06",
            "revenue": 302229
        },
        "2012-10": {
            "month": "2012-10",
            "price": "10.12",
            "revenue": 295911
        },
        "2012-11": {
            "month": "2012-11",
            "price": "10.73",
            "revenue": 275174
        },
        "2012-12": {
            "month": "2012-12",
            "price": "11.14",
            "revenue": 300588
        },
        "2013-01": {
            "month": "2013-01",
            "price": "11.79",
            "revenue": 715623
        },
        "2013-02": {
            "month": "2013-02",
            "price": "11.87",
            "revenue": 503567
        },
        "2013-03": {
            "month": "2013-03",
            "price": "11.53",
            "revenue": 678407
        },
        "2013-04": {
            "month": "2013-04",
            "price": "11.54",
            "revenue": 689724
        },
        "2013-05": {
            "month": "2013-05",
            "price": "11.10",
            "revenue": 771846
        },
        "2013-06": {
            "month": "2013-06",
            "price": "11.24",
            "revenue": 764617
        },
        "2013-07": {
            "month": "2013-07",
            "price": "11.04",
            "revenue": 736353
        },
        "2013-08": {
            "month": "2013-08",
            "price": "11.09",
            "revenue": 633403
        },
        "2013-09": {
            "month": "2013-09",
            "price": "11.68",
            "revenue": 686971
        },
        "2013-10": {
            "month": "2013-10",
            "price": "11.26",
            "revenue": 725247
        },
        "2013-11": {
            "month": "2013-11",
            "price": "10.95",
            "revenue": 655910
        },
        "2013-12": {
            "month": "2013-12",
            "price": "10.99",
            "revenue": 842406
        },
        "2014-01": {
            "month": "2014-01",
            "price": "11.55",
            "revenue": 701892
        },
        "2014-02": {
            "month": "2014-02",
            "price": "11.41",
            "revenue": 614025
        },
        "2014-03": {
            "month": "2014-03",
            "price": "11.62",
            "revenue": 759003
        },
        "2014-04": {
            "month": "2014-04",
            "price": "13.00",
            "revenue": 781032
        },
        "2014-05": {
            "month": "2014-05",
            "price": "13.25",
            "revenue": 808158
        },
        "2014-06": {
            "month": "2014-06",
            "price": "13.35",
            "revenue": 805803
        },
        "2014-07": {
            "month": "2014-07",
            "price": "13.61",
            "revenue": 809214
        },
        "2014-08": {
            "month": "2014-08",
            "price": "13.73",
            "revenue": 748725
        },
        "2014-09": {
            "month": "2014-09",
            "price": "13.38",
            "revenue": 780467
        },
        "2014-10": {
            "month": "2014-10",
            "price": "13.14",
            "revenue": 810792
        },
        "2014-11": {
            "month": "2014-11",
            "price": "13.06",
            "revenue": 730660
        },
        "2014-12": {
            "month": "2014-12",
            "price": "13.81",
            "revenue": 825241
        },
        "2015-01": {
            "month": "2015-01",
            "price": "14.33",
            "revenue": 782423
        },
        "2015-02": {
            "month": "2015-02",
            "price": "14.57",
            "revenue": 536904
        },
        "2015-03": {
            "month": "2015-03",
            "price": "14.94",
            "revenue": 747372
        },
        "2015-04": {
            "month": "2015-04",
            "price": "15.83",
            "revenue": 794238
        },
        "2015-05": {
            "month": "2015-05",
            "price": "15.93",
            "revenue": 708972
        },
        "2015-06": {
            "month": "2015-06",
            "price": "15.15",
            "revenue": 730354
        },
        "2015-07": {
            "month": "2015-07",
            "price": "14.18",
            "revenue": 733736
        },
        "2015-08": {
            "month": "2015-08",
            "price": "13.15",
            "revenue": 671657
        },
        "2015-09": {
            "month": "2015-09",
            "price": "13.54",
            "revenue": 698658
        },
        "2015-10": {
            "month": "2015-10",
            "price": "13.98",
            "revenue": 758454
        },
        "2015-11": {
            "month": "2015-11",
            "price": "14.07",
            "revenue": 677319
        },
        "2015-12": {
            "month": "2015-12",
            "price": "14.26",
            "revenue": 721946
        },
        "2016-01": {
            "month": "2016-01",
            "price": "13.99",
            "revenue": 701717
        },
        "2016-02": {
            "month": "2016-02",
            "price": "13.93",
            "revenue": 493198
        },
        "2016-03": {
            "month": "2016-03",
            "price": "13.99",
            "revenue": 778244
        },
        "2016-04": {
            "month": "2016-04",
            "price": "13.88",
            "revenue": 716974
        },
        "2016-05": {
            "month": "2016-05",
            "price": "13.58",
            "revenue": 783752
        },
        "2016-06": {
            "month": "2016-06",
            "price": "13.46",
            "revenue": 682492
        },
        "2016-07": {
            "month": "2016-07",
            "price": "14.36",
            "revenue": 680118
        },
        "2016-08": {
            "month": "2016-08",
            "price": "13.93",
            "revenue": 750674
        },
        "2016-09": {
            "month": "2016-09",
            "price": "13.29",
            "revenue": 726636
        },
        "2016-10": {
            "month": "2016-10",
            "price": "13.00",
            "revenue": 725092
        },
        "2016-11": {
            "month": "2016-11",
            "price": "13.35",
            "revenue": 772035
        },
        "2016-12": {
            "month": "2016-12",
            "price": "13.38",
            "revenue": 808421
        },
        "2017-01": {
            "month": "2017-01",
            "price": "13.33",
            "revenue": 737216
        },
        "2017-02": {
            "month": "2017-02",
            "price": "13.72",
            "revenue": 568467
        },
        "2017-03": {
            "month": "2017-03",
            "price": "13.88",
            "revenue": 753148
        },
        "2017-04": {
            "month": "2017-04",
            "price": "13.81",
            "revenue": 701719
        },
        "2017-05": {
            "month": "2017-05",
            "price": "13.90",
            "revenue": 781387
        },
        "2017-06": {
            "month": "2017-06",
            "price": "14.30",
            "revenue": 808613
        },
        "2017-07": {
            "month": "2017-07",
            "price": "14.23",
            "revenue": 702109
        },
        "2017-08": {
            "month": "2017-08",
            "price": "14.37",
            "revenue": 739038
        },
        "2017-09": {
            "month": "2017-09",
            "price": "14.05",
            "revenue": 750850
        },
        "2017-10": {
            "month": "2017-10",
            "price": "14.57",
            "revenue": 758282
        },
        "2017-11": {
            "month": "2017-11",
            "price": "14.42",
            "revenue": 866839
        },
        "2017-12": {
            "month": "2017-12",
            "price": "14.13",
            "revenue": 817407
        },
        "2018-01": {
            "month": "2018-01",
            "price": "15.13",
            "revenue": 894559
        },
        "2018-02": {
            "month": "2018-02",
            "price": "15.78",
            "revenue": 623125
        },
        "2018-03": {
            "month": "2018-03",
            "price": "17.87",
            "revenue": 830950
        },
        "2018-04": {
            "month": "2018-04",
            "price": "20.15",
            "revenue": 863551
        },
        "2018-05": {
            "month": "2018-05",
            "price": "20.06",
            "revenue": 780020
        },
        "2018-06": {
            "month": "2018-06",
            "price": "19.86",
            "revenue": 751752
        },
        "2018-07": {
            "month": "2018-07",
            "price": "18.62",
            "revenue": 833690
        },
        "2018-08": {
            "month": "2018-08",
            "price": "19.47",
            "revenue": 862514
        },
        "2018-09": {
            "month": "2018-09",
            "price": "20.07",
            "revenue": 764426
        },
        "2018-10": {
            "month": "2018-10",
            "price": "19.59",
            "revenue": 825728
        },
        "2018-11": {
            "month": "2018-11",
            "price": "19.89",
            "revenue": 894760
        },
        "2018-12": {
            "month": "2018-12",
            "price": "19.64",
            "revenue": 914512
        },
        "2019-01": {
            "month": "2019-01",
            "price": "20.56",
            "revenue": 833735
        },
        "2019-02": {
            "month": "2019-02",
            "price": "21.01",
            "revenue": 567076
        },
        "2019-03": {
            "month": "2019-03",
            "price": "21.52",
            "revenue": 897500
        },
        "2019-04": {
            "month": "2019-04",
            "price": "23.92",
            "revenue": 757726
        },
        "2019-05": {
            "month": "2019-05",
            "price": "23.49",
            "revenue": 815614
        },
        "2019-06": {
            "month": "2019-06",
            "price": "23.34",
            "revenue": 752979
        },
        "2019-07": {
            "month": "2019-07",
            "price": "22.71",
            "revenue": 817399
        },
        "2019-08": {
            "month": "2019-08",
            "price": "20.95",
            "revenue": 793384
        },
        "2019-09": {
            "month": "2019-09",
            "price": "20.29",
            "revenue": 786366
        },
        "2019-10": {
            "month": "2019-10",
            "price": "19.65",
            "revenue": 789546
        },
        "2019-11": {
            "month": "2019-11",
            "price": "19.68",
            "revenue": 730871
        },
        "2019-12": {
            "month": "2019-12",
            "price": "19.82",
            "revenue": 792491
        },
        "2020-01": {
            "month": "2020-01",
            "price": "20.02",
            "revenue": 628893
        },
        "2020-02": {
            "month": "2020-02",
            "price": "19.64",
            "revenue": 553424
        },
        "2020-03": {
            "month": "2020-03",
            "price": "17.80",
            "revenue": 754381
        },
        "2020-04": {
            "month": "2020-04",
            "price": "16.95",
            "revenue": 650363
        },
        "2020-05": {
            "month": "2020-05",
            "price": "17.53",
            "revenue": 532262
        },
        "2020-06": {
            "month": "2020-06",
            "price": "17.73",
            "revenue": 655513
        },
        "2020-07": {
            "month": "2020-07",
            "price": "16.39",
            "revenue": 668069
        },
        "2020-08": {
            "month": "2020-08",
            "price": "16.03",
            "revenue": 649699
        },
        "2020-09": {
            "month": "2020-09",
            "price": "16.61",
            "revenue": 681066
        },
        "2020-10": {
            "month": "2020-10",
            "price": "16.41",
            "revenue": 661541
        },
        "2020-11": {
            "month": "2020-11",
            "price": "16.33",
            "revenue": 773663
        },
        "2020-12": {
            "month": "2020-12",
            "price": "18.65",
            "revenue": 846245
        },
        "2021-01": {
            "month": "2021-01",
            "price": "18.77",
            "revenue": 840622
        },
        "2021-02": {
            "month": "2021-02",
            "price": "18.43",
            "revenue": 564346
        },
        "2021-03": {
            "month": "2021-03",
            "price": "19.59",
            "revenue": 911934
        },
        "2021-04": {
            "month": "2021-04",
            "price": "24.90",
            "revenue": 949483
        },
        "2021-05": {
            "month": "2021-05",
            "price": "26.83",
            "revenue": 968215
        },
        "2021-06": {
            "month": "2021-06",
            "price": "29.06",
            "revenue": 1038579
        },
        "2021-07": {
            "month": "2021-07",
            "price": "34.98",
            "revenue": 996244
        },
        "2021-08": {
            "month": "2021-08",
            "price": "31.82",
            "revenue": 1104777
        },
        "2021-09": {
            "month": "2021-09",
            "price": "31.54",
            "revenue": 1176775
        },
        "2021-10": {
            "month": "2021-10",
            "price": "28.77",
            "revenue": 1014616
        },
        "2021-11": {
            "month": "2021-11",
            "price": "30.32",
            "revenue": 1208190
        },
        "2021-12": {
            "month": "2021-12",
            "price": "30.72",
            "revenue": 1058724
        },
        "2022-01": {
            "month": "2022-01",
            "price": "29.85",
            "revenue": 907280
        },
        "2022-02": {
            "month": "2022-02",
            "price": "30.43",
            "revenue": 801724
        },
        "2022-03": {
            "month": "2022-03",
            "price": "31.43",
            "revenue": 1316111
        },
        "2022-04": {
            "month": "2022-04",
            "price": "30.83",
            "revenue": 990905
        },
        "2022-05": {
            "month": "2022-05",
            "price": "28.48",
            "revenue": 865320
        },
        "2022-06": {
            "month": "2022-06",
            "price": "27.01",
            "revenue": 899855
        },
        "2022-07": {
            "month": "2022-07",
            "price": "24.37",
            "revenue": 983848
        },
        "2022-08": {
            "month": "2022-08",
            "price": "24.11",
            "revenue": 878532
        },
        "2022-09": {
            "month": "2022-09",
            "price": "23.17",
            "revenue": 834565
        },
        "2022-10": {
            "month": "2022-10",
            "price": "22.28",
            "revenue": 814191
        },
        "2022-11": {
            "month": "2022-11",
            "price": "22.58",
            "revenue": 850850
        },
        "2022-12": {
            "month": "2022-12",
            "price": "23.40",
            "revenue": 904710
        },
        "2023-01": {
            "month": "2023-01",
            "price": "23.83",
            "revenue": 591365
        },
        "2023-02": {
            "month": "2023-02",
            "price": "24.37",
            "revenue": 674577
        },
        "2023-03": {
            "month": "2023-03",
            "price": "24.43",
            "revenue": 780171
        },
        "2023-04": {
            "month": "2023-04",
            "price": "26.73",
            "revenue": 619222
        },
        "2023-05": {
            "month": "2023-05",
            "price": "27.01",
            "revenue": 741366
        },
        "2023-06": {
            "month": "2023-06",
            "price": "27.76",
            "revenue": 665670
        },
        "2023-07": {
            "month": "2023-07",
            "price": "25.98",
            "revenue": 676967
        },
        "2023-08": {
            "month": "2023-08",
            "price": "24.65",
            "revenue": 820194
        },
        "2023-09": {
            "month": "2023-09",
            "price": "24.34",
            "revenue": 668908
        },
        "2023-10": {
            "month": "2023-10",
            "price": "22.49",
            "revenue": 709170
        },
        "2023-11": {
            "month": "2023-11",
            "price": "22.60",
            "revenue": 751611
        },
        "2023-12": {
            "month": "2023-12",
            "price": "24.35",
            "revenue": 761421
        }
    }
}
