{
    "summary": {
        "stock_name": "中鋼構",
        "stock_id": "2013",
        "category": "鋼鐵",
        "main_business": "各類型鋼.鋼構架.機械體及水工機械之設計.製造.安裝及技術服務。<br>金屬製品及加工用化學品之生產.進出口及買賣業務。<br>各類環保工程(包含焚化爐、污染防治設備)之設計.製造.安裝。",
        "website_url": "http://www.cssc.com.tw",
        "ceo": "黃源章",
        "pe_ratio": 25,
        "report_year_from": 2001,
        "report_year_to": 2023,
        "age": 22,
        "eps_negative_percentage": 0,
        "eps_growth_avg": {
            "last_all": 8.03,
            "last_2y": 24.21,
            "last_4y": 41.74,
            "last_8y": 5.81,
            "last_12y": 8.78,
            "last_16y": 9.29,
            "last_20y": 8.03,
            "at_2006_last_3y": 24.66,
            "at_2007_last_3y": 35.82,
            "at_2008_last_3y": 19.48,
            "at_2009_last_3y": 10.96,
            "at_2010_last_3y": 8.69,
            "at_2011_last_3y": 16.76,
            "at_2012_last_3y": 21.61,
            "at_2013_last_3y": 15.44,
            "at_2014_last_3y": -4.03,
            "at_2015_last_3y": -23.22,
            "at_2016_last_3y": -39.69,
            "at_2017_last_3y": -39.09,
            "at_2018_last_3y": -3.76,
            "at_2019_last_3y": 13.21,
            "at_2020_last_3y": 52.94,
            "at_2021_last_3y": 52.98,
            "at_2022_last_3y": 27.17,
            "at_2023_last_3y": 27.17,
            "at_2006_last_all": 11.26,
            "at_2007_last_all": 11.5,
            "at_2008_last_all": 8.08,
            "at_2009_last_all": 6.82,
            "at_2010_last_all": 10.12,
            "at_2011_last_all": 13.6,
            "at_2012_last_all": 13,
            "at_2013_last_all": 9.69,
            "at_2014_last_all": 5.77,
            "at_2015_last_all": 3.08,
            "at_2016_last_all": -1.05,
            "at_2017_last_all": -2.5,
            "at_2018_last_all": 3.52,
            "at_2019_last_all": 5.33,
            "at_2020_last_all": 10.32,
            "at_2021_last_all": 8.59,
            "at_2022_last_all": 8.03,
            "at_2023_last_all": 8.03
        },
        "latest_eps": 2.33,
        "latest_price": 57.5,
        "latest_roe": 8.7,
        "latest_gross_margin": 4.03,
        "latest_equity": 5378902,
        "latest_revenue": 4883572,
        "latest_gross_profit": 197018,
        "latest_net_income": 96588,
        "latest_debt_ratio": 59.09,
        "latest_current_ratio": 137.13,
        "latest_account_receivable_turnover_ratio": 3.71,
        "latest_inventory_turnover_ratio": 6.28,
        "latest_reinvestment_rate": 11.26,
        "latest_research_to_sale_ratio": 0.06
    },
    "eps_dividends": {
        "1991": {
            "cash": 0.5,
            "stock": 1.25,
            "eps": 0
        },
        "1992": {
            "cash": 0.55,
            "stock": 1.7,
            "eps": 0
        },
        "1993": {
            "cash": 0.25,
            "stock": 1,
            "eps": 0
        },
        "1995": {
            "cash": 0.3,
            "stock": 0.3,
            "eps": 0
        },
        "1996": {
            "cash": 0.6,
            "stock": 0,
            "eps": 0
        },
        "1997": {
            "cash": 0.6,
            "stock": 0,
            "eps": 0
        },
        "1998": {
            "cash": 0.9,
            "stock": 0,
            "eps": 0
        },
        "1999": {
            "cash": 0.9,
            "stock": 0.3,
            "eps": 0
        },
        "2000": {
            "cash": 0.9,
            "stock": 0.3,
            "eps": 0
        },
        "2001": {
            "cash": 0.8,
            "stock": 0.4,
            "eps": 1.3
        },
        "2002": {
            "cash": 0.8,
            "stock": 0.2,
            "eps": 0.75
        },
        "2003": {
            "cash": 0.35,
            "stock": 0.2,
            "eps": 0.51
        },
        "2004": {
            "cash": 0.2,
            "stock": 0.2,
            "eps": 0.78
        },
        "2005": {
            "cash": 0.3,
            "stock": 0.25,
            "eps": 1.03
        },
        "2006": {
            "cash": 0.7,
            "stock": 0,
            "eps": 1.5
        },
        "2007": {
            "cash": 1.1,
            "stock": 0,
            "eps": 1.69
        },
        "2008": {
            "cash": 1.2,
            "stock": 0,
            "eps": 1.48
        },
        "2009": {
            "cash": 0.9,
            "stock": 0,
            "eps": 1.45
        },
        "2010": {
            "cash": 1,
            "stock": 0,
            "eps": 1.98
        },
        "2011": {
            "cash": 3.5,
            "stock": 0,
            "eps": 2.87
        },
        "2012": {
            "cash": 0,
            "stock": 0,
            "eps": 3.07
        },
        "2013": {
            "cash": 2.1,
            "stock": 0,
            "eps": 2.25
        },
        "2014": {
            "cash": 1.5,
            "stock": 0,
            "eps": 1.32
        },
        "2015": {
            "cash": 0.8,
            "stock": 0,
            "eps": 0.9
        },
        "2016": {
            "cash": 0.5,
            "stock": 0,
            "eps": 0.37
        },
        "2017": {
            "cash": 0.26,
            "stock": 0,
            "eps": 0.28
        },
        "2018": {
            "cash": 0.24,
            "stock": 0,
            "eps": 0.61
        },
        "2019": {
            "cash": 0.47,
            "stock": 0,
            "eps": 0.83
        },
        "2020": {
            "cash": 0.81,
            "stock": 0,
            "eps": 3.27
        },
        "2021": {
            "cash": 2.8,
            "stock": 0,
            "eps": 2.48
        },
        "2022": {
            "cash": 2,
            "stock": 0,
            "eps": 2.4
        },
        "2023": {
            "cash": 1.7,
            "stock": 0,
            "eps": 0.48
        }
    },
    "dividends": {
        "1991-04-30": {
            "cash": 0.5,
            "stock": 1.25
        },
        "1992-04-23": {
            "cash": 0.55,
            "stock": 1.7
        },
        "1993-04-15": {
            "cash": 0.25,
            "stock": 1
        },
        "1995-06-27": {
            "cash": 0.3,
            "stock": 0.3
        },
        "1996-04-30": {
            "cash": 0.6,
            "stock": 0
        },
        "1997-06-16": {
            "cash": 0.6,
            "stock": 0
        },
        "1998-06-10": {
            "cash": 0.9,
            "stock": 0
        },
        "1999-06-15": {
            "cash": 0.9,
            "stock": 0.3
        },
        "2000-06-12": {
            "cash": 0.9,
            "stock": 0.3
        },
        "2001-06-07": {
            "cash": 0.8,
            "stock": 0.4
        },
        "2002-06-18": {
            "cash": 0.8,
            "stock": 0.2
        },
        "2003-03-20": {
            "cash": 0.35,
            "stock": 0.2
        },
        "2004-03-27": {
            "cash": 0.2,
            "stock": 0.2
        },
        "2005-03-27": {
            "cash": 0.3,
            "stock": 0.25
        },
        "2006-03-26": {
            "cash": 0.7,
            "stock": 0
        },
        "2007-03-24": {
            "cash": 1.1,
            "stock": 0
        },
        "2008-03-23": {
            "cash": 1.2,
            "stock": 0
        },
        "2009-03-27": {
            "cash": 0.9,
            "stock": 0
        },
        "2010-03-26": {
            "cash": 1,
            "stock": 0
        },
        "2011-01-01": {
            "cash": 2,
            "stock": 0
        },
        "2011-03-21": {
            "cash": 1.5,
            "stock": 0
        },
        "2013-03-20": {
            "cash": 2.1,
            "stock": 0
        },
        "2014-08-15": {
            "cash": 1.5,
            "stock": 0
        },
        "2015-08-14": {
            "cash": 0.8,
            "stock": 0
        },
        "2016-08-12": {
            "cash": 0.5,
            "stock": 0
        },
        "2017-08-15": {
            "cash": 0.26,
            "stock": 0
        },
        "2018-08-15": {
            "cash": 0.24,
            "stock": 0
        },
        "2019-08-15": {
            "cash": 0.47,
            "stock": 0
        },
        "2020-08-14": {
            "cash": 0.81,
            "stock": 0
        },
        "2021-09-28": {
            "cash": 2.8,
            "stock": 0
        },
        "2022-08-17": {
            "cash": 2,
            "stock": 0
        },
        "2023-02-22": {
            "cash": 1.7,
            "stock": 0
        }
    },
    "prices": {
        "200101": "20.48",
        "200102": "21.96",
        "200103": "21.30",
        "200104": "19.84",
        "200105": "18.15",
        "200106": "17.42",
        "200107": "14.56",
        "200108": "14.49",
        "200109": "14.56",
        "200110": "14.20",
        "200111": "14.52",
        "200112": "15.63",
        "200201": "15.86",
        "200202": "16.70",
        "200203": "16.98",
        "200204": "17.22",
        "200205": "16.02",
        "200206": "16.46",
        "200207": "15.87",
        "200208": "14.72",
        "200209": "13.73",
        "200210": "13.36",
        "200211": "14.49",
        "200212": "14.59",
        "200301": "18.06",
        "200302": "16.45",
        "200303": "14.55",
        "200304": "14.17",
        "200305": "12.82",
        "200306": "14.37",
        "200307": "15.10",
        "200308": "14.19",
        "200309": "13.90",
        "200310": "14.22",
        "200311": "14.08",
        "200312": "14.18",
        "200401": "16.56",
        "200402": "18.74",
        "200403": "19.97",
        "200404": "17.68",
        "200405": "14.92",
        "200406": "14.97",
        "200407": "15.99",
        "200408": "15.21",
        "200409": "18.23",
        "200410": "18.00",
        "200411": "16.38",
        "200412": "16.73",
        "200501": "16.65",
        "200502": "16.55",
        "200503": "15.90",
        "200504": "15.12",
        "200505": "14.68",
        "200506": "15.01",
        "200507": "14.88",
        "200508": "14.65",
        "200509": "13.16",
        "200510": "12.72",
        "200511": "12.73",
        "200512": "12.90",
        "200601": "12.91",
        "200602": "13.11",
        "200603": "12.70",
        "200604": "13.70",
        "200605": "14.79",
        "200606": "13.49",
        "200607": "13.37",
        "200608": "13.06",
        "200609": "13.23",
        "200610": "14.30",
        "200611": "14.78",
        "200612": "15.56",
        "200701": "15.69",
        "200702": "15.61",
        "200703": "15.44",
        "200704": "17.75",
        "200705": "17.64",
        "200706": "17.64",
        "200707": "20.30",
        "200708": "18.81",
        "200709": "19.41",
        "200710": "19.72",
        "200711": "18.27",
        "200712": "18.19",
        "200801": "17.96",
        "200802": "18.46",
        "200803": "19.16",
        "200804": "21.56",
        "200805": "26.78",
        "200806": "23.96",
        "200807": "21.38",
        "200808": "17.55",
        "200809": "15.00",
        "200810": "13.24",
        "200811": "12.84",
        "200812": "13.03",
        "200901": "13.08",
        "200902": "13.02",
        "200903": "13.74",
        "200904": "17.14",
        "200905": "18.34",
        "200906": "19.06",
        "200907": "19.09",
        "200908": "23.28",
        "200909": "24.74",
        "200910": "24.78",
        "200911": "23.48",
        "200912": "24.16",
        "201001": "26.30",
        "201002": "22.85",
        "201003": "23.30",
        "201004": "24.10",
        "201005": "22.81",
        "201006": "22.33",
        "201007": "22.78",
        "201008": "22.50",
        "201009": "22.79",
        "201010": "22.77",
        "201011": "23.11",
        "201012": "23.83",
        "201101": "25.65",
        "201102": "27.62",
        "201103": "28.95",
        "201104": "30.56",
        "201105": "29.49",
        "201106": "28.18",
        "201107": "28.65",
        "201108": "26.90",
        "201109": "26.85",
        "201110": "27.66",
        "201111": "27.22",
        "201112": "26.75",
        "201201": "26.89",
        "201202": "28.65",
        "201203": "29.87",
        "201204": "30.25",
        "201205": "30.14",
        "201206": "30.28",
        "201207": "30.18",
        "201208": "28.46",
        "201209": "29.00",
        "201210": "29.00",
        "201211": "29.14",
        "201212": "29.99",
        "201301": "31.72",
        "201302": "32.24",
        "201303": "34.01",
        "201304": "35.86",
        "201305": "37.24",
        "201306": "38.63",
        "201307": "37.05",
        "201308": "35.26",
        "201309": "35.55",
        "201310": "36.00",
        "201311": "35.56",
        "201312": "34.41",
        "201401": "34.14",
        "201402": "33.99",
        "201403": "33.84",
        "201404": "33.74",
        "201405": "31.57",
        "201406": "31.24",
        "201407": "30.17",
        "201408": "28.98",
        "201409": "28.79",
        "201410": "28.02",
        "201411": "26.21",
        "201412": "26.61",
        "201501": "27.58",
        "201502": "27.13",
        "201503": "26.73",
        "201504": "26.58",
        "201505": "26.21",
        "201506": "23.51",
        "201507": "21.19",
        "201508": "18.50",
        "201509": "18.87",
        "201510": "19.61",
        "201511": "19.10",
        "201512": "18.94",
        "201601": "18.78",
        "201602": "22.99",
        "201603": "24.01",
        "201604": "23.56",
        "201605": "21.32",
        "201606": "21.05",
        "201607": "21.53",
        "201608": "21.57",
        "201609": "21.37",
        "201610": "21.53",
        "201611": "22.38",
        "201612": "22.05",
        "201701": "21.40",
        "201702": "22.21",
        "201703": "22.21",
        "201704": "21.21",
        "201705": "20.46",
        "201706": "20.60",
        "201707": "20.61",
        "201708": "20.29",
        "201709": "19.96",
        "201710": "19.51",
        "201711": "19.14",
        "201712": "19.10",
        "201801": "21.47",
        "201802": "21.55",
        "201803": "21.92",
        "201804": "35.41",
        "201805": "26.80",
        "201806": "28.70",
        "201807": "28.38",
        "201808": "27.11",
        "201809": "31.30",
        "201810": "28.80",
        "201811": "26.90",
        "201812": "25.92",
        "201901": "26.15",
        "201902": "26.82",
        "201903": "26.82",
        "201904": "26.64",
        "201905": "25.64",
        "201906": "25.75",
        "201907": "25.13",
        "201908": "23.48",
        "201909": "24.81",
        "201910": "25.21",
        "201911": "24.66",
        "201912": "24.61",
        "202001": "24.72",
        "202002": "23.69",
        "202003": "20.49",
        "202004": "20.60",
        "202005": "23.96",
        "202006": "25.18",
        "202007": "25.82",
        "202008": "28.12",
        "202009": "30.43",
        "202010": "29.94",
        "202011": "31.09",
        "202012": "32.45",
        "202101": "30.14",
        "202102": "30.23",
        "202103": "41.34",
        "202104": "46.51",
        "202105": "42.82",
        "202106": "43.28",
        "202107": "44.71",
        "202108": "54.09",
        "202109": "67.70",
        "202110": "58.24",
        "202111": "53.65",
        "202112": "57.31",
        "202201": "60.93",
        "202202": "60.52",
        "202203": "58.44",
        "202204": "57.58",
        "202205": "56.21",
        "202206": "57.23",
        "202207": "52.90",
        "202208": "58.72",
        "202209": "55.64",
        "202210": "53.41",
        "202211": "55.78",
        "202212": "58.54",
        "202301": "59.37",
        "202302": "58.90",
        "202303": "59.31",
        "202304": "58.01",
        "202305": "57.40"
    },
    "quarters": {
        "20011": {
            "year_quarter": 20011,
            "year": 2001,
            "quarter": 1,
            "eps": 0.36,
            "eps_growth_year": 9.09,
            "eps_4q": 1.23,
            "eps_4q_growth_year": -0.84,
            "roe": 1.96,
            "roe_4q": 1.96,
            "gross_profit": 147351,
            "gross_margin": 10.24,
            "gross_margin_4q_avg": 10.24,
            "net_income": 50354,
            "revenue": 1439136,
            "common_shares": 1411031,
            "book_valuer_per_share": 18.83,
            "book_valuer_per_share_4q_avg": 18.83,
            "equity": 2657316,
            "current_ratio": 116.84,
            "debt_ratio": 54.16,
            "inventory_turnover_ratio": 0.78,
            "account_receivable_turnover_ratio": null,
            "reinvestment_rate": null,
            "research_to_sale_ratio": null,
            "price_fair": 0,
            "eps_avg_yearly": 0,
            "eps_latest_yearly": 0,
            "eps_growth_yearly": 0
        },
        "20012": {
            "year_quarter": 20012,
            "year": 2001,
            "quarter": 2,
            "eps": 0.57,
            "eps_growth_year": 26.67,
            "eps_4q": 1.35,
            "eps_4q_growth_year": 7.79,
            "roe": 3.03,
            "roe_4q": 4.99,
            "gross_profit": 146113,
            "gross_margin": 9.06,
            "gross_margin_4q_avg": 9.65,
            "net_income": 80040,
            "revenue": 1612698,
            "common_shares": 1411031,
            "book_valuer_per_share": 18.59,
            "book_valuer_per_share_4q_avg": 18.71,
            "equity": 2623252,
            "current_ratio": 113.87,
            "debt_ratio": 54.28,
            "inventory_turnover_ratio": 1.15,
            "account_receivable_turnover_ratio": null,
            "reinvestment_rate": null,
            "research_to_sale_ratio": null,
            "price_fair": 0,
            "eps_avg_yearly": 0,
            "eps_latest_yearly": 0,
            "eps_growth_yearly": 0
        },
        "20013": {
            "year_quarter": 20013,
            "year": 2001,
            "quarter": 3,
            "eps": 0.23,
            "eps_growth_year": -14.81,
            "eps_4q": 1.24,
            "eps_4q_growth_year": 0.28,
            "roe": 1.31,
            "roe_4q": 6.3,
            "gross_profit": 138586,
            "gross_margin": 9.54,
            "gross_margin_4q_avg": 9.61,
            "net_income": 34524,
            "revenue": 1452894,
            "common_shares": 1472122,
            "book_valuer_per_share": 18.05,
            "book_valuer_per_share_4q_avg": 18.49,
            "equity": 2657776,
            "current_ratio": 114.02,
            "debt_ratio": 56.52,
            "inventory_turnover_ratio": 1.19,
            "account_receivable_turnover_ratio": null,
            "reinvestment_rate": null,
            "research_to_sale_ratio": null,
            "price_fair": 0,
            "eps_avg_yearly": 0,
            "eps_latest_yearly": 0,
            "eps_growth_yearly": 0
        },
        "20014": {
            "year_quarter": 20014,
            "year": 2001,
            "quarter": 4,
            "eps": 0.14,
            "eps_growth_year": -6.67,
            "eps_4q": 1.22,
            "eps_4q_growth_year": 4.76,
            "roe": 0.82,
            "roe_4q": 7.12,
            "gross_profit": 84681,
            "gross_margin": 6.19,
            "gross_margin_4q_avg": 8.76,
            "net_income": 21338,
            "revenue": 1367202,
            "common_shares": 1472122,
            "book_valuer_per_share": 17.52,
            "book_valuer_per_share_4q_avg": 18.25,
            "equity": 2578546,
            "current_ratio": 113.79,
            "debt_ratio": 63,
            "inventory_turnover_ratio": 0.91,
            "account_receivable_turnover_ratio": null,
            "reinvestment_rate": null,
            "research_to_sale_ratio": null,
            "price_fair": 0,
            "eps_avg_yearly": 0,
            "eps_latest_yearly": 0,
            "eps_growth_yearly": 0
        },
        "20021": {
            "year_quarter": 20021,
            "year": 2002,
            "quarter": 1,
            "eps": 0.2,
            "eps_growth_year": -44.44,
            "eps_4q": 1.16,
            "eps_4q_growth_year": -5.91,
            "roe": 1.1,
            "roe_4q": 6.26,
            "gross_profit": 101391,
            "gross_margin": 8.11,
            "gross_margin_4q_avg": 8.23,
            "net_income": 28399,
            "revenue": 1250154,
            "common_shares": 1472122,
            "book_valuer_per_share": 17.71,
            "book_valuer_per_share_4q_avg": 17.97,
            "equity": 2606945,
            "current_ratio": 113.46,
            "debt_ratio": 57.6,
            "inventory_turnover_ratio": 0.76,
            "account_receivable_turnover_ratio": null,
            "reinvestment_rate": null,
            "research_to_sale_ratio": null,
            "price_fair": 28,
            "eps_avg_yearly": 0.8,
            "eps_latest_yearly": 0.8,
            "eps_growth_yearly": 171.43
        },
        "20022": {
            "year_quarter": 20022,
            "year": 2002,
            "quarter": 2,
            "eps": 0.17,
            "eps_growth_year": -70.18,
            "eps_4q": 0.78,
            "eps_4q_growth_year": -42.34,
            "roe": 0.92,
            "roe_4q": 4.15,
            "gross_profit": 104361,
            "gross_margin": 7.96,
            "gross_margin_4q_avg": 7.95,
            "net_income": 23460,
            "revenue": 1311206,
            "common_shares": 1472122,
            "book_valuer_per_share": 17.1,
            "book_valuer_per_share_4q_avg": 17.6,
            "equity": 2516683,
            "current_ratio": 112.34,
            "debt_ratio": 56.24,
            "inventory_turnover_ratio": 0.81,
            "account_receivable_turnover_ratio": null,
            "reinvestment_rate": null,
            "research_to_sale_ratio": null,
            "price_fair": 25.9,
            "eps_avg_yearly": 0.74,
            "eps_latest_yearly": 0.68,
            "eps_growth_yearly": 55.71
        },
        "20023": {
            "year_quarter": 20023,
            "year": 2002,
            "quarter": 3,
            "eps": 0.13,
            "eps_growth_year": -43.48,
            "eps_4q": 0.65,
            "eps_4q_growth_year": -47.36,
            "roe": 0.72,
            "roe_4q": 3.56,
            "gross_profit": 96110,
            "gross_margin": 6.4,
            "gross_margin_4q_avg": 7.17,
            "net_income": 18166,
            "revenue": 1501979,
            "common_shares": 1506324,
            "book_valuer_per_share": 16.83,
            "book_valuer_per_share_4q_avg": 17.29,
            "equity": 2534849,
            "current_ratio": 112.12,
            "debt_ratio": 58.44,
            "inventory_turnover_ratio": 0.75,
            "account_receivable_turnover_ratio": null,
            "reinvestment_rate": null,
            "research_to_sale_ratio": null,
            "price_fair": 10.51,
            "eps_avg_yearly": 0.67,
            "eps_latest_yearly": 0.52,
            "eps_growth_yearly": 5.77
        },
        "20024": {
            "year_quarter": 20024,
            "year": 2002,
            "quarter": 4,
            "eps": 0.25,
            "eps_growth_year": 78.57,
            "eps_4q": 0.74,
            "eps_4q_growth_year": -39.61,
            "roe": 1.4,
            "roe_4q": 4.140000000000001,
            "gross_profit": 116197,
            "gross_margin": 6.67,
            "gross_margin_4q_avg": 7.29,
            "net_income": 35878,
            "revenue": 1741480,
            "common_shares": 1506324,
            "book_valuer_per_share": 17.15,
            "book_valuer_per_share_4q_avg": 17.2,
            "equity": 2583046,
            "current_ratio": 110.7,
            "debt_ratio": 64.32,
            "inventory_turnover_ratio": 0.66,
            "account_receivable_turnover_ratio": null,
            "reinvestment_rate": 82.23,
            "research_to_sale_ratio": null,
            "price_fair": 26.25,
            "eps_avg_yearly": 0.75,
            "eps_latest_yearly": 1,
            "eps_growth_yearly": 96.64
        },
        "20031": {
            "year_quarter": 20031,
            "year": 2003,
            "quarter": 1,
            "eps": 0.08,
            "eps_growth_year": -60,
            "eps_4q": 0.61,
            "eps_4q_growth_year": -46.93,
            "roe": 0.45,
            "roe_4q": 3.4899999999999998,
            "gross_profit": 54249,
            "gross_margin": 3.36,
            "gross_margin_4q_avg": 6.1,
            "net_income": 11610,
            "revenue": 1616367,
            "common_shares": 1506324,
            "book_valuer_per_share": 17.23,
            "book_valuer_per_share_4q_avg": 17.08,
            "equity": 2594656,
            "current_ratio": 113.62,
            "debt_ratio": 56.07,
            "inventory_turnover_ratio": 0.61,
            "account_receivable_turnover_ratio": null,
            "reinvestment_rate": 84.79,
            "research_to_sale_ratio": null,
            "price_fair": 21.85,
            "eps_avg_yearly": 0.66,
            "eps_latest_yearly": 0.32,
            "eps_growth_yearly": 22.91
        },
        "20032": {
            "year_quarter": 20032,
            "year": 2003,
            "quarter": 2,
            "eps": 0.08,
            "eps_growth_year": -52.94,
            "eps_4q": 0.51,
            "eps_4q_growth_year": -34.6,
            "roe": 0.47,
            "roe_4q": 3.04,
            "gross_profit": 26413,
            "gross_margin": 1.79,
            "gross_margin_4q_avg": 4.56,
            "net_income": 12201,
            "revenue": 1475416,
            "common_shares": 1506324,
            "book_valuer_per_share": 16.94,
            "book_valuer_per_share_4q_avg": 17.04,
            "equity": 2551766,
            "current_ratio": 112.43,
            "debt_ratio": 55.36,
            "inventory_turnover_ratio": 0.65,
            "account_receivable_turnover_ratio": null,
            "reinvestment_rate": 91.16,
            "research_to_sale_ratio": null,
            "price_fair": 17.65,
            "eps_avg_yearly": 0.61,
            "eps_latest_yearly": 0.32,
            "eps_growth_yearly": 19.09
        },
        "20033": {
            "year_quarter": 20033,
            "year": 2003,
            "quarter": 3,
            "eps": 0.11,
            "eps_growth_year": -15.38,
            "eps_4q": 0.53,
            "eps_4q_growth_year": -18.44,
            "roe": 0.61,
            "roe_4q": 2.9299999999999997,
            "gross_profit": 52224,
            "gross_margin": 3.32,
            "gross_margin_4q_avg": 3.79,
            "net_income": 15512,
            "revenue": 1573733,
            "common_shares": 1539013,
            "book_valuer_per_share": 16.7,
            "book_valuer_per_share_4q_avg": 17.01,
            "equity": 2569512,
            "current_ratio": 111.03,
            "debt_ratio": 57.33,
            "inventory_turnover_ratio": 0.64,
            "account_receivable_turnover_ratio": null,
            "reinvestment_rate": 91.48,
            "research_to_sale_ratio": null,
            "price_fair": 20.4,
            "eps_avg_yearly": 0.58,
            "eps_latest_yearly": 0.44,
            "eps_growth_yearly": 37.79
        },
        "20034": {
            "year_quarter": 20034,
            "year": 2003,
            "quarter": 4,
            "eps": 0.24,
            "eps_growth_year": -4,
            "eps_4q": 0.5,
            "eps_4q_growth_year": -31.99,
            "roe": 1.42,
            "roe_4q": 2.95,
            "gross_profit": 29209,
            "gross_margin": 1.59,
            "gross_margin_4q_avg": 2.52,
            "net_income": 36042,
            "revenue": 1836768,
            "common_shares": 1539013,
            "book_valuer_per_share": 16.35,
            "book_valuer_per_share_4q_avg": 16.81,
            "equity": 2516630,
            "current_ratio": 110.57,
            "debt_ratio": 67.89,
            "inventory_turnover_ratio": 0.68,
            "account_receivable_turnover_ratio": null,
            "reinvestment_rate": 83.5,
            "research_to_sale_ratio": null,
            "price_fair": 22.05,
            "eps_avg_yearly": 0.63,
            "eps_latest_yearly": 0.96,
            "eps_growth_yearly": 92.16
        },
        "20041": {
            "year_quarter": 20041,
            "year": 2004,
            "quarter": 1,
            "eps": 0.13,
            "eps_growth_year": 62.5,
            "eps_4q": 0.55,
            "eps_4q_growth_year": -10.3,
            "roe": 0.78,
            "roe_4q": 3.2800000000000002,
            "gross_profit": 65090,
            "gross_margin": 3.87,
            "gross_margin_4q_avg": 2.64,
            "net_income": 19695,
            "revenue": 1679867,
            "common_shares": 1539013,
            "book_valuer_per_share": 16.48,
            "book_valuer_per_share_4q_avg": 16.62,
            "equity": 2536325,
            "current_ratio": 108.1,
            "debt_ratio": 64.55,
            "inventory_turnover_ratio": 0.55,
            "account_receivable_turnover_ratio": null,
            "reinvestment_rate": 77.22,
            "research_to_sale_ratio": null,
            "price_fair": 21.62,
            "eps_avg_yearly": 0.62,
            "eps_latest_yearly": 0.52,
            "eps_growth_yearly": 61.55
        },
        "20042": {
            "year_quarter": 20042,
            "year": 2004,
            "quarter": 2,
            "eps": 0.27,
            "eps_growth_year": 237.5,
            "eps_4q": 0.76,
            "eps_4q_growth_year": 48.69,
            "roe": 1.55,
            "roe_4q": 4.36,
            "gross_profit": 45564,
            "gross_margin": 1.88,
            "gross_margin_4q_avg": 2.67,
            "net_income": 39338,
            "revenue": 2428959,
            "common_shares": 1539013,
            "book_valuer_per_share": 16.51,
            "book_valuer_per_share_4q_avg": 16.51,
            "equity": 2540919,
            "current_ratio": 107.72,
            "debt_ratio": 62.18,
            "inventory_turnover_ratio": 0.79,
            "account_receivable_turnover_ratio": null,
            "reinvestment_rate": 81.69,
            "research_to_sale_ratio": null,
            "price_fair": 23.24,
            "eps_avg_yearly": 0.66,
            "eps_latest_yearly": 1.08,
            "eps_growth_yearly": 98.47
        },
        "20043": {
            "year_quarter": 20043,
            "year": 2004,
            "quarter": 3,
            "eps": 0.25,
            "eps_growth_year": 127.27,
            "eps_4q": 0.89,
            "eps_4q_growth_year": 65.96,
            "roe": 1.46,
            "roe_4q": 5.21,
            "gross_profit": 91733,
            "gross_margin": 3.15,
            "gross_margin_4q_avg": 2.62,
            "net_income": 37430,
            "revenue": 2915613,
            "common_shares": 1569793,
            "book_valuer_per_share": 16.43,
            "book_valuer_per_share_4q_avg": 16.44,
            "equity": 2579650,
            "current_ratio": 106.97,
            "debt_ratio": 67.1,
            "inventory_turnover_ratio": 0.88,
            "account_receivable_turnover_ratio": null,
            "reinvestment_rate": 77.87,
            "research_to_sale_ratio": null,
            "price_fair": 24.31,
            "eps_avg_yearly": 0.69,
            "eps_latest_yearly": 1,
            "eps_growth_yearly": 86.83
        },
        "20044": {
            "year_quarter": 20044,
            "year": 2004,
            "quarter": 4,
            "eps": 0.13,
            "eps_growth_year": -45.83,
            "eps_4q": 0.77,
            "eps_4q_growth_year": 52.66,
            "roe": 0.77,
            "roe_4q": 4.5600000000000005,
            "gross_profit": 104479,
            "gross_margin": 4.25,
            "gross_margin_4q_avg": 3.29,
            "net_income": 19713,
            "revenue": 2459234,
            "common_shares": 1569793,
            "book_valuer_per_share": 16.14,
            "book_valuer_per_share_4q_avg": 16.39,
            "equity": 2533834,
            "current_ratio": 109.14,
            "debt_ratio": 68.23,
            "inventory_turnover_ratio": 0.7,
            "account_receivable_turnover_ratio": null,
            "reinvestment_rate": 54.54,
            "research_to_sale_ratio": null,
            "price_fair": 23.8,
            "eps_avg_yearly": 0.68,
            "eps_latest_yearly": 0.52,
            "eps_growth_yearly": 63.59
        },
        "20051": {
            "year_quarter": 20051,
            "year": 2005,
            "quarter": 1,
            "eps": 0.24,
            "eps_growth_year": 84.62,
            "eps_4q": 0.89,
            "eps_4q_growth_year": 60.75,
            "roe": 1.41,
            "roe_4q": 5.1899999999999995,
            "gross_profit": 127360,
            "gross_margin": 4.92,
            "gross_margin_4q_avg": 3.55,
            "net_income": 35874,
            "revenue": 2588955,
            "common_shares": 1569793,
            "book_valuer_per_share": 16.33,
            "book_valuer_per_share_4q_avg": 16.35,
            "equity": 2562753,
            "current_ratio": 111.29,
            "debt_ratio": 62.66,
            "inventory_turnover_ratio": 0.8,
            "account_receivable_turnover_ratio": null,
            "reinvestment_rate": 58.47,
            "research_to_sale_ratio": null,
            "price_fair": 24.55,
            "eps_avg_yearly": 0.7,
            "eps_latest_yearly": 0.96,
            "eps_growth_yearly": 84.73
        },
        "20052": {
            "year_quarter": 20052,
            "year": 2005,
            "quarter": 2,
            "eps": 0.23,
            "eps_growth_year": -14.81,
            "eps_4q": 0.86,
            "eps_4q_growth_year": 13.41,
            "roe": 1.33,
            "roe_4q": 4.970000000000001,
            "gross_profit": 133382,
            "gross_margin": 5.93,
            "gross_margin_4q_avg": 4.56,
            "net_income": 33915,
            "revenue": 2249724,
            "common_shares": 1569793,
            "book_valuer_per_share": 16.21,
            "book_valuer_per_share_4q_avg": 16.28,
            "equity": 2544817,
            "current_ratio": 110.71,
            "debt_ratio": 57.49,
            "inventory_turnover_ratio": 0.77,
            "account_receivable_turnover_ratio": null,
            "reinvestment_rate": -58.53,
            "research_to_sale_ratio": null,
            "price_fair": 25.1,
            "eps_avg_yearly": 0.72,
            "eps_latest_yearly": 0.92,
            "eps_growth_yearly": 77.49
        },
        "20053": {
            "year_quarter": 20053,
            "year": 2005,
            "quarter": 3,
            "eps": 0.12,
            "eps_growth_year": -52,
            "eps_4q": 0.7,
            "eps_4q_growth_year": -20.53,
            "roe": 0.72,
            "roe_4q": 4.23,
            "gross_profit": 89124,
            "gross_margin": 5.03,
            "gross_margin_4q_avg": 5.03,
            "net_income": 18413,
            "revenue": 1772685,
            "common_shares": 1609038,
            "book_valuer_per_share": 15.98,
            "book_valuer_per_share_4q_avg": 16.17,
            "equity": 2571894,
            "current_ratio": 113.54,
            "debt_ratio": 56.49,
            "inventory_turnover_ratio": 0.7,
            "account_receivable_turnover_ratio": null,
            "reinvestment_rate": -69.78,
            "research_to_sale_ratio": null,
            "price_fair": 24.55,
            "eps_avg_yearly": 0.7,
            "eps_latest_yearly": 0.48,
            "eps_growth_yearly": 59.57
        },
        "20054": {
            "year_quarter": 20054,
            "year": 2005,
            "quarter": 4,
            "eps": 0.44,
            "eps_growth_year": 238.46,
            "eps_4q": 1.01,
            "eps_4q_growth_year": 31.46,
            "roe": 2.62,
            "roe_4q": 6.08,
            "gross_profit": 93507,
            "gross_margin": 3.57,
            "gross_margin_4q_avg": 4.86,
            "net_income": 68430,
            "revenue": 2617258,
            "common_shares": 1609038,
            "book_valuer_per_share": 16.46,
            "book_valuer_per_share_4q_avg": 16.25,
            "equity": 2648169,
            "current_ratio": 109.59,
            "debt_ratio": 68.57,
            "inventory_turnover_ratio": 0.87,
            "account_receivable_turnover_ratio": null,
            "reinvestment_rate": -33.11,
            "research_to_sale_ratio": null,
            "price_fair": 26.86,
            "eps_avg_yearly": 0.77,
            "eps_latest_yearly": 1.76,
            "eps_growth_yearly": 122.51
        },
        "20061": {
            "year_quarter": 20061,
            "year": 2006,
            "quarter": 1,
            "eps": 0.36,
            "eps_growth_year": 50,
            "eps_4q": 1.15,
            "eps_4q_growth_year": 29.56,
            "roe": 2.01,
            "roe_4q": 6.68,
            "gross_profit": 131609,
            "gross_margin": 6.2,
            "gross_margin_4q_avg": 5.18,
            "net_income": 55221,
            "revenue": 2123518,
            "common_shares": 1609038,
            "book_valuer_per_share": 17.64,
            "book_valuer_per_share_4q_avg": 16.57,
            "equity": 2837714,
            "current_ratio": 115.33,
            "debt_ratio": 55.92,
            "inventory_turnover_ratio": 0.65,
            "account_receivable_turnover_ratio": null,
            "reinvestment_rate": -65.67,
            "research_to_sale_ratio": null,
            "price_fair": 28.26,
            "eps_avg_yearly": 0.81,
            "eps_latest_yearly": 1.44,
            "eps_growth_yearly": 107.25
        },
        "20062": {
            "year_quarter": 20062,
            "year": 2006,
            "quarter": 2,
            "eps": 0.41,
            "eps_growth_year": 78.26,
            "eps_4q": 1.34,
            "eps_4q_growth_year": 55.44,
            "roe": 2.22,
            "roe_4q": 7.57,
            "gross_profit": 92081,
            "gross_margin": 4.44,
            "gross_margin_4q_avg": 4.81,
            "net_income": 62763,
            "revenue": 2074014,
            "common_shares": 1609038,
            "book_valuer_per_share": 17.56,
            "book_valuer_per_share_4q_avg": 16.91,
            "equity": 2824751,
            "current_ratio": 115.6,
            "debt_ratio": 54.33,
            "inventory_turnover_ratio": 0.84,
            "account_receivable_turnover_ratio": null,
            "reinvestment_rate": -59.59,
            "research_to_sale_ratio": null,
            "price_fair": 30.36,
            "eps_avg_yearly": 0.87,
            "eps_latest_yearly": 1.64,
            "eps_growth_yearly": 114.48
        },
        "20063": {
            "year_quarter": 20063,
            "year": 2006,
            "quarter": 3,
            "eps": 0.37,
            "eps_growth_year": 208.33,
            "eps_4q": 1.58,
            "eps_4q_growth_year": 124.4,
            "roe": 2,
            "roe_4q": 8.850000000000001,
            "gross_profit": 49935,
            "gross_margin": 2.32,
            "gross_margin_4q_avg": 4.13,
            "net_income": 57087,
            "revenue": 2154315,
            "common_shares": 1609038,
            "book_valuer_per_share": 17.84,
            "book_valuer_per_share_4q_avg": 17.38,
            "equity": 2871079,
            "current_ratio": 112.58,
            "debt_ratio": 59.55,
            "inventory_turnover_ratio": 0.83,
            "account_receivable_turnover_ratio": null,
            "reinvestment_rate": -54.25,
            "research_to_sale_ratio": null,
            "price_fair": 32.46,
            "eps_avg_yearly": 0.93,
            "eps_latest_yearly": 1.48,
            "eps_growth_yearly": 117.92
        },
        "20064": {
            "year_quarter": 20064,
            "year": 2006,
            "quarter": 4,
            "eps": 0.36,
            "eps_growth_year": -18.18,
            "eps_4q": 1.49,
            "eps_4q_growth_year": 48.25,
            "roe": 1.9,
            "roe_4q": 8.129999999999999,
            "gross_profit": 153352,
            "gross_margin": 4.88,
            "gross_margin_4q_avg": 4.46,
            "net_income": 55622,
            "revenue": 3142318,
            "common_shares": 1609038,
            "book_valuer_per_share": 18.63,
            "book_valuer_per_share_4q_avg": 17.92,
            "equity": 2997199,
            "current_ratio": 111.5,
            "debt_ratio": 71.57,
            "inventory_turnover_ratio": 0.75,
            "account_receivable_turnover_ratio": null,
            "reinvestment_rate": -21.3,
            "research_to_sale_ratio": null,
            "price_fair": 33.43,
            "eps_avg_yearly": 0.96,
            "eps_latest_yearly": 1.44,
            "eps_growth_yearly": 94.17
        },
        "20071": {
            "year_quarter": 20071,
            "year": 2007,
            "quarter": 1,
            "eps": 0.5,
            "eps_growth_year": 38.89,
            "eps_4q": 1.63,
            "eps_4q_growth_year": 41.92,
            "roe": 2.55,
            "roe_4q": 8.67,
            "gross_profit": 120797,
            "gross_margin": 4.76,
            "gross_margin_4q_avg": 4.1,
            "net_income": 77770,
            "revenue": 2535462,
            "common_shares": 1609038,
            "book_valuer_per_share": 19.22,
            "book_valuer_per_share_4q_avg": 18.31,
            "equity": 3092556,
            "current_ratio": 114.54,
            "debt_ratio": 57.07,
            "inventory_turnover_ratio": 0.58,
            "account_receivable_turnover_ratio": null,
            "reinvestment_rate": -58.28,
            "research_to_sale_ratio": null,
            "price_fair": 37.1,
            "eps_avg_yearly": 1.06,
            "eps_latest_yearly": 2,
            "eps_growth_yearly": 120.89
        },
        "20072": {
            "year_quarter": 20072,
            "year": 2007,
            "quarter": 2,
            "eps": 0.23,
            "eps_growth_year": -43.9,
            "eps_4q": 1.45,
            "eps_4q_growth_year": 8.41,
            "roe": 1.18,
            "roe_4q": 7.629999999999999,
            "gross_profit": 77007,
            "gross_margin": 3.14,
            "gross_margin_4q_avg": 3.78,
            "net_income": 35893,
            "revenue": 2456176,
            "common_shares": 1609038,
            "book_valuer_per_share": 18.52,
            "book_valuer_per_share_4q_avg": 18.55,
            "equity": 2980172,
            "current_ratio": 110.66,
            "debt_ratio": 61.23,
            "inventory_turnover_ratio": 0.76,
            "account_receivable_turnover_ratio": null,
            "reinvestment_rate": -56.83,
            "research_to_sale_ratio": null,
            "price_fair": 38.41,
            "eps_avg_yearly": 1.1,
            "eps_latest_yearly": 0.92,
            "eps_growth_yearly": 107.39
        },
        "20073": {
            "year_quarter": 20073,
            "year": 2007,
            "quarter": 3,
            "eps": 0.41,
            "eps_growth_year": 10.81,
            "eps_4q": 1.5,
            "eps_4q_growth_year": -5.1,
            "roe": 2.11,
            "roe_4q": 7.74,
            "gross_profit": 116346,
            "gross_margin": 4.58,
            "gross_margin_4q_avg": 4.34,
            "net_income": 63809,
            "revenue": 2541262,
            "common_shares": 1609038,
            "book_valuer_per_share": 19.1,
            "book_valuer_per_share_4q_avg": 18.87,
            "equity": 3073899,
            "current_ratio": 110.7,
            "debt_ratio": 63.66,
            "inventory_turnover_ratio": 0.74,
            "account_receivable_turnover_ratio": null,
            "reinvestment_rate": -54.09,
            "research_to_sale_ratio": null,
            "price_fair": 41.04,
            "eps_avg_yearly": 1.17,
            "eps_latest_yearly": 1.64,
            "eps_growth_yearly": 117.58
        },
        "20074": {
            "year_quarter": 20074,
            "year": 2007,
            "quarter": 4,
            "eps": 0.55,
            "eps_growth_year": 52.78,
            "eps_4q": 1.71,
            "eps_4q_growth_year": 14.4,
            "roe": 2.72,
            "roe_4q": 8.559999999999999,
            "gross_profit": 142051,
            "gross_margin": 4.96,
            "gross_margin_4q_avg": 4.36,
            "net_income": 84285,
            "revenue": 2864076,
            "common_shares": 1609038,
            "book_valuer_per_share": 19.34,
            "book_valuer_per_share_4q_avg": 19.05,
            "equity": 3112341,
            "current_ratio": 111.42,
            "debt_ratio": 71.58,
            "inventory_turnover_ratio": 0.6,
            "account_receivable_turnover_ratio": null,
            "reinvestment_rate": -10.63,
            "research_to_sale_ratio": null,
            "price_fair": 43.75,
            "eps_avg_yearly": 1.25,
            "eps_latest_yearly": 2.2,
            "eps_growth_yearly": 96.57
        },
        "20081": {
            "year_quarter": 20081,
            "year": 2008,
            "quarter": 1,
            "eps": 0.48,
            "eps_growth_year": -4,
            "eps_4q": 1.67,
            "eps_4q_growth_year": 2.31,
            "roe": 2.36,
            "roe_4q": 8.37,
            "gross_profit": 160468,
            "gross_margin": 3.56,
            "gross_margin_4q_avg": 4.06,
            "net_income": 74480,
            "revenue": 4504857,
            "common_shares": 1609038,
            "book_valuer_per_share": 19.9,
            "book_valuer_per_share_4q_avg": 19.22,
            "equity": 3202332,
            "current_ratio": 112.17,
            "debt_ratio": 71.32,
            "inventory_turnover_ratio": 0.74,
            "account_receivable_turnover_ratio": null,
            "reinvestment_rate": -6.03,
            "research_to_sale_ratio": null,
            "price_fair": 46.81,
            "eps_avg_yearly": 1.34,
            "eps_latest_yearly": 1.92,
            "eps_growth_yearly": 104.85
        },
        "20082": {
            "year_quarter": 20082,
            "year": 2008,
            "quarter": 2,
            "eps": 0.34,
            "eps_growth_year": 47.83,
            "eps_4q": 1.81,
            "eps_4q_growth_year": 24.45,
            "roe": 1.65,
            "roe_4q": 8.84,
            "gross_profit": 160128,
            "gross_margin": 2.8,
            "gross_margin_4q_avg": 3.98,
            "net_income": 51645,
            "revenue": 5718862,
            "common_shares": 1609038,
            "book_valuer_per_share": 19.03,
            "book_valuer_per_share_4q_avg": 19.34,
            "equity": 3062803,
            "current_ratio": 110.28,
            "debt_ratio": 73.86,
            "inventory_turnover_ratio": 0.88,
            "account_receivable_turnover_ratio": null,
            "reinvestment_rate": -6.25,
            "research_to_sale_ratio": null,
            "price_fair": 47.43,
            "eps_avg_yearly": 1.36,
            "eps_latest_yearly": 1.36,
            "eps_growth_yearly": 70.63
        },
        "20083": {
            "year_quarter": 20083,
            "year": 2008,
            "quarter": 3,
            "eps": 0.46,
            "eps_growth_year": 12.2,
            "eps_4q": 1.82,
            "eps_4q_growth_year": 21.85,
            "roe": 2.32,
            "roe_4q": 9.05,
            "gross_profit": 167259,
            "gross_margin": 3.26,
            "gross_margin_4q_avg": 3.65,
            "net_income": 70912,
            "revenue": 5126105,
            "common_shares": 1609038,
            "book_valuer_per_share": 19,
            "book_valuer_per_share_4q_avg": 19.32,
            "equity": 3057091,
            "current_ratio": 110.11,
            "debt_ratio": 75.13,
            "inventory_turnover_ratio": 0.76,
            "account_receivable_turnover_ratio": null,
            "reinvestment_rate": -1.57,
            "research_to_sale_ratio": null,
            "price_fair": 49.26,
            "eps_avg_yearly": 1.41,
            "eps_latest_yearly": 1.84,
            "eps_growth_yearly": 81.31
        },
        "20084": {
            "year_quarter": 20084,
            "year": 2008,
            "quarter": 4,
            "eps": 0.2,
            "eps_growth_year": -63.64,
            "eps_4q": 1.45,
            "eps_4q_growth_year": -15.18,
            "roe": 1.04,
            "roe_4q": 7.369999999999999,
            "gross_profit": 186904,
            "gross_margin": 4.2,
            "gross_margin_4q_avg": 3.46,
            "net_income": 31557,
            "revenue": 4450421,
            "common_shares": 1609038,
            "book_valuer_per_share": 18.76,
            "book_valuer_per_share_4q_avg": 19.17,
            "equity": 3019093,
            "current_ratio": 112.61,
            "debt_ratio": 73.07,
            "inventory_turnover_ratio": 0.7,
            "account_receivable_turnover_ratio": 3.94,
            "reinvestment_rate": 9.29,
            "research_to_sale_ratio": null,
            "price_fair": 49.88,
            "eps_avg_yearly": 1.43,
            "eps_latest_yearly": 0.8,
            "eps_growth_yearly": 79.18
        },
        "20091": {
            "year_quarter": 20091,
            "year": 2009,
            "quarter": 1,
            "eps": 0.38,
            "eps_growth_year": -20.83,
            "eps_4q": 1.38,
            "eps_4q_growth_year": -17.05,
            "roe": 1.92,
            "roe_4q": 6.93,
            "gross_profit": 140330,
            "gross_margin": 4.24,
            "gross_margin_4q_avg": 3.63,
            "net_income": 58465,
            "revenue": 3305975,
            "common_shares": 1609038,
            "book_valuer_per_share": 19.18,
            "book_valuer_per_share_4q_avg": 18.99,
            "equity": 3086715,
            "current_ratio": 115.94,
            "debt_ratio": 69.28,
            "inventory_turnover_ratio": 0.63,
            "account_receivable_turnover_ratio": 1.48,
            "reinvestment_rate": 11.38,
            "research_to_sale_ratio": null,
            "price_fair": 51.1,
            "eps_avg_yearly": 1.46,
            "eps_latest_yearly": 1.52,
            "eps_growth_yearly": 80.52
        },
        "20092": {
            "year_quarter": 20092,
            "year": 2009,
            "quarter": 2,
            "eps": 0.13,
            "eps_growth_year": -61.76,
            "eps_4q": 1.2,
            "eps_4q_growth_year": -33.8,
            "roe": 0.64,
            "roe_4q": 5.92,
            "gross_profit": 158401,
            "gross_margin": 5.24,
            "gross_margin_4q_avg": 4.24,
            "net_income": 19642,
            "revenue": 3020872,
            "common_shares": 1609038,
            "book_valuer_per_share": 18.8,
            "book_valuer_per_share_4q_avg": 18.94,
            "equity": 3024886,
            "current_ratio": 119.08,
            "debt_ratio": 65.8,
            "inventory_turnover_ratio": 0.66,
            "account_receivable_turnover_ratio": 1.92,
            "reinvestment_rate": 8.49,
            "research_to_sale_ratio": null,
            "price_fair": 50.23,
            "eps_avg_yearly": 1.44,
            "eps_latest_yearly": 0.52,
            "eps_growth_yearly": 65.12
        },
        "20093": {
            "year_quarter": 20093,
            "year": 2009,
            "quarter": 3,
            "eps": 0.3,
            "eps_growth_year": -34.78,
            "eps_4q": 1.02,
            "eps_4q_growth_year": -44.03,
            "roe": 1.49,
            "roe_4q": 5.09,
            "gross_profit": 122912,
            "gross_margin": 4.64,
            "gross_margin_4q_avg": 4.58,
            "net_income": 45604,
            "revenue": 2649063,
            "common_shares": 1609038,
            "book_valuer_per_share": 19.32,
            "book_valuer_per_share_4q_avg": 19.02,
            "equity": 3108067,
            "current_ratio": 121.75,
            "debt_ratio": 64.09,
            "inventory_turnover_ratio": 0.66,
            "account_receivable_turnover_ratio": 2.76,
            "reinvestment_rate": 10.46,
            "research_to_sale_ratio": null,
            "price_fair": 51.8,
            "eps_avg_yearly": 1.48,
            "eps_latest_yearly": 1.2,
            "eps_growth_yearly": 109.77
        },
        "20094": {
            "year_quarter": 20094,
            "year": 2009,
            "quarter": 4,
            "eps": 0.64,
            "eps_growth_year": 220,
            "eps_4q": 1.45,
            "eps_4q_growth_year": -0.21,
            "roe": 3.13,
            "roe_4q": 7.18,
            "gross_profit": 153883,
            "gross_margin": 3.81,
            "gross_margin_4q_avg": 4.48,
            "net_income": 99071,
            "revenue": 4040975,
            "common_shares": 1609038,
            "book_valuer_per_share": 20.86,
            "book_valuer_per_share_4q_avg": 19.54,
            "equity": 3215173,
            "current_ratio": 123.56,
            "debt_ratio": 63.48,
            "inventory_turnover_ratio": 1.84,
            "account_receivable_turnover_ratio": 5.74,
            "reinvestment_rate": 76.62,
            "research_to_sale_ratio": null,
            "price_fair": 53.55,
            "eps_avg_yearly": 1.53,
            "eps_latest_yearly": 2.56,
            "eps_growth_yearly": 71.43
        },
        "20101": {
            "year_quarter": 20101,
            "year": 2010,
            "quarter": 1,
            "eps": 0.4,
            "eps_growth_year": 5.26,
            "eps_4q": 1.46,
            "eps_4q_growth_year": 5.79,
            "roe": 1.88,
            "roe_4q": 7.14,
            "gross_profit": 127518,
            "gross_margin": 4.72,
            "gross_margin_4q_avg": 4.6,
            "net_income": 60922,
            "revenue": 2699834,
            "common_shares": 1609038,
            "book_valuer_per_share": 21.22,
            "book_valuer_per_share_4q_avg": 20.05,
            "equity": 3269719,
            "current_ratio": 126.57,
            "debt_ratio": 62.29,
            "inventory_turnover_ratio": 4.14,
            "account_receivable_turnover_ratio": 1.97,
            "reinvestment_rate": 94.88,
            "research_to_sale_ratio": 0.01,
            "price_fair": 53.9,
            "eps_avg_yearly": 1.54,
            "eps_latest_yearly": 1.6,
            "eps_growth_yearly": 66.6
        },
        "20102": {
            "year_quarter": 20102,
            "year": 2010,
            "quarter": 2,
            "eps": 0.4,
            "eps_growth_year": 206.15,
            "eps_4q": 1.73,
            "eps_4q_growth_year": 44.94,
            "roe": 1.91,
            "roe_4q": 8.41,
            "gross_profit": 201503,
            "gross_margin": 5.31,
            "gross_margin_4q_avg": 4.62,
            "net_income": 61330,
            "revenue": 3792066,
            "common_shares": 1609038,
            "book_valuer_per_share": 20.38,
            "book_valuer_per_share_4q_avg": 20.45,
            "equity": 3141171,
            "current_ratio": 122.39,
            "debt_ratio": 64.81,
            "inventory_turnover_ratio": 5.63,
            "account_receivable_turnover_ratio": 2.43,
            "reinvestment_rate": 89.61,
            "research_to_sale_ratio": 0.03,
            "price_fair": 53.81,
            "eps_avg_yearly": 1.54,
            "eps_latest_yearly": 1.6,
            "eps_growth_yearly": 63.13
        },
        "20103": {
            "year_quarter": 20103,
            "year": 2010,
            "quarter": 3,
            "eps": 0.56,
            "eps_growth_year": 85.93,
            "eps_4q": 1.7,
            "eps_4q_growth_year": 66.77,
            "roe": 3,
            "roe_4q": 9.92,
            "gross_profit": 252865,
            "gross_margin": 7.88,
            "gross_margin_4q_avg": 5.43,
            "net_income": 107761,
            "revenue": 3207337,
            "common_shares": 2000000,
            "book_valuer_per_share": 20.91,
            "book_valuer_per_share_4q_avg": 20.84,
            "equity": 4040215,
            "current_ratio": 142.26,
            "debt_ratio": 56.17,
            "inventory_turnover_ratio": 3.23,
            "account_receivable_turnover_ratio": 2.01,
            "reinvestment_rate": 91.8,
            "research_to_sale_ratio": 0.01,
            "price_fair": 55.48,
            "eps_avg_yearly": 1.59,
            "eps_latest_yearly": 2.24,
            "eps_growth_yearly": 75.57
        },
        "20104": {
            "year_quarter": 20104,
            "year": 2010,
            "quarter": 4,
            "eps": 0.62,
            "eps_growth_year": -2.86,
            "eps_4q": 1.81,
            "eps_4q_growth_year": 25.35,
            "roe": 2.95,
            "roe_4q": 9.74,
            "gross_profit": 176083,
            "gross_margin": 4.38,
            "gross_margin_4q_avg": 5.57,
            "net_income": 120105,
            "revenue": 4023098,
            "common_shares": 2000000,
            "book_valuer_per_share": 21.21,
            "book_valuer_per_share_4q_avg": 20.93,
            "equity": 4098339,
            "current_ratio": 134.25,
            "debt_ratio": 58.27,
            "inventory_turnover_ratio": 3.2,
            "account_receivable_turnover_ratio": 3.06,
            "reinvestment_rate": 70.18,
            "research_to_sale_ratio": 0,
            "price_fair": 57.75,
            "eps_avg_yearly": 1.65,
            "eps_latest_yearly": 2.48,
            "eps_growth_yearly": 78.93
        },
        "20111": {
            "year_quarter": 20111,
            "year": 2011,
            "quarter": 1,
            "eps": 0.58,
            "eps_growth_year": 45,
            "eps_4q": 2.07,
            "eps_4q_growth_year": 41.96,
            "roe": 2.68,
            "roe_4q": 10.540000000000001,
            "gross_profit": 225479,
            "gross_margin": 6.1,
            "gross_margin_4q_avg": 5.92,
            "net_income": 111678,
            "revenue": 3696580,
            "common_shares": 2000000,
            "book_valuer_per_share": 21.95,
            "book_valuer_per_share_4q_avg": 21.11,
            "equity": 4240733,
            "current_ratio": 134.81,
            "debt_ratio": 58.72,
            "inventory_turnover_ratio": 2.69,
            "account_receivable_turnover_ratio": 2.98,
            "reinvestment_rate": 95.41,
            "research_to_sale_ratio": 0,
            "price_fair": 58.45,
            "eps_avg_yearly": 1.67,
            "eps_latest_yearly": 2.32,
            "eps_growth_yearly": 67.59
        },
        "20112": {
            "year_quarter": 20112,
            "year": 2011,
            "quarter": 2,
            "eps": 0.71,
            "eps_growth_year": 77.22,
            "eps_4q": 2.46,
            "eps_4q_growth_year": 42.18,
            "roe": 3.28,
            "roe_4q": 11.91,
            "gross_profit": 250630,
            "gross_margin": 5.74,
            "gross_margin_4q_avg": 6.03,
            "net_income": 136261,
            "revenue": 4364556,
            "common_shares": 2000000,
            "book_valuer_per_share": 21.04,
            "book_valuer_per_share_4q_avg": 21.28,
            "equity": 4064513,
            "current_ratio": 121.29,
            "debt_ratio": 66.48,
            "inventory_turnover_ratio": 3.43,
            "account_receivable_turnover_ratio": 3.09,
            "reinvestment_rate": 101.62,
            "research_to_sale_ratio": 0,
            "price_fair": 62.65,
            "eps_avg_yearly": 1.79,
            "eps_latest_yearly": 2.84,
            "eps_growth_yearly": 86.69
        },
        "20113": {
            "year_quarter": 20113,
            "year": 2011,
            "quarter": 3,
            "eps": 0.67,
            "eps_growth_year": 20.92,
            "eps_4q": 2.58,
            "eps_4q_growth_year": 51.43,
            "roe": 3.16,
            "roe_4q": 12.07,
            "gross_profit": 188082,
            "gross_margin": 3.49,
            "gross_margin_4q_avg": 4.93,
            "net_income": 130302,
            "revenue": 5387129,
            "common_shares": 2000000,
            "book_valuer_per_share": 21.64,
            "book_valuer_per_share_4q_avg": 21.46,
            "equity": 4180830,
            "current_ratio": 117.34,
            "debt_ratio": 68.42,
            "inventory_turnover_ratio": 4.63,
            "account_receivable_turnover_ratio": 3.02,
            "reinvestment_rate": 117.95,
            "research_to_sale_ratio": 0,
            "price_fair": 64.93,
            "eps_avg_yearly": 1.86,
            "eps_latest_yearly": 2.68,
            "eps_growth_yearly": 65.72
        },
        "20114": {
            "year_quarter": 20114,
            "year": 2011,
            "quarter": 4,
            "eps": 0.91,
            "eps_growth_year": 46.09,
            "eps_4q": 2.87,
            "eps_4q_growth_year": 58.15,
            "roe": 4.13,
            "roe_4q": 13.25,
            "gross_profit": 166222,
            "gross_margin": 3.51,
            "gross_margin_4q_avg": 4.71,
            "net_income": 175467,
            "revenue": 4731141,
            "common_shares": 2000000,
            "book_valuer_per_share": 22.35,
            "book_valuer_per_share_4q_avg": 21.75,
            "equity": 4317636,
            "current_ratio": 116.66,
            "debt_ratio": 66.37,
            "inventory_turnover_ratio": 4.22,
            "account_receivable_turnover_ratio": 2.33,
            "reinvestment_rate": 105.07,
            "research_to_sale_ratio": 0,
            "price_fair": 68.08,
            "eps_avg_yearly": 1.95,
            "eps_latest_yearly": 3.64,
            "eps_growth_yearly": 66.14
        },
        "20121": {
            "year_quarter": 20121,
            "year": 2012,
            "quarter": 1,
            "eps": 0.7,
            "eps_growth_year": 20.69,
            "eps_4q": 2.99,
            "eps_4q_growth_year": 43.87,
            "roe": 3.07,
            "roe_4q": 13.639999999999999,
            "gross_profit": 185847,
            "gross_margin": 3.9,
            "gross_margin_4q_avg": 4.16,
            "net_income": 134703,
            "revenue": 4762081,
            "common_shares": 2000000,
            "book_valuer_per_share": 23.08,
            "book_valuer_per_share_4q_avg": 22.03,
            "equity": 4459137,
            "current_ratio": 113.55,
            "debt_ratio": 68.17,
            "inventory_turnover_ratio": 3.97,
            "account_receivable_turnover_ratio": 2.09,
            "reinvestment_rate": 118.5,
            "research_to_sale_ratio": null,
            "price_fair": 70,
            "eps_avg_yearly": 2,
            "eps_latest_yearly": 2.8,
            "eps_growth_yearly": 63.55
        },
        "20122": {
            "year_quarter": 20122,
            "year": 2012,
            "quarter": 2,
            "eps": 0.6,
            "eps_growth_year": -15.41,
            "eps_4q": 2.88,
            "eps_4q_growth_year": 16.8,
            "roe": 2.68,
            "roe_4q": 13.04,
            "gross_profit": 236152,
            "gross_margin": 4.97,
            "gross_margin_4q_avg": 3.97,
            "net_income": 115267,
            "revenue": 4749147,
            "common_shares": 2000000,
            "book_valuer_per_share": 21.47,
            "book_valuer_per_share_4q_avg": 22.14,
            "equity": 4147400,
            "current_ratio": 108.28,
            "debt_ratio": 72.25,
            "inventory_turnover_ratio": 3.53,
            "account_receivable_turnover_ratio": 1.7,
            "reinvestment_rate": 116.44,
            "research_to_sale_ratio": null,
            "price_fair": 72.28,
            "eps_avg_yearly": 2.07,
            "eps_latest_yearly": 2.4,
            "eps_growth_yearly": 67.27
        },
        "20123": {
            "year_quarter": 20123,
            "year": 2012,
            "quarter": 3,
            "eps": 0.74,
            "eps_growth_year": 9.5,
            "eps_4q": 2.94,
            "eps_4q_growth_year": 14,
            "roe": 3.38,
            "roe_4q": 13.260000000000002,
            "gross_profit": 202746,
            "gross_margin": 4.41,
            "gross_margin_4q_avg": 4.2,
            "net_income": 142681,
            "revenue": 4602305,
            "common_shares": 2000000,
            "book_valuer_per_share": 22.21,
            "book_valuer_per_share_4q_avg": 22.28,
            "equity": 4291259,
            "current_ratio": 109.19,
            "debt_ratio": 69.42,
            "inventory_turnover_ratio": 3.87,
            "account_receivable_turnover_ratio": 1.47,
            "reinvestment_rate": 118.65,
            "research_to_sale_ratio": 0.01,
            "price_fair": 74.73,
            "eps_avg_yearly": 2.14,
            "eps_latest_yearly": 2.96,
            "eps_growth_yearly": 64.28
        },
        "20124": {
            "year_quarter": 20124,
            "year": 2012,
            "quarter": 4,
            "eps": 1.03,
            "eps_growth_year": 13.51,
            "eps_4q": 3.06,
            "eps_4q_growth_year": 6.88,
            "roe": 4.56,
            "roe_4q": 13.69,
            "gross_profit": 285374,
            "gross_margin": 4.81,
            "gross_margin_4q_avg": 4.52,
            "net_income": 199176,
            "revenue": 5935439,
            "common_shares": 2000000,
            "book_valuer_per_share": 23.02,
            "book_valuer_per_share_4q_avg": 22.45,
            "equity": 4447969,
            "current_ratio": 113.67,
            "debt_ratio": 65.4,
            "inventory_turnover_ratio": 6.44,
            "account_receivable_turnover_ratio": 2.18,
            "reinvestment_rate": 107.03,
            "research_to_sale_ratio": 0,
            "price_fair": 81.99,
            "eps_avg_yearly": 2.34,
            "eps_latest_yearly": 4.12,
            "eps_growth_yearly": 88.21
        },
        "20131": {
            "year_quarter": 20131,
            "year": 2013,
            "quarter": 1,
            "eps": 0.71,
            "eps_growth_year": 1.43,
            "eps_4q": 3.08,
            "eps_4q_growth_year": 3.1,
            "roe": 3.04,
            "roe_4q": 13.66,
            "gross_profit": 223491,
            "gross_margin": 4.74,
            "gross_margin_4q_avg": 4.73,
            "net_income": 137493,
            "revenue": 4710861,
            "common_shares": 2000000,
            "book_valuer_per_share": 23.85,
            "book_valuer_per_share_4q_avg": 22.64,
            "equity": 4607122,
            "current_ratio": 111.1,
            "debt_ratio": 65.66,
            "inventory_turnover_ratio": 6.53,
            "account_receivable_turnover_ratio": 2.11,
            "reinvestment_rate": 97.62,
            "research_to_sale_ratio": null,
            "price_fair": 84.88,
            "eps_avg_yearly": 2.43,
            "eps_latest_yearly": 2.84,
            "eps_growth_yearly": 57.94
        },
        "20132": {
            "year_quarter": 20132,
            "year": 2013,
            "quarter": 2,
            "eps": 0.51,
            "eps_growth_year": -14.52,
            "eps_4q": 2.99,
            "eps_4q_growth_year": 4.11,
            "roe": 2.23,
            "roe_4q": 13.209999999999997,
            "gross_profit": 174897,
            "gross_margin": 3.31,
            "gross_margin_4q_avg": 4.32,
            "net_income": 99225,
            "revenue": 5277572,
            "common_shares": 2000000,
            "book_valuer_per_share": 22.13,
            "book_valuer_per_share_4q_avg": 22.8,
            "equity": 4275781,
            "current_ratio": 106.04,
            "debt_ratio": 69.87,
            "inventory_turnover_ratio": 6.76,
            "account_receivable_turnover_ratio": 2.04,
            "reinvestment_rate": 96.92,
            "research_to_sale_ratio": null,
            "price_fair": 88.2,
            "eps_avg_yearly": 2.52,
            "eps_latest_yearly": 2.04,
            "eps_growth_yearly": 67.35
        },
        "20133": {
            "year_quarter": 20133,
            "year": 2013,
            "quarter": 3,
            "eps": 0.48,
            "eps_growth_year": -35.01,
            "eps_4q": 2.74,
            "eps_4q_growth_year": -6.91,
            "roe": 2.14,
            "roe_4q": 11.969999999999999,
            "gross_profit": 189245,
            "gross_margin": 3.66,
            "gross_margin_4q_avg": 4.13,
            "net_income": 92960,
            "revenue": 5176723,
            "common_shares": 2000000,
            "book_valuer_per_share": 22.78,
            "book_valuer_per_share_4q_avg": 22.95,
            "equity": 4401574,
            "current_ratio": 109.96,
            "debt_ratio": 68.89,
            "inventory_turnover_ratio": 5.12,
            "account_receivable_turnover_ratio": 1.93,
            "reinvestment_rate": 95.74,
            "research_to_sale_ratio": 0,
            "price_fair": 89.78,
            "eps_avg_yearly": 2.57,
            "eps_latest_yearly": 1.92,
            "eps_growth_yearly": 33.18
        },
        "20134": {
            "year_quarter": 20134,
            "year": 2013,
            "quarter": 4,
            "eps": 0.55,
            "eps_growth_year": -46.85,
            "eps_4q": 2.25,
            "eps_4q_growth_year": -26.41,
            "roe": 2.38,
            "roe_4q": 9.79,
            "gross_profit": 241221,
            "gross_margin": 5.48,
            "gross_margin_4q_avg": 4.3,
            "net_income": 105853,
            "revenue": 4402361,
            "common_shares": 2000000,
            "book_valuer_per_share": 23.34,
            "book_valuer_per_share_4q_avg": 23.03,
            "equity": 4509836,
            "current_ratio": 111.36,
            "debt_ratio": 68.32,
            "inventory_turnover_ratio": 4.42,
            "account_receivable_turnover_ratio": 1.76,
            "reinvestment_rate": 56.9,
            "research_to_sale_ratio": 0,
            "price_fair": 47.03,
            "eps_avg_yearly": 2.54,
            "eps_latest_yearly": 2.2,
            "eps_growth_yearly": 8.5
        },
        "20141": {
            "year_quarter": 20141,
            "year": 2014,
            "quarter": 1,
            "eps": 0.35,
            "eps_growth_year": -50.7,
            "eps_4q": 1.9,
            "eps_4q_growth_year": -38.41,
            "roe": 1.5,
            "roe_4q": 8.25,
            "gross_profit": 174227,
            "gross_margin": 4.01,
            "gross_margin_4q_avg": 4.12,
            "net_income": 68160,
            "revenue": 4345270,
            "common_shares": 2000000,
            "book_valuer_per_share": 23.61,
            "book_valuer_per_share_4q_avg": 22.97,
            "equity": 4560964,
            "current_ratio": 112.12,
            "debt_ratio": 67.59,
            "inventory_turnover_ratio": 4.69,
            "account_receivable_turnover_ratio": 1.74,
            "reinvestment_rate": 56.97,
            "research_to_sale_ratio": null,
            "price_fair": 47.52,
            "eps_avg_yearly": 2.53,
            "eps_latest_yearly": 1.4,
            "eps_growth_yearly": 8.78
        },
        "20142": {
            "year_quarter": 20142,
            "year": 2014,
            "quarter": 2,
            "eps": 0.26,
            "eps_growth_year": -49.02,
            "eps_4q": 1.64,
            "eps_4q_growth_year": -45.24,
            "roe": 1.12,
            "roe_4q": 7.140000000000001,
            "gross_profit": 141836,
            "gross_margin": 3.08,
            "gross_margin_4q_avg": 4.06,
            "net_income": 49826,
            "revenue": 4598248,
            "common_shares": 2000000,
            "book_valuer_per_share": 22.25,
            "book_valuer_per_share_4q_avg": 23,
            "equity": 4298198,
            "current_ratio": 110.01,
            "debt_ratio": 68.96,
            "inventory_turnover_ratio": 4.32,
            "account_receivable_turnover_ratio": 1.99,
            "reinvestment_rate": 55.24,
            "research_to_sale_ratio": null,
            "price_fair": 30.82,
            "eps_avg_yearly": 2.5,
            "eps_latest_yearly": 1.04,
            "eps_growth_yearly": 2.35
        },
        "20143": {
            "year_quarter": 20143,
            "year": 2014,
            "quarter": 3,
            "eps": 0.31,
            "eps_growth_year": -35.42,
            "eps_4q": 1.47,
            "eps_4q_growth_year": -46.23,
            "roe": 1.39,
            "roe_4q": 6.39,
            "gross_profit": 46982,
            "gross_margin": 1.17,
            "gross_margin_4q_avg": 3.44,
            "net_income": 60521,
            "revenue": 4022835,
            "common_shares": 2000000,
            "book_valuer_per_share": 22.75,
            "book_valuer_per_share_4q_avg": 22.99,
            "equity": 4395404,
            "current_ratio": 112.1,
            "debt_ratio": 67.58,
            "inventory_turnover_ratio": 3.4,
            "account_receivable_turnover_ratio": 1.91,
            "reinvestment_rate": 53.95,
            "research_to_sale_ratio": null,
            "price_fair": 7.3,
            "eps_avg_yearly": 2.43,
            "eps_latest_yearly": 1.24,
            "eps_growth_yearly": -2.84
        },
        "20144": {
            "year_quarter": 20144,
            "year": 2014,
            "quarter": 4,
            "eps": 0.4,
            "eps_growth_year": -27.09,
            "eps_4q": 1.32,
            "eps_4q_growth_year": -41.29,
            "roe": 1.73,
            "roe_4q": 5.74,
            "gross_profit": 148716,
            "gross_margin": 3.45,
            "gross_margin_4q_avg": 2.93,
            "net_income": 77176,
            "revenue": 4316419,
            "common_shares": 2000000,
            "book_valuer_per_share": 23.33,
            "book_valuer_per_share_4q_avg": 22.99,
            "equity": 4508151,
            "current_ratio": 112.83,
            "debt_ratio": 66.87,
            "inventory_turnover_ratio": 3.71,
            "account_receivable_turnover_ratio": 1.99,
            "reinvestment_rate": 58.98,
            "research_to_sale_ratio": null,
            "price_fair": 27.91,
            "eps_avg_yearly": 2.38,
            "eps_latest_yearly": 1.6,
            "eps_growth_yearly": 1.74
        },
        "20151": {
            "year_quarter": 20151,
            "year": 2015,
            "quarter": 1,
            "eps": 0.16,
            "eps_growth_year": -54.29,
            "eps_4q": 1.13,
            "eps_4q_growth_year": -40.14,
            "roe": 0.7,
            "roe_4q": 4.9399999999999995,
            "gross_profit": 112952,
            "gross_margin": 2.72,
            "gross_margin_4q_avg": 2.61,
            "net_income": 31683,
            "revenue": 4153643,
            "common_shares": 2000000,
            "book_valuer_per_share": 23.39,
            "book_valuer_per_share_4q_avg": 22.93,
            "equity": 4518052,
            "current_ratio": 110.22,
            "debt_ratio": 67.8,
            "inventory_turnover_ratio": 4.29,
            "account_receivable_turnover_ratio": 1.65,
            "reinvestment_rate": 67.58,
            "research_to_sale_ratio": 0.04,
            "price_fair": 6.82,
            "eps_avg_yearly": 2.27,
            "eps_latest_yearly": 0.64,
            "eps_growth_yearly": -11.65
        },
        "20152": {
            "year_quarter": 20152,
            "year": 2015,
            "quarter": 2,
            "eps": 0.27,
            "eps_growth_year": 3.85,
            "eps_4q": 1.15,
            "eps_4q_growth_year": -30.03,
            "roe": 1.18,
            "roe_4q": 5,
            "gross_profit": 160845,
            "gross_margin": 4.43,
            "gross_margin_4q_avg": 2.94,
            "net_income": 52295,
            "revenue": 3627311,
            "common_shares": 2000000,
            "book_valuer_per_share": 22.62,
            "book_valuer_per_share_4q_avg": 23.02,
            "equity": 4370609,
            "current_ratio": 108.74,
            "debt_ratio": 70.08,
            "inventory_turnover_ratio": 4.03,
            "account_receivable_turnover_ratio": 1.35,
            "reinvestment_rate": 57.62,
            "research_to_sale_ratio": 0.03,
            "price_fair": 6.49,
            "eps_avg_yearly": 2.16,
            "eps_latest_yearly": 1.08,
            "eps_growth_yearly": -0.06
        },
        "20153": {
            "year_quarter": 20153,
            "year": 2015,
            "quarter": 3,
            "eps": 0.24,
            "eps_growth_year": -22.58,
            "eps_4q": 1.07,
            "eps_4q_growth_year": -27.28,
            "roe": 1.04,
            "roe_4q": 4.65,
            "gross_profit": 110766,
            "gross_margin": 3.3,
            "gross_margin_4q_avg": 3.48,
            "net_income": 45638,
            "revenue": 3359313,
            "common_shares": 2000000,
            "book_valuer_per_share": 22.6,
            "book_valuer_per_share_4q_avg": 22.99,
            "equity": 4366788,
            "current_ratio": 106.82,
            "debt_ratio": 70.7,
            "inventory_turnover_ratio": 3.18,
            "account_receivable_turnover_ratio": 1.25,
            "reinvestment_rate": 47.79,
            "research_to_sale_ratio": 0.05,
            "price_fair": 6.17,
            "eps_avg_yearly": 2.06,
            "eps_latest_yearly": 0.96,
            "eps_growth_yearly": -1.43
        },
        "20154": {
            "year_quarter": 20154,
            "year": 2015,
            "quarter": 4,
            "eps": 0.23,
            "eps_growth_year": -43.48,
            "eps_4q": 0.9,
            "eps_4q_growth_year": -32.25,
            "roe": 1,
            "roe_4q": 3.92,
            "gross_profit": 204662,
            "gross_margin": 4.53,
            "gross_margin_4q_avg": 3.75,
            "net_income": 43617,
            "revenue": 4519870,
            "common_shares": 2000000,
            "book_valuer_per_share": 22.64,
            "book_valuer_per_share_4q_avg": 22.81,
            "equity": 4373142,
            "current_ratio": 107.58,
            "debt_ratio": 70.77,
            "inventory_turnover_ratio": 4.15,
            "account_receivable_turnover_ratio": 1.51,
            "reinvestment_rate": 38.89,
            "research_to_sale_ratio": 0.04,
            "price_fair": 5.66,
            "eps_avg_yearly": 1.89,
            "eps_latest_yearly": 0.92,
            "eps_growth_yearly": -11.43
        },
        "20161": {
            "year_quarter": 20161,
            "year": 2016,
            "quarter": 1,
            "eps": 0.12,
            "eps_growth_year": -25,
            "eps_4q": 0.85,
            "eps_4q_growth_year": -25.17,
            "roe": 0.52,
            "roe_4q": 3.74,
            "gross_profit": 13299,
            "gross_margin": 0.36,
            "gross_margin_4q_avg": 3.16,
            "net_income": 22483,
            "revenue": 3719150,
            "common_shares": 2000000,
            "book_valuer_per_share": 22.38,
            "book_valuer_per_share_4q_avg": 22.56,
            "equity": 4324122,
            "current_ratio": 108.38,
            "debt_ratio": 70.92,
            "inventory_turnover_ratio": 3.74,
            "account_receivable_turnover_ratio": 1.11,
            "reinvestment_rate": 10.63,
            "research_to_sale_ratio": 0.04,
            "price_fair": 5.22,
            "eps_avg_yearly": 1.74,
            "eps_latest_yearly": 0.48,
            "eps_growth_yearly": -17.62
        },
        "20162": {
            "year_quarter": 20162,
            "year": 2016,
            "quarter": 2,
            "eps": 0.13,
            "eps_growth_year": -51.85,
            "eps_4q": 0.71,
            "eps_4q_growth_year": -38.06,
            "roe": 0.6,
            "roe_4q": 3.16,
            "gross_profit": 125637,
            "gross_margin": 3.13,
            "gross_margin_4q_avg": 2.83,
            "net_income": 25573,
            "revenue": 4013090,
            "common_shares": 2000000,
            "book_valuer_per_share": 21.82,
            "book_valuer_per_share_4q_avg": 22.36,
            "equity": 4215370,
            "current_ratio": 107.97,
            "debt_ratio": 71.18,
            "inventory_turnover_ratio": 3.41,
            "account_receivable_turnover_ratio": 1.21,
            "reinvestment_rate": -0.6,
            "research_to_sale_ratio": 0.05,
            "price_fair": 4.87,
            "eps_avg_yearly": 1.62,
            "eps_latest_yearly": 0.52,
            "eps_growth_yearly": -11.96
        },
        "20163": {
            "year_quarter": 20163,
            "year": 2016,
            "quarter": 3,
            "eps": 0.11,
            "eps_growth_year": -54.17,
            "eps_4q": 0.59,
            "eps_4q_growth_year": -45.33,
            "roe": 0.51,
            "roe_4q": 2.63,
            "gross_profit": 137748,
            "gross_margin": 2.77,
            "gross_margin_4q_avg": 2.7,
            "net_income": 21372,
            "revenue": 4971701,
            "common_shares": 2000000,
            "book_valuer_per_share": 21.95,
            "book_valuer_per_share_4q_avg": 22.2,
            "equity": 4241409,
            "current_ratio": 108.63,
            "debt_ratio": 70.94,
            "inventory_turnover_ratio": 4.03,
            "account_receivable_turnover_ratio": 1.6,
            "reinvestment_rate": -16.28,
            "research_to_sale_ratio": 0.04,
            "price_fair": 4.4,
            "eps_avg_yearly": 1.47,
            "eps_latest_yearly": 0.44,
            "eps_growth_yearly": -21.64
        },
        "20164": {
            "year_quarter": 20164,
            "year": 2016,
            "quarter": 4,
            "eps": 0.01,
            "eps_growth_year": -94.06,
            "eps_4q": 0.37,
            "eps_4q_growth_year": -58.43,
            "roe": 0.06,
            "roe_4q": 1.69,
            "gross_profit": 106053,
            "gross_margin": 2.41,
            "gross_margin_4q_avg": 2.17,
            "net_income": 2589,
            "revenue": 4402769,
            "common_shares": 2000000,
            "book_valuer_per_share": 22.05,
            "book_valuer_per_share_4q_avg": 22.05,
            "equity": 4260626,
            "current_ratio": 109.65,
            "debt_ratio": 71.48,
            "inventory_turnover_ratio": 4.14,
            "account_receivable_turnover_ratio": 1.34,
            "reinvestment_rate": -19.53,
            "research_to_sale_ratio": 0.04,
            "price_fair": 3.63,
            "eps_avg_yearly": 1.21,
            "eps_latest_yearly": 0.04,
            "eps_growth_yearly": -54.17
        },
        "20171": {
            "year_quarter": 20171,
            "year": 2017,
            "quarter": 1,
            "eps": 0.09,
            "eps_growth_year": -25,
            "eps_4q": 0.35,
            "eps_4q_growth_year": -58.89,
            "roe": 0.42,
            "roe_4q": 1.5899999999999999,
            "gross_profit": 124558,
            "gross_margin": 2.94,
            "gross_margin_4q_avg": 2.81,
            "net_income": 17904,
            "revenue": 4243108,
            "common_shares": 2000000,
            "book_valuer_per_share": 22.05,
            "book_valuer_per_share_4q_avg": 21.97,
            "equity": 4260850,
            "current_ratio": 109.38,
            "debt_ratio": 69.95,
            "inventory_turnover_ratio": 4.68,
            "account_receivable_turnover_ratio": 1.35,
            "reinvestment_rate": -13.93,
            "research_to_sale_ratio": 0.04,
            "price_fair": 36.93,
            "eps_avg_yearly": 1.06,
            "eps_latest_yearly": 0.36,
            "eps_growth_yearly": 153.6
        },
        "20172": {
            "year_quarter": 20172,
            "year": 2017,
            "quarter": 2,
            "eps": 0.05,
            "eps_growth_year": -61.54,
            "eps_4q": 0.26,
            "eps_4q_growth_year": -62.72,
            "roe": 0.22,
            "roe_4q": 1.21,
            "gross_profit": 98842,
            "gross_margin": 2.39,
            "gross_margin_4q_avg": 2.63,
            "net_income": 9322,
            "revenue": 4127494,
            "common_shares": 2000000,
            "book_valuer_per_share": 21.86,
            "book_valuer_per_share_4q_avg": 21.98,
            "equity": 4223668,
            "current_ratio": 109.39,
            "debt_ratio": 71.82,
            "inventory_turnover_ratio": 4.74,
            "account_receivable_turnover_ratio": 1.48,
            "reinvestment_rate": -16.78,
            "research_to_sale_ratio": 0.04,
            "price_fair": 32.9,
            "eps_avg_yearly": 0.94,
            "eps_latest_yearly": 0.2,
            "eps_growth_yearly": 149.53
        },
        "20173": {
            "year_quarter": 20173,
            "year": 2017,
            "quarter": 3,
            "eps": 0.07,
            "eps_growth_year": -36.36,
            "eps_4q": 0.22,
            "eps_4q_growth_year": -62.37,
            "roe": 0.3,
            "roe_4q": 1,
            "gross_profit": 54364,
            "gross_margin": 1.32,
            "gross_margin_4q_avg": 2.27,
            "net_income": 12723,
            "revenue": 4132313,
            "common_shares": 2000000,
            "book_valuer_per_share": 21.79,
            "book_valuer_per_share_4q_avg": 21.94,
            "equity": 4209230,
            "current_ratio": 109,
            "debt_ratio": 71.94,
            "inventory_turnover_ratio": 4.92,
            "account_receivable_turnover_ratio": 1.4,
            "reinvestment_rate": -13.15,
            "research_to_sale_ratio": 0.05,
            "price_fair": 29.31,
            "eps_avg_yearly": 0.84,
            "eps_latest_yearly": 0.28,
            "eps_growth_yearly": 161
        },
        "20174": {
            "year_quarter": 20174,
            "year": 2017,
            "quarter": 4,
            "eps": 0.07,
            "eps_growth_year": 454.03,
            "eps_4q": 0.28,
            "eps_4q_growth_year": -24.61,
            "roe": 0.34,
            "roe_4q": 1.28,
            "gross_profit": 64994,
            "gross_margin": 1.62,
            "gross_margin_4q_avg": 2.07,
            "net_income": 14344,
            "revenue": 4001012,
            "common_shares": 2000000,
            "book_valuer_per_share": 21.63,
            "book_valuer_per_share_4q_avg": 21.83,
            "equity": 4179223,
            "current_ratio": 108.07,
            "debt_ratio": 71.09,
            "inventory_turnover_ratio": 4.78,
            "account_receivable_turnover_ratio": 1.26,
            "reinvestment_rate": -21.47,
            "research_to_sale_ratio": 0.05,
            "price_fair": 25.11,
            "eps_avg_yearly": 0.72,
            "eps_latest_yearly": 0.28,
            "eps_growth_yearly": 157.36
        },
        "20181": {
            "year_quarter": 20181,
            "year": 2018,
            "quarter": 1,
            "eps": 0.15,
            "eps_growth_year": 66.67,
            "eps_4q": 0.34,
            "eps_4q_growth_year": -3.57,
            "roe": 0.68,
            "roe_4q": 1.54,
            "gross_profit": 81935,
            "gross_margin": 2.07,
            "gross_margin_4q_avg": 1.85,
            "net_income": 28642,
            "revenue": 3967242,
            "common_shares": 2000000,
            "book_valuer_per_share": 21.73,
            "book_valuer_per_share_4q_avg": 21.75,
            "equity": 4197511,
            "current_ratio": 108.02,
            "debt_ratio": 72.34,
            "inventory_turnover_ratio": 3.93,
            "account_receivable_turnover_ratio": 1.71,
            "reinvestment_rate": -25.63,
            "research_to_sale_ratio": 0.02,
            "price_fair": 23.36,
            "eps_avg_yearly": 0.67,
            "eps_latest_yearly": 0.6,
            "eps_growth_yearly": 195.02
        },
        "20182": {
            "year_quarter": 20182,
            "year": 2018,
            "quarter": 2,
            "eps": 0.15,
            "eps_growth_year": 200,
            "eps_4q": 0.43,
            "eps_4q_growth_year": 63.58,
            "roe": 0.67,
            "roe_4q": 1.9900000000000002,
            "gross_profit": 84994,
            "gross_margin": 1.49,
            "gross_margin_4q_avg": 1.63,
            "net_income": 28025,
            "revenue": 5703988,
            "common_shares": 2000000,
            "book_valuer_per_share": 21.65,
            "book_valuer_per_share_4q_avg": 21.7,
            "equity": 4183123,
            "current_ratio": 106.83,
            "debt_ratio": 74.68,
            "inventory_turnover_ratio": 5.13,
            "account_receivable_turnover_ratio": 3.02,
            "reinvestment_rate": -5.99,
            "research_to_sale_ratio": 0.03,
            "price_fair": 22.4,
            "eps_avg_yearly": 0.64,
            "eps_latest_yearly": 0.6,
            "eps_growth_yearly": 201.45
        },
        "20183": {
            "year_quarter": 20183,
            "year": 2018,
            "quarter": 3,
            "eps": 0.16,
            "eps_growth_year": 128.57,
            "eps_4q": 0.53,
            "eps_4q_growth_year": 141.59,
            "roe": 0.76,
            "roe_4q": 2.45,
            "gross_profit": 90594,
            "gross_margin": 1.81,
            "gross_margin_4q_avg": 1.75,
            "net_income": 31756,
            "revenue": 4998368,
            "common_shares": 2000000,
            "book_valuer_per_share": 21.88,
            "book_valuer_per_share_4q_avg": 21.72,
            "equity": 4227700,
            "current_ratio": 106.9,
            "debt_ratio": 75.08,
            "inventory_turnover_ratio": 5.14,
            "account_receivable_turnover_ratio": 2.2,
            "reinvestment_rate": -1.56,
            "research_to_sale_ratio": 0.03,
            "price_fair": 21.09,
            "eps_avg_yearly": 0.6,
            "eps_latest_yearly": 0.64,
            "eps_growth_yearly": 198.31
        },
        "20184": {
            "year_quarter": 20184,
            "year": 2018,
            "quarter": 4,
            "eps": 0.15,
            "eps_growth_year": 103.28,
            "eps_4q": 0.61,
            "eps_4q_growth_year": 116.57,
            "roe": 0.69,
            "roe_4q": 2.8000000000000003,
            "gross_profit": 98443,
            "gross_margin": 1.73,
            "gross_margin_4q_avg": 1.78,
            "net_income": 29158,
            "revenue": 5691331,
            "common_shares": 2000000,
            "book_valuer_per_share": 21.87,
            "book_valuer_per_share_4q_avg": 21.78,
            "equity": 4224854,
            "current_ratio": 107.25,
            "debt_ratio": 75.05,
            "inventory_turnover_ratio": 7.88,
            "account_receivable_turnover_ratio": 2.29,
            "reinvestment_rate": -16.95,
            "research_to_sale_ratio": 0.04,
            "price_fair": 18.9,
            "eps_avg_yearly": 0.54,
            "eps_latest_yearly": 0.6,
            "eps_growth_yearly": 189.49
        },
        "20191": {
            "year_quarter": 20191,
            "year": 2019,
            "quarter": 1,
            "eps": 0.11,
            "eps_growth_year": -26.67,
            "eps_4q": 0.57,
            "eps_4q_growth_year": 68.9,
            "roe": 0.49,
            "roe_4q": 2.61,
            "gross_profit": 99118,
            "gross_margin": 2.09,
            "gross_margin_4q_avg": 1.78,
            "net_income": 20901,
            "revenue": 4735212,
            "common_shares": 2000000,
            "book_valuer_per_share": 22.1,
            "book_valuer_per_share_4q_avg": 21.88,
            "equity": 4269273,
            "current_ratio": 109.16,
            "debt_ratio": 72.67,
            "inventory_turnover_ratio": 9.59,
            "account_receivable_turnover_ratio": 1.98,
            "reinvestment_rate": -50.73,
            "research_to_sale_ratio": 0.05,
            "price_fair": 18.46,
            "eps_avg_yearly": 0.53,
            "eps_latest_yearly": 0.44,
            "eps_growth_yearly": 197.82
        },
        "20192": {
            "year_quarter": 20192,
            "year": 2019,
            "quarter": 2,
            "eps": 0.15,
            "eps_growth_year": 0,
            "eps_4q": 0.57,
            "eps_4q_growth_year": 31.51,
            "roe": 0.67,
            "roe_4q": 2.6100000000000003,
            "gross_profit": 91129,
            "gross_margin": 2.01,
            "gross_margin_4q_avg": 1.91,
            "net_income": 28301,
            "revenue": 4527099,
            "common_shares": 2000000,
            "book_valuer_per_share": 21.72,
            "book_valuer_per_share_4q_avg": 21.89,
            "equity": 4195856,
            "current_ratio": 109.32,
            "debt_ratio": 72.93,
            "inventory_turnover_ratio": 10.34,
            "account_receivable_turnover_ratio": 2.29,
            "reinvestment_rate": -57.71,
            "research_to_sale_ratio": 0.04,
            "price_fair": 17.41,
            "eps_avg_yearly": 0.5,
            "eps_latest_yearly": 0.6,
            "eps_growth_yearly": 189.72
        },
        "20193": {
            "year_quarter": 20193,
            "year": 2019,
            "quarter": 3,
            "eps": 0.15,
            "eps_growth_year": -6.25,
            "eps_4q": 0.55,
            "eps_4q_growth_year": 3.55,
            "roe": 0.67,
            "roe_4q": 2.52,
            "gross_profit": 94631,
            "gross_margin": 2.88,
            "gross_margin_4q_avg": 2.18,
            "net_income": 28054,
            "revenue": 3289039,
            "common_shares": 2000000,
            "book_valuer_per_share": 21.68,
            "book_valuer_per_share_4q_avg": 21.84,
            "equity": 4188836,
            "current_ratio": 109.63,
            "debt_ratio": 72.61,
            "inventory_turnover_ratio": 6.76,
            "account_receivable_turnover_ratio": 1.74,
            "reinvestment_rate": -79.54,
            "research_to_sale_ratio": 0.07,
            "price_fair": 16.63,
            "eps_avg_yearly": 0.48,
            "eps_latest_yearly": 0.6,
            "eps_growth_yearly": 192.5
        },
        "20194": {
            "year_quarter": 20194,
            "year": 2019,
            "quarter": 4,
            "eps": 0.42,
            "eps_growth_year": 175.61,
            "eps_4q": 0.82,
            "eps_4q_growth_year": 34.05,
            "roe": 1.9,
            "roe_4q": 3.7299999999999995,
            "gross_profit": 115238,
            "gross_margin": 2.77,
            "gross_margin_4q_avg": 2.44,
            "net_income": 80361,
            "revenue": 4154854,
            "common_shares": 2000000,
            "book_valuer_per_share": 22.2,
            "book_valuer_per_share_4q_avg": 21.93,
            "equity": 4288946,
            "current_ratio": 109.7,
            "debt_ratio": 70.26,
            "inventory_turnover_ratio": 8.29,
            "account_receivable_turnover_ratio": 2.71,
            "reinvestment_rate": -78.38,
            "research_to_sale_ratio": 0.05,
            "price_fair": 18.29,
            "eps_avg_yearly": 0.52,
            "eps_latest_yearly": 1.68,
            "eps_growth_yearly": 238.54
        },
        "20201": {
            "year_quarter": 20201,
            "year": 2020,
            "quarter": 1,
            "eps": 0.21,
            "eps_growth_year": 90.91,
            "eps_4q": 0.91,
            "eps_4q_growth_year": 60.77,
            "roe": 0.93,
            "roe_4q": 4.17,
            "gross_profit": 113627,
            "gross_margin": 3.61,
            "gross_margin_4q_avg": 2.82,
            "net_income": 39874,
            "revenue": 3151884,
            "common_shares": 2000000,
            "book_valuer_per_share": 22.01,
            "book_valuer_per_share_4q_avg": 21.9,
            "equity": 4253057,
            "current_ratio": 108.33,
            "debt_ratio": 70.98,
            "inventory_turnover_ratio": 4.93,
            "account_receivable_turnover_ratio": 2.4,
            "reinvestment_rate": -45.24,
            "research_to_sale_ratio": 0.08,
            "price_fair": 19.08,
            "eps_avg_yearly": 0.55,
            "eps_latest_yearly": 0.84,
            "eps_growth_yearly": 238
        },
        "20202": {
            "year_quarter": 20202,
            "year": 2020,
            "quarter": 2,
            "eps": 1.44,
            "eps_growth_year": 860,
            "eps_4q": 2.2,
            "eps_4q_growth_year": 286.62,
            "roe": 6.39,
            "roe_4q": 9.889999999999999,
            "gross_profit": 139268,
            "gross_margin": 4.26,
            "gross_margin_4q_avg": 3.38,
            "net_income": 277447,
            "revenue": 3272441,
            "common_shares": 2000000,
            "book_valuer_per_share": 22.93,
            "book_valuer_per_share_4q_avg": 22.21,
            "equity": 4430797,
            "current_ratio": 113.19,
            "debt_ratio": 70.35,
            "inventory_turnover_ratio": 4.34,
            "account_receivable_turnover_ratio": 2.23,
            "reinvestment_rate": -44.92,
            "research_to_sale_ratio": 0.17,
            "price_fair": 30.54,
            "eps_avg_yearly": 0.87,
            "eps_latest_yearly": 5.76,
            "eps_growth_yearly": 382.34
        },
        "20203": {
            "year_quarter": 20203,
            "year": 2020,
            "quarter": 3,
            "eps": 0.55,
            "eps_growth_year": 266.67,
            "eps_4q": 2.61,
            "eps_4q_growth_year": 373.64,
            "roe": 2.37,
            "roe_4q": 11.59,
            "gross_profit": 136717,
            "gross_margin": 4.57,
            "gross_margin_4q_avg": 3.8,
            "net_income": 106340,
            "revenue": 2993034,
            "common_shares": 2000000,
            "book_valuer_per_share": 23.47,
            "book_valuer_per_share_4q_avg": 22.65,
            "equity": 4534125,
            "current_ratio": 114.94,
            "debt_ratio": 69.28,
            "inventory_turnover_ratio": 3.97,
            "account_receivable_turnover_ratio": 2.35,
            "reinvestment_rate": -36.03,
            "research_to_sale_ratio": 0.21,
            "price_fair": 34.39,
            "eps_avg_yearly": 0.98,
            "eps_latest_yearly": 2.2,
            "eps_growth_yearly": 370.74
        },
        "20204": {
            "year_quarter": 20204,
            "year": 2020,
            "quarter": 4,
            "eps": 1.07,
            "eps_growth_year": 157.64,
            "eps_4q": 3.26,
            "eps_4q_growth_year": 300.15,
            "roe": 4.43,
            "roe_4q": 14.12,
            "gross_profit": 254550,
            "gross_margin": 6.66,
            "gross_margin_4q_avg": 4.78,
            "net_income": 207040,
            "revenue": 3824810,
            "common_shares": 2000000,
            "book_valuer_per_share": 24.88,
            "book_valuer_per_share_4q_avg": 23.32,
            "equity": 4807058,
            "current_ratio": 118.98,
            "debt_ratio": 67.35,
            "inventory_turnover_ratio": 4.94,
            "account_receivable_turnover_ratio": 3.62,
            "reinvestment_rate": -29.85,
            "research_to_sale_ratio": 0.21,
            "price_fair": 43.66,
            "eps_avg_yearly": 1.25,
            "eps_latest_yearly": 4.28,
            "eps_growth_yearly": 417.1
        },
        "20211": {
            "year_quarter": 20211,
            "year": 2021,
            "quarter": 1,
            "eps": 0.39,
            "eps_growth_year": 85.71,
            "eps_4q": 3.33,
            "eps_4q_growth_year": 264.55,
            "roe": 1.51,
            "roe_4q": 14.7,
            "gross_profit": 258224,
            "gross_margin": 7.3,
            "gross_margin_4q_avg": 5.7,
            "net_income": 75607,
            "revenue": 3538437,
            "common_shares": 2000000,
            "book_valuer_per_share": 25.9,
            "book_valuer_per_share_4q_avg": 24.3,
            "equity": 5180680,
            "current_ratio": 124.17,
            "debt_ratio": 65.8,
            "inventory_turnover_ratio": 4.4,
            "account_receivable_turnover_ratio": 2.88,
            "reinvestment_rate": -19.81,
            "research_to_sale_ratio": 0.14,
            "price_fair": 46.29,
            "eps_avg_yearly": 1.32,
            "eps_latest_yearly": 1.56,
            "eps_growth_yearly": 201.21
        },
        "20212": {
            "year_quarter": 20212,
            "year": 2021,
            "quarter": 2,
            "eps": 0.44,
            "eps_growth_year": -69.44,
            "eps_4q": 2.38,
            "eps_4q_growth_year": 8.2,
            "roe": 1.74,
            "roe_4q": 10.05,
            "gross_profit": 119079,
            "gross_margin": 3.4,
            "gross_margin_4q_avg": 5.48,
            "net_income": 87870,
            "revenue": 3500605,
            "common_shares": 2000000,
            "book_valuer_per_share": 24.53,
            "book_valuer_per_share_4q_avg": 24.7,
            "equity": 4906371,
            "current_ratio": 121.1,
            "debt_ratio": 66.59,
            "inventory_turnover_ratio": 3.69,
            "account_receivable_turnover_ratio": 2.8,
            "reinvestment_rate": -20.98,
            "research_to_sale_ratio": 0.12,
            "price_fair": 49.7,
            "eps_avg_yearly": 1.42,
            "eps_latest_yearly": 1.76,
            "eps_growth_yearly": 215.53
        },
        "20213": {
            "year_quarter": 20213,
            "year": 2021,
            "quarter": 3,
            "eps": 0.62,
            "eps_growth_year": 12.73,
            "eps_4q": 2.48,
            "eps_4q_growth_year": -5.06,
            "roe": 2.52,
            "roe_4q": 10.2,
            "gross_profit": 218324,
            "gross_margin": 5.19,
            "gross_margin_4q_avg": 5.64,
            "net_income": 124869,
            "revenue": 4205969,
            "common_shares": 2000000,
            "book_valuer_per_share": 24.92,
            "book_valuer_per_share_4q_avg": 25.06,
            "equity": 4984636,
            "current_ratio": 121.32,
            "debt_ratio": 66.86,
            "inventory_turnover_ratio": 3.48,
            "account_receivable_turnover_ratio": 3.27,
            "reinvestment_rate": -23.13,
            "research_to_sale_ratio": 0.14,
            "price_fair": 54.51,
            "eps_avg_yearly": 1.56,
            "eps_latest_yearly": 2.48,
            "eps_growth_yearly": 215.76
        },
        "20214": {
            "year_quarter": 20214,
            "year": 2021,
            "quarter": 4,
            "eps": 1.03,
            "eps_growth_year": -4.03,
            "eps_4q": 2.47,
            "eps_4q_growth_year": -24.33,
            "roe": 4.05,
            "roe_4q": 9.82,
            "gross_profit": 334322,
            "gross_margin": 7.07,
            "gross_margin_4q_avg": 5.74,
            "net_income": 205698,
            "revenue": 4726040,
            "common_shares": 2000000,
            "book_valuer_per_share": 25.92,
            "book_valuer_per_share_4q_avg": 25.32,
            "equity": 5183511,
            "current_ratio": 127.26,
            "debt_ratio": 62.72,
            "inventory_turnover_ratio": 3.88,
            "account_receivable_turnover_ratio": 3.43,
            "reinvestment_rate": -24.45,
            "research_to_sale_ratio": 0.13,
            "price_fair": 62.91,
            "eps_avg_yearly": 1.8,
            "eps_latest_yearly": 4.12,
            "eps_growth_yearly": 232.29
        },
        "20221": {
            "year_quarter": 20221,
            "year": 2022,
            "quarter": 1,
            "eps": 0.55,
            "eps_growth_year": 41.03,
            "eps_4q": 2.64,
            "eps_4q_growth_year": -20.85,
            "roe": 2.07,
            "roe_4q": 10.379999999999999,
            "gross_profit": 180250,
            "gross_margin": 4,
            "gross_margin_4q_avg": 4.92,
            "net_income": 109016,
            "revenue": 4505119,
            "common_shares": 2000000,
            "book_valuer_per_share": 26.71,
            "book_valuer_per_share_4q_avg": 25.52,
            "equity": 5341302,
            "current_ratio": 124.92,
            "debt_ratio": 62.83,
            "inventory_turnover_ratio": 4.61,
            "account_receivable_turnover_ratio": 3.3,
            "reinvestment_rate": -4.56,
            "research_to_sale_ratio": 0.08,
            "price_fair": 66.41,
            "eps_avg_yearly": 1.9,
            "eps_latest_yearly": 2.2,
            "eps_growth_yearly": 192.07
        },
        "20222": {
            "year_quarter": 20222,
            "year": 2022,
            "quarter": 2,
            "eps": 0.53,
            "eps_growth_year": 20.45,
            "eps_4q": 2.72,
            "eps_4q_growth_year": 14.28,
            "roe": 2.06,
            "roe_4q": 10.7,
            "gross_profit": 174706,
            "gross_margin": 4,
            "gross_margin_4q_avg": 5.07,
            "net_income": 105384,
            "revenue": 4368306,
            "common_shares": 2000000,
            "book_valuer_per_share": 24.48,
            "book_valuer_per_share_4q_avg": 25.51,
            "equity": 4896364,
            "current_ratio": 118.19,
            "debt_ratio": 67.3,
            "inventory_turnover_ratio": 4.55,
            "account_receivable_turnover_ratio": 3.43,
            "reinvestment_rate": -7.56,
            "research_to_sale_ratio": 0.08,
            "price_fair": 69.74,
            "eps_avg_yearly": 1.99,
            "eps_latest_yearly": 2.12,
            "eps_growth_yearly": 191.16
        },
        "20223": {
            "year_quarter": 20223,
            "year": 2022,
            "quarter": 3,
            "eps": 0.72,
            "eps_growth_year": 16.13,
            "eps_4q": 2.82,
            "eps_4q_growth_year": 13.89,
            "roe": 2.9,
            "roe_4q": 11.079999999999998,
            "gross_profit": 175231,
            "gross_margin": 3.39,
            "gross_margin_4q_avg": 4.62,
            "net_income": 144085,
            "revenue": 5163173,
            "common_shares": 2000000,
            "book_valuer_per_share": 25.12,
            "book_valuer_per_share_4q_avg": 25.56,
            "equity": 5023384,
            "current_ratio": 119.33,
            "debt_ratio": 66.9,
            "inventory_turnover_ratio": 5.01,
            "account_receivable_turnover_ratio": 2.94,
            "reinvestment_rate": -7.93,
            "research_to_sale_ratio": 0.06,
            "price_fair": 74.64,
            "eps_avg_yearly": 2.13,
            "eps_latest_yearly": 2.88,
            "eps_growth_yearly": 198.45
        },
        "20224": {
            "year_quarter": 20224,
            "year": 2022,
            "quarter": 4,
            "eps": 0.6,
            "eps_growth_year": -41.45,
            "eps_4q": 2.39,
            "eps_4q_growth_year": -3.06,
            "roe": 2.34,
            "roe_4q": 9.370000000000001,
            "gross_profit": 431817,
            "gross_margin": 8.1,
            "gross_margin_4q_avg": 4.87,
            "net_income": 120446,
            "revenue": 5327860,
            "common_shares": 2000000,
            "book_valuer_per_share": 26.27,
            "book_valuer_per_share_4q_avg": 25.65,
            "equity": 5253169,
            "current_ratio": 137.96,
            "debt_ratio": 60.68,
            "inventory_turnover_ratio": 5.38,
            "account_receivable_turnover_ratio": 3.02,
            "reinvestment_rate": -6.57,
            "research_to_sale_ratio": 0.12,
            "price_fair": 78.58,
            "eps_avg_yearly": 2.25,
            "eps_latest_yearly": 2.4,
            "eps_growth_yearly": 195.85
        },
        "20231": {
            "year_quarter": 20231,
            "year": 2023,
            "quarter": 1,
            "eps": 0.48,
            "eps_growth_year": -12.73,
            "eps_4q": 2.33,
            "eps_4q_growth_year": -11.56,
            "roe": 1.82,
            "roe_4q": 9.120000000000001,
            "gross_profit": 197018,
            "gross_margin": 4.03,
            "gross_margin_4q_avg": 4.88,
            "net_income": 96588,
            "revenue": 4883572,
            "common_shares": 2000000,
            "book_valuer_per_share": 26.89,
            "book_valuer_per_share_4q_avg": 25.69,
            "equity": 5378902,
            "current_ratio": 137.13,
            "debt_ratio": 59.09,
            "inventory_turnover_ratio": 6.28,
            "account_receivable_turnover_ratio": 3.71,
            "reinvestment_rate": 11.26,
            "research_to_sale_ratio": 0.06,
            "price_fair": 81.81,
            "eps_avg_yearly": 2.34,
            "eps_latest_yearly": 1.92,
            "eps_growth_yearly": 197.52
        }
    },
    "months": {
        "2001-06": {
            "month": "2001-06",
            "price": "17.42",
            "revenue": 427491
        },
        "2001-07": {
            "month": "2001-07",
            "price": "14.56",
            "revenue": 569549
        },
        "2001-08": {
            "month": "2001-08",
            "price": "14.49",
            "revenue": 474098
        },
        "2001-09": {
            "month": "2001-09",
            "price": "14.56",
            "revenue": 409247
        },
        "2001-10": {
            "month": "2001-10",
            "price": "14.20",
            "revenue": 338511
        },
        "2001-11": {
            "month": "2001-11",
            "price": "14.52",
            "revenue": 478647
        },
        "2001-12": {
            "month": "2001-12",
            "price": "15.63",
            "revenue": 550044
        },
        "2002-01": {
            "month": "2002-01",
            "price": "15.86",
            "revenue": 402399
        },
        "2002-02": {
            "month": "2002-02",
            "price": "16.70",
            "revenue": 423220
        },
        "2002-03": {
            "month": "2002-03",
            "price": "16.98",
            "revenue": 424534
        },
        "2002-04": {
            "month": "2002-04",
            "price": "17.22",
            "revenue": 439864
        },
        "2002-05": {
            "month": "2002-05",
            "price": "16.02",
            "revenue": 488406
        },
        "2002-06": {
            "month": "2002-06",
            "price": "16.46",
            "revenue": 382935
        },
        "2002-07": {
            "month": "2002-07",
            "price": "15.87",
            "revenue": 435524
        },
        "2002-08": {
            "month": "2002-08",
            "price": "14.72",
            "revenue": 529858
        },
        "2002-09": {
            "month": "2002-09",
            "price": "13.73",
            "revenue": 536596
        },
        "2002-10": {
            "month": "2002-10",
            "price": "13.36",
            "revenue": 503322
        },
        "2002-11": {
            "month": "2002-11",
            "price": "14.49",
            "revenue": 547586
        },
        "2002-12": {
            "month": "2002-12",
            "price": "14.59",
            "revenue": 690574
        },
        "2003-01": {
            "month": "2003-01",
            "price": "18.06",
            "revenue": 610176
        },
        "2003-02": {
            "month": "2003-02",
            "price": "16.45",
            "revenue": 490164
        },
        "2003-03": {
            "month": "2003-03",
            "price": "14.55",
            "revenue": 511097
        },
        "2003-04": {
            "month": "2003-04",
            "price": "14.17",
            "revenue": 500373
        },
        "2003-05": {
            "month": "2003-05",
            "price": "12.82",
            "revenue": 496260
        },
        "2003-06": {
            "month": "2003-06",
            "price": "14.37",
            "revenue": 483711
        },
        "2003-07": {
            "month": "2003-07",
            "price": "15.10",
            "revenue": 520708
        },
        "2003-08": {
            "month": "2003-08",
            "price": "14.19",
            "revenue": 541556
        },
        "2003-09": {
            "month": "2003-09",
            "price": "13.90",
            "revenue": 511470
        },
        "2003-10": {
            "month": "2003-10",
            "price": "14.22",
            "revenue": 532409
        },
        "2003-11": {
            "month": "2003-11",
            "price": "14.08",
            "revenue": 520004
        },
        "2003-12": {
            "month": "2003-12",
            "price": "14.18",
            "revenue": 771423
        },
        "2004-01": {
            "month": "2004-01",
            "price": "16.56",
            "revenue": 543309
        },
        "2004-02": {
            "month": "2004-02",
            "price": "18.74",
            "revenue": 435669
        },
        "2004-03": {
            "month": "2004-03",
            "price": "19.97",
            "revenue": 700889
        },
        "2004-04": {
            "month": "2004-04",
            "price": "17.68",
            "revenue": 752086
        },
        "2004-05": {
            "month": "2004-05",
            "price": "14.92",
            "revenue": 858177
        },
        "2004-06": {
            "month": "2004-06",
            "price": "14.97",
            "revenue": 818695
        },
        "2004-07": {
            "month": "2004-07",
            "price": "15.99",
            "revenue": 793094
        },
        "2004-08": {
            "month": "2004-08",
            "price": "15.21",
            "revenue": 1062882
        },
        "2004-09": {
            "month": "2004-09",
            "price": "18.23",
            "revenue": 1059636
        },
        "2004-10": {
            "month": "2004-10",
            "price": "18.00",
            "revenue": 709185
        },
        "2004-11": {
            "month": "2004-11",
            "price": "16.38",
            "revenue": 870800
        },
        "2004-12": {
            "month": "2004-12",
            "price": "16.73",
            "revenue": 876810
        },
        "2005-01": {
            "month": "2005-01",
            "price": "16.65",
            "revenue": 942577
        },
        "2005-02": {
            "month": "2005-02",
            "price": "16.55",
            "revenue": 738303
        },
        "2005-03": {
            "month": "2005-03",
            "price": "15.90",
            "revenue": 908075
        },
        "2005-04": {
            "month": "2005-04",
            "price": "15.12",
            "revenue": 890623
        },
        "2005-05": {
            "month": "2005-05",
            "price": "14.68",
            "revenue": 759772
        },
        "2005-06": {
            "month": "2005-06",
            "price": "15.01",
            "revenue": 599330
        },
        "2005-07": {
            "month": "2005-07",
            "price": "14.88",
            "revenue": 530668
        },
        "2005-08": {
            "month": "2005-08",
            "price": "14.65",
            "revenue": 563240
        },
        "2005-09": {
            "month": "2005-09",
            "price": "13.16",
            "revenue": 678776
        },
        "2005-10": {
            "month": "2005-10",
            "price": "12.72",
            "revenue": 726007
        },
        "2005-11": {
            "month": "2005-11",
            "price": "12.73",
            "revenue": 864299
        },
        "2005-12": {
            "month": "2005-12",
            "price": "12.90",
            "revenue": 1026953
        },
        "2006-01": {
            "month": "2006-01",
            "price": "12.91",
            "revenue": 853681
        },
        "2006-02": {
            "month": "2006-02",
            "price": "13.11",
            "revenue": 564861
        },
        "2006-03": {
            "month": "2006-03",
            "price": "12.70",
            "revenue": 704976
        },
        "2006-04": {
            "month": "2006-04",
            "price": "13.70",
            "revenue": 652703
        },
        "2006-05": {
            "month": "2006-05",
            "price": "14.79",
            "revenue": 637845
        },
        "2006-06": {
            "month": "2006-06",
            "price": "13.49",
            "revenue": 783466
        },
        "2006-07": {
            "month": "2006-07",
            "price": "13.37",
            "revenue": 603797
        },
        "2006-08": {
            "month": "2006-08",
            "price": "13.06",
            "revenue": 748373
        },
        "2006-09": {
            "month": "2006-09",
            "price": "13.23",
            "revenue": 802145
        },
        "2006-10": {
            "month": "2006-10",
            "price": "14.30",
            "revenue": 843583
        },
        "2006-11": {
            "month": "2006-11",
            "price": "14.78",
            "revenue": 1194496
        },
        "2006-12": {
            "month": "2006-12",
            "price": "15.56",
            "revenue": 1104238
        },
        "2007-01": {
            "month": "2007-01",
            "price": "15.69",
            "revenue": 897154
        },
        "2007-02": {
            "month": "2007-02",
            "price": "15.61",
            "revenue": 695570
        },
        "2007-03": {
            "month": "2007-03",
            "price": "15.44",
            "revenue": 942738
        },
        "2007-04": {
            "month": "2007-04",
            "price": "17.75",
            "revenue": 763290
        },
        "2007-05": {
            "month": "2007-05",
            "price": "17.64",
            "revenue": 826405
        },
        "2007-06": {
            "month": "2007-06",
            "price": "17.64",
            "revenue": 866481
        },
        "2007-07": {
            "month": "2007-07",
            "price": "20.30",
            "revenue": 794575
        },
        "2007-08": {
            "month": "2007-08",
            "price": "18.81",
            "revenue": 866485
        },
        "2007-09": {
            "month": "2007-09",
            "price": "19.41",
            "revenue": 880201
        },
        "2007-10": {
            "month": "2007-10",
            "price": "19.72",
            "revenue": 948874
        },
        "2007-11": {
            "month": "2007-11",
            "price": "18.27",
            "revenue": 921840
        },
        "2007-12": {
            "month": "2007-12",
            "price": "18.19",
            "revenue": 993363
        },
        "2008-01": {
            "month": "2008-01",
            "price": "17.96",
            "revenue": 988950
        },
        "2008-02": {
            "month": "2008-02",
            "price": "18.46",
            "revenue": 918096
        },
        "2008-03": {
            "month": "2008-03",
            "price": "19.16",
            "revenue": 1500866
        },
        "2008-04": {
            "month": "2008-04",
            "price": "21.56",
            "revenue": 1643976
        },
        "2008-05": {
            "month": "2008-05",
            "price": "26.78",
            "revenue": 1416999
        },
        "2008-06": {
            "month": "2008-06",
            "price": "23.96",
            "revenue": 1439289
        },
        "2008-07": {
            "month": "2008-07",
            "price": "21.38",
            "revenue": 1353690
        },
        "2008-08": {
            "month": "2008-08",
            "price": "17.55",
            "revenue": 1404871
        },
        "2008-09": {
            "month": "2008-09",
            "price": "15.00",
            "revenue": 1230556
        },
        "2008-10": {
            "month": "2008-10",
            "price": "13.24",
            "revenue": 1114635
        },
        "2008-11": {
            "month": "2008-11",
            "price": "12.84",
            "revenue": 1009183
        },
        "2008-12": {
            "month": "2008-12",
            "price": "13.03",
            "revenue": 1002336
        },
        "2009-01": {
            "month": "2009-01",
            "price": "13.08",
            "revenue": 942835
        },
        "2009-02": {
            "month": "2009-02",
            "price": "13.02",
            "revenue": 734102
        },
        "2009-03": {
            "month": "2009-03",
            "price": "13.74",
            "revenue": 596183
        },
        "2009-04": {
            "month": "2009-04",
            "price": "17.14",
            "revenue": 584254
        },
        "2009-05": {
            "month": "2009-05",
            "price": "18.34",
            "revenue": 649183
        },
        "2009-06": {
            "month": "2009-06",
            "price": "19.06",
            "revenue": 671978
        },
        "2009-07": {
            "month": "2009-07",
            "price": "19.09",
            "revenue": 722085
        },
        "2009-08": {
            "month": "2009-08",
            "price": "23.28",
            "revenue": 565842
        },
        "2009-09": {
            "month": "2009-09",
            "price": "24.74",
            "revenue": 553641
        },
        "2009-10": {
            "month": "2009-10",
            "price": "24.78",
            "revenue": 789151
        },
        "2009-11": {
            "month": "2009-11",
            "price": "23.48",
            "revenue": 687372
        },
        "2009-12": {
            "month": "2009-12",
            "price": "24.16",
            "revenue": 1231877
        },
        "2010-01": {
            "month": "2010-01",
            "price": "26.30",
            "revenue": 590274
        },
        "2010-02": {
            "month": "2010-02",
            "price": "22.85",
            "revenue": 476434
        },
        "2010-03": {
            "month": "2010-03",
            "price": "23.30",
            "revenue": 772631
        },
        "2010-04": {
            "month": "2010-04",
            "price": "24.10",
            "revenue": 811853
        },
        "2010-05": {
            "month": "2010-05",
            "price": "22.81",
            "revenue": 830267
        },
        "2010-06": {
            "month": "2010-06",
            "price": "22.33",
            "revenue": 840334
        },
        "2010-07": {
            "month": "2010-07",
            "price": "22.78",
            "revenue": 741538
        },
        "2010-08": {
            "month": "2010-08",
            "price": "22.50",
            "revenue": 724951
        },
        "2010-09": {
            "month": "2010-09",
            "price": "22.79",
            "revenue": 679985
        },
        "2010-10": {
            "month": "2010-10",
            "price": "22.77",
            "revenue": 720708
        },
        "2010-11": {
            "month": "2010-11",
            "price": "23.11",
            "revenue": 844849
        },
        "2010-12": {
            "month": "2010-12",
            "price": "23.83",
            "revenue": 1292545
        },
        "2011-01": {
            "month": "2011-01",
            "price": "25.65",
            "revenue": 794315
        },
        "2011-02": {
            "month": "2011-02",
            "price": "27.62",
            "revenue": 639822
        },
        "2011-03": {
            "month": "2011-03",
            "price": "28.95",
            "revenue": 1243126
        },
        "2011-04": {
            "month": "2011-04",
            "price": "30.56",
            "revenue": 1292827
        },
        "2011-05": {
            "month": "2011-05",
            "price": "29.49",
            "revenue": 926210
        },
        "2011-06": {
            "month": "2011-06",
            "price": "28.18",
            "revenue": 1406961
        },
        "2011-07": {
            "month": "2011-07",
            "price": "28.65",
            "revenue": 1466862
        },
        "2011-08": {
            "month": "2011-08",
            "price": "26.90",
            "revenue": 1221262
        },
        "2011-09": {
            "month": "2011-09",
            "price": "26.85",
            "revenue": 1298057
        },
        "2011-10": {
            "month": "2011-10",
            "price": "27.66",
            "revenue": 982069
        },
        "2011-11": {
            "month": "2011-11",
            "price": "27.22",
            "revenue": 1050867
        },
        "2011-12": {
            "month": "2011-12",
            "price": "26.75",
            "revenue": 1357401
        },
        "2012-01": {
            "month": "2012-01",
            "price": "26.89",
            "revenue": 1036241
        },
        "2012-02": {
            "month": "2012-02",
            "price": "28.65",
            "revenue": 1195591
        },
        "2012-03": {
            "month": "2012-03",
            "price": "29.87",
            "revenue": 1321909
        },
        "2012-04": {
            "month": "2012-04",
            "price": "30.25",
            "revenue": 1205245
        },
        "2012-05": {
            "month": "2012-05",
            "price": "30.14",
            "revenue": 1072461
        },
        "2012-06": {
            "month": "2012-06",
            "price": "30.28",
            "revenue": 1230336
        },
        "2012-07": {
            "month": "2012-07",
            "price": "30.18",
            "revenue": 1136688
        },
        "2012-08": {
            "month": "2012-08",
            "price": "28.46",
            "revenue": 1027537
        },
        "2012-09": {
            "month": "2012-09",
            "price": "29.00",
            "revenue": 1164848
        },
        "2012-10": {
            "month": "2012-10",
            "price": "29.00",
            "revenue": 1200946
        },
        "2012-11": {
            "month": "2012-11",
            "price": "29.14",
            "revenue": 1554100
        },
        "2012-12": {
            "month": "2012-12",
            "price": "29.99",
            "revenue": 1878471
        },
        "2013-01": {
            "month": "2013-01",
            "price": "31.72",
            "revenue": 1927185
        },
        "2013-02": {
            "month": "2013-02",
            "price": "32.24",
            "revenue": 1182100
        },
        "2013-03": {
            "month": "2013-03",
            "price": "34.01",
            "revenue": 1601576
        },
        "2013-04": {
            "month": "2013-04",
            "price": "35.86",
            "revenue": 1703429
        },
        "2013-05": {
            "month": "2013-05",
            "price": "37.24",
            "revenue": 1728163
        },
        "2013-06": {
            "month": "2013-06",
            "price": "38.63",
            "revenue": 1845980
        },
        "2013-07": {
            "month": "2013-07",
            "price": "37.05",
            "revenue": 1906275
        },
        "2013-08": {
            "month": "2013-08",
            "price": "35.26",
            "revenue": 1602626
        },
        "2013-09": {
            "month": "2013-09",
            "price": "35.55",
            "revenue": 1667822
        },
        "2013-10": {
            "month": "2013-10",
            "price": "36.00",
            "revenue": 1523640
        },
        "2013-11": {
            "month": "2013-11",
            "price": "35.56",
            "revenue": 1458692
        },
        "2013-12": {
            "month": "2013-12",
            "price": "34.41",
            "revenue": 1420028
        },
        "2014-01": {
            "month": "2014-01",
            "price": "34.14",
            "revenue": 1637528
        },
        "2014-02": {
            "month": "2014-02",
            "price": "33.99",
            "revenue": 1301524
        },
        "2014-03": {
            "month": "2014-03",
            "price": "33.84",
            "revenue": 1406219
        },
        "2014-04": {
            "month": "2014-04",
            "price": "33.74",
            "revenue": 1651761
        },
        "2014-05": {
            "month": "2014-05",
            "price": "31.57",
            "revenue": 1420704
        },
        "2014-06": {
            "month": "2014-06",
            "price": "31.24",
            "revenue": 1525782
        },
        "2014-07": {
            "month": "2014-07",
            "price": "30.17",
            "revenue": 1374372
        },
        "2014-08": {
            "month": "2014-08",
            "price": "28.98",
            "revenue": 1370149
        },
        "2014-09": {
            "month": "2014-09",
            "price": "28.79",
            "revenue": 1278314
        },
        "2014-10": {
            "month": "2014-10",
            "price": "28.02",
            "revenue": 1312137
        },
        "2014-11": {
            "month": "2014-11",
            "price": "26.21",
            "revenue": 1296603
        },
        "2014-12": {
            "month": "2014-12",
            "price": "26.61",
            "revenue": 1707679
        },
        "2015-01": {
            "month": "2015-01",
            "price": "27.58",
            "revenue": 1539782
        },
        "2015-02": {
            "month": "2015-02",
            "price": "27.13",
            "revenue": 1289623
        },
        "2015-03": {
            "month": "2015-03",
            "price": "26.73",
            "revenue": 1324238
        },
        "2015-04": {
            "month": "2015-04",
            "price": "26.58",
            "revenue": 1363194
        },
        "2015-05": {
            "month": "2015-05",
            "price": "26.21",
            "revenue": 1351808
        },
        "2015-06": {
            "month": "2015-06",
            "price": "23.51",
            "revenue": 912309
        },
        "2015-07": {
            "month": "2015-07",
            "price": "21.19",
            "revenue": 1201025
        },
        "2015-08": {
            "month": "2015-08",
            "price": "18.50",
            "revenue": 1081370
        },
        "2015-09": {
            "month": "2015-09",
            "price": "18.87",
            "revenue": 1076918
        },
        "2015-10": {
            "month": "2015-10",
            "price": "19.61",
            "revenue": 1311266
        },
        "2015-11": {
            "month": "2015-11",
            "price": "19.10",
            "revenue": 1625686
        },
        "2015-12": {
            "month": "2015-12",
            "price": "18.94",
            "revenue": 1582918
        },
        "2016-01": {
            "month": "2016-01",
            "price": "18.78",
            "revenue": 1566052
        },
        "2016-02": {
            "month": "2016-02",
            "price": "22.99",
            "revenue": 1057757
        },
        "2016-03": {
            "month": "2016-03",
            "price": "24.01",
            "revenue": 1095341
        },
        "2016-04": {
            "month": "2016-04",
            "price": "23.56",
            "revenue": 1272589
        },
        "2016-05": {
            "month": "2016-05",
            "price": "21.32",
            "revenue": 1283997
        },
        "2016-06": {
            "month": "2016-06",
            "price": "21.05",
            "revenue": 1456504
        },
        "2016-07": {
            "month": "2016-07",
            "price": "21.53",
            "revenue": 1603503
        },
        "2016-08": {
            "month": "2016-08",
            "price": "21.57",
            "revenue": 1772645
        },
        "2016-09": {
            "month": "2016-09",
            "price": "21.37",
            "revenue": 1595553
        },
        "2016-10": {
            "month": "2016-10",
            "price": "21.53",
            "revenue": 1445951
        },
        "2016-11": {
            "month": "2016-11",
            "price": "22.38",
            "revenue": 1447235
        },
        "2016-12": {
            "month": "2016-12",
            "price": "22.05",
            "revenue": 1509584
        },
        "2017-01": {
            "month": "2017-01",
            "price": "21.40",
            "revenue": 1376435
        },
        "2017-02": {
            "month": "2017-02",
            "price": "22.21",
            "revenue": 1311151
        },
        "2017-03": {
            "month": "2017-03",
            "price": "22.21",
            "revenue": 1555522
        },
        "2017-04": {
            "month": "2017-04",
            "price": "21.21",
            "revenue": 1261113
        },
        "2017-05": {
            "month": "2017-05",
            "price": "20.46",
            "revenue": 1419240
        },
        "2017-06": {
            "month": "2017-06",
            "price": "20.60",
            "revenue": 1447141
        },
        "2017-07": {
            "month": "2017-07",
            "price": "20.61",
            "revenue": 1516699
        },
        "2017-08": {
            "month": "2017-08",
            "price": "20.29",
            "revenue": 1339500
        },
        "2017-09": {
            "month": "2017-09",
            "price": "19.96",
            "revenue": 1276114
        },
        "2017-10": {
            "month": "2017-10",
            "price": "19.51",
            "revenue": 1232423
        },
        "2017-11": {
            "month": "2017-11",
            "price": "19.14",
            "revenue": 1261180
        },
        "2017-12": {
            "month": "2017-12",
            "price": "19.10",
            "revenue": 1507408
        },
        "2018-01": {
            "month": "2018-01",
            "price": "21.47",
            "revenue": 1500525
        },
        "2018-02": {
            "month": "2018-02",
            "price": "21.55",
            "revenue": 1158273
        },
        "2018-03": {
            "month": "2018-03",
            "price": "21.92",
            "revenue": 1308444
        },
        "2018-04": {
            "month": "2018-04",
            "price": "35.41",
            "revenue": 1833519
        },
        "2018-05": {
            "month": "2018-05",
            "price": "26.80",
            "revenue": 2069967
        },
        "2018-06": {
            "month": "2018-06",
            "price": "28.70",
            "revenue": 1800502
        },
        "2018-07": {
            "month": "2018-07",
            "price": "28.38",
            "revenue": 1786334
        },
        "2018-08": {
            "month": "2018-08",
            "price": "27.11",
            "revenue": 1710167
        },
        "2018-09": {
            "month": "2018-09",
            "price": "31.30",
            "revenue": 1501867
        },
        "2018-10": {
            "month": "2018-10",
            "price": "28.80",
            "revenue": 1667411
        },
        "2018-11": {
            "month": "2018-11",
            "price": "26.90",
            "revenue": 1739899
        },
        "2018-12": {
            "month": "2018-12",
            "price": "25.92",
            "revenue": 2284021
        },
        "2019-01": {
            "month": "2019-01",
            "price": "26.15",
            "revenue": 1765137
        },
        "2019-02": {
            "month": "2019-02",
            "price": "26.82",
            "revenue": 1295739
        },
        "2019-03": {
            "month": "2019-03",
            "price": "26.82",
            "revenue": 1674336
        },
        "2019-04": {
            "month": "2019-04",
            "price": "26.64",
            "revenue": 1803066
        },
        "2019-05": {
            "month": "2019-05",
            "price": "25.64",
            "revenue": 1256687
        },
        "2019-06": {
            "month": "2019-06",
            "price": "25.75",
            "revenue": 1467346
        },
        "2019-07": {
            "month": "2019-07",
            "price": "25.13",
            "revenue": 1077920
        },
        "2019-08": {
            "month": "2019-08",
            "price": "23.48",
            "revenue": 1211400
        },
        "2019-09": {
            "month": "2019-09",
            "price": "24.81",
            "revenue": 999719
        },
        "2019-10": {
            "month": "2019-10",
            "price": "25.21",
            "revenue": 998959
        },
        "2019-11": {
            "month": "2019-11",
            "price": "24.66",
            "revenue": 1260204
        },
        "2019-12": {
            "month": "2019-12",
            "price": "24.61",
            "revenue": 1895691
        },
        "2020-01": {
            "month": "2020-01",
            "price": "24.72",
            "revenue": 965765
        },
        "2020-02": {
            "month": "2020-02",
            "price": "23.69",
            "revenue": 933335
        },
        "2020-03": {
            "month": "2020-03",
            "price": "20.49",
            "revenue": 1252784
        },
        "2020-04": {
            "month": "2020-04",
            "price": "20.60",
            "revenue": 1108576
        },
        "2020-05": {
            "month": "2020-05",
            "price": "23.96",
            "revenue": 1082568
        },
        "2020-06": {
            "month": "2020-06",
            "price": "25.18",
            "revenue": 1081296
        },
        "2020-07": {
            "month": "2020-07",
            "price": "25.82",
            "revenue": 969747
        },
        "2020-08": {
            "month": "2020-08",
            "price": "28.12",
            "revenue": 972322
        },
        "2020-09": {
            "month": "2020-09",
            "price": "30.43",
            "revenue": 1050965
        },
        "2020-10": {
            "month": "2020-10",
            "price": "29.94",
            "revenue": 1162396
        },
        "2020-11": {
            "month": "2020-11",
            "price": "31.09",
            "revenue": 1417470
        },
        "2020-12": {
            "month": "2020-12",
            "price": "32.45",
            "revenue": 1244946
        },
        "2021-01": {
            "month": "2021-01",
            "price": "30.14",
            "revenue": 1230121
        },
        "2021-02": {
            "month": "2021-02",
            "price": "30.23",
            "revenue": 976157
        },
        "2021-03": {
            "month": "2021-03",
            "price": "41.34",
            "revenue": 1332159
        },
        "2021-04": {
            "month": "2021-04",
            "price": "46.51",
            "revenue": 1083852
        },
        "2021-05": {
            "month": "2021-05",
            "price": "42.82",
            "revenue": 1180440
        },
        "2021-06": {
            "month": "2021-06",
            "price": "43.28",
            "revenue": 1236313
        },
        "2021-07": {
            "month": "2021-07",
            "price": "44.71",
            "revenue": 1492706
        },
        "2021-08": {
            "month": "2021-08",
            "price": "54.09",
            "revenue": 1404325
        },
        "2021-09": {
            "month": "2021-09",
            "price": "67.70",
            "revenue": 1308938
        },
        "2021-10": {
            "month": "2021-10",
            "price": "58.24",
            "revenue": 1265021
        },
        "2021-11": {
            "month": "2021-11",
            "price": "53.65",
            "revenue": 1476407
        },
        "2021-12": {
            "month": "2021-12",
            "price": "57.31",
            "revenue": 1984612
        },
        "2022-01": {
            "month": "2022-01",
            "price": "60.93",
            "revenue": 1629998
        },
        "2022-02": {
            "month": "2022-02",
            "price": "60.52",
            "revenue": 1229818
        },
        "2022-03": {
            "month": "2022-03",
            "price": "58.44",
            "revenue": 1645303
        },
        "2022-04": {
            "month": "2022-04",
            "price": "57.58",
            "revenue": 1546719
        },
        "2022-05": {
            "month": "2022-05",
            "price": "56.21",
            "revenue": 1228386
        },
        "2022-06": {
            "month": "2022-06",
            "price": "57.23",
            "revenue": 1593202
        },
        "2022-07": {
            "month": "2022-07",
            "price": "52.90",
            "revenue": 1759432
        },
        "2022-08": {
            "month": "2022-08",
            "price": "58.72",
            "revenue": 1685690
        },
        "2022-09": {
            "month": "2022-09",
            "price": "55.64",
            "revenue": 1718050
        },
        "2022-10": {
            "month": "2022-10",
            "price": "53.41",
            "revenue": 1781226
        },
        "2022-11": {
            "month": "2022-11",
            "price": "55.78",
            "revenue": 1625204
        },
        "2022-12": {
            "month": "2022-12",
            "price": "58.54",
            "revenue": 1921430
        },
        "2023-01": {
            "month": "2023-01",
            "price": "59.37",
            "revenue": 1813168
        },
        "2023-02": {
            "month": "2023-02",
            "price": "58.90",
            "revenue": 1218226
        },
        "2023-03": {
            "month": "2023-03",
            "price": "59.31",
            "revenue": 1852178
        },
        "2023-04": {
            "month": "2023-04",
            "price": "58.01",
            "revenue": 1628616
        }
    }
}
