{
    "summary": {
        "stock_name": "中鴻",
        "stock_id": "2014",
        "category": "鋼鐵",
        "main_business": "鋼捲、鋼管",
        "website_url": "http://www.chsteel.com.tw",
        "ceo": "朱敏",
        "pe_ratio": -35,
        "report_year_from": 2001,
        "report_year_to": 2023,
        "age": 23,
        "eps_negative_percentage": 35,
        "eps_growth_avg": {
            "last_all": -35.61,
            "last_2y": 0,
            "last_4y": -33.33,
            "last_8y": -24.27,
            "last_12y": -24.45,
            "last_16y": -34.27,
            "last_20y": -35.61,
            "at_2006_last_3y": -40.07,
            "at_2007_last_3y": -50.4,
            "at_2008_last_3y": -82.36,
            "at_2009_last_3y": -73.54,
            "at_2010_last_3y": -73.54,
            "at_2011_last_3y": -100,
            "at_2012_last_3y": -100,
            "at_2013_last_3y": -100,
            "at_2014_last_3y": -25,
            "at_2015_last_3y": -25,
            "at_2016_last_3y": -25,
            "at_2017_last_3y": -4.04,
            "at_2018_last_3y": -15.21,
            "at_2019_last_3y": -15.21,
            "at_2020_last_3y": -15.21,
            "at_2021_last_3y": 5.49,
            "at_2022_last_3y": -33.33,
            "at_2023_last_3y": 0,
            "at_2024_last_3y": 0,
            "at_2006_last_all": -40.07,
            "at_2007_last_all": -41.82,
            "at_2008_last_all": -53.46,
            "at_2009_last_all": -53.46,
            "at_2010_last_all": -53.46,
            "at_2011_last_all": -61.22,
            "at_2012_last_all": -61.22,
            "at_2013_last_all": -61.22,
            "at_2014_last_all": -45.33,
            "at_2015_last_all": -52.16,
            "at_2016_last_all": -52.16,
            "at_2017_last_all": -42.16,
            "at_2018_last_all": -36.29,
            "at_2019_last_all": -42.08,
            "at_2020_last_all": -42.08,
            "at_2021_last_all": -30.24,
            "at_2022_last_all": -35.61,
            "at_2023_last_all": -35.61,
            "at_2024_last_all": -35.61
        },
        "latest_eps": -0.68,
        "latest_price": 23.75,
        "latest_roe": -5.82,
        "latest_gross_margin": -1.93,
        "latest_equity": 15987823,
        "latest_revenue": 9400390,
        "latest_gross_profit": -181394,
        "latest_net_income": -109513,
        "latest_debt_ratio": 52.9,
        "latest_current_ratio": 136.05,
        "latest_account_receivable_turnover_ratio": 27.2,
        "latest_inventory_turnover_ratio": 0.95,
        "latest_reinvestment_rate": -43.29,
        "latest_research_to_sale_ratio": null
    },
    "eps_dividends": {
        "1990": {
            "cash": 0,
            "stock": 6.8,
            "eps": 0
        },
        "1991": {
            "cash": 0,
            "stock": 1.6,
            "eps": 0
        },
        "1992": {
            "cash": 0,
            "stock": 0.8,
            "eps": 0
        },
        "1994": {
            "cash": 0.21,
            "stock": 1,
            "eps": 0
        },
        "2001": {
            "cash": 0,
            "stock": 0,
            "eps": -2.21
        },
        "2002": {
            "cash": 0,
            "stock": 0,
            "eps": 1.74
        },
        "2003": {
            "cash": 0,
            "stock": 0,
            "eps": 1.46
        },
        "2004": {
            "cash": 0,
            "stock": 0.52,
            "eps": 1.4
        },
        "2005": {
            "cash": 0.55,
            "stock": 0.6,
            "eps": -3.8
        },
        "2006": {
            "cash": 0,
            "stock": 0,
            "eps": 3.95
        },
        "2007": {
            "cash": 0.25,
            "stock": 0,
            "eps": 2.09
        },
        "2008": {
            "cash": 1.77,
            "stock": 0,
            "eps": -2.93
        },
        "2009": {
            "cash": 0,
            "stock": 0,
            "eps": -0.05
        },
        "2010": {
            "cash": 0,
            "stock": 0,
            "eps": 0.74
        },
        "2011": {
            "cash": 0.6,
            "stock": 0.4,
            "eps": -1.72
        },
        "2012": {
            "cash": 0,
            "stock": 0,
            "eps": -2.42
        },
        "2013": {
            "cash": 0,
            "stock": 0,
            "eps": 0.1
        },
        "2014": {
            "cash": 0,
            "stock": 0,
            "eps": 0.15
        },
        "2015": {
            "cash": 0,
            "stock": 0,
            "eps": -0.82
        },
        "2016": {
            "cash": 0,
            "stock": 0,
            "eps": 1.32
        },
        "2017": {
            "cash": 0,
            "stock": 0,
            "eps": 1.82
        },
        "2018": {
            "cash": 0,
            "stock": 0,
            "eps": 2.12
        },
        "2019": {
            "cash": 0.1,
            "stock": 0,
            "eps": 0
        },
        "2020": {
            "cash": 0,
            "stock": 0,
            "eps": 0.36
        },
        "2021": {
            "cash": 0.3,
            "stock": 0,
            "eps": 4.42
        },
        "2022": {
            "cash": 2.8,
            "stock": 0,
            "eps": -0.69
        },
        "2023": {
            "cash": 0.35,
            "stock": 0,
            "eps": 0.05
        }
    },
    "dividends": {
        "1990-03-23": {
            "cash": 0,
            "stock": 6.8
        },
        "1991-05-10": {
            "cash": 0,
            "stock": 1.6
        },
        "1992-05-09": {
            "cash": 0,
            "stock": 0.8
        },
        "1994-05-27": {
            "cash": 0.21,
            "stock": 1
        },
        "2004-04-01": {
            "cash": 0,
            "stock": 0.52
        },
        "2005-03-31": {
            "cash": 0.55,
            "stock": 0.6
        },
        "2007-03-29": {
            "cash": 0.25,
            "stock": 0
        },
        "2008-03-26": {
            "cash": 1.77,
            "stock": 0
        },
        "2011-03-17": {
            "cash": 0.6,
            "stock": 0.4
        },
        "2019-08-21": {
            "cash": 0.1,
            "stock": 0
        },
        "2021-09-24": {
            "cash": 0.3,
            "stock": 0
        },
        "2022-08-25": {
            "cash": 2.8,
            "stock": 0
        },
        "2023-08-25": {
            "cash": 0.35,
            "stock": 0
        }
    },
    "prices": {
        "200101": "2.68",
        "200102": "3.41",
        "200103": "3.04",
        "200104": "2.46",
        "200105": "2.19",
        "200106": "2.12",
        "200107": "1.46",
        "200108": "1.50",
        "200109": "1.26",
        "200110": "1.09",
        "200111": "0.73",
        "200112": "0.64",
        "200201": "0.98",
        "200202": "2.06",
        "200203": "2.68",
        "200204": "2.77",
        "200205": "4.92",
        "200206": "6.33",
        "200207": "6.43",
        "200208": "5.98",
        "200209": "5.74",
        "200210": "6.89",
        "200211": "9.25",
        "200212": "8.85",
        "200301": "11.38",
        "200302": "15.62",
        "200303": "13.37",
        "200304": "13.01",
        "200305": "10.76",
        "200306": "13.10",
        "200307": "15.06",
        "200308": "14.47",
        "200309": "13.78",
        "200310": "14.63",
        "200311": "14.11",
        "200312": "13.52",
        "200401": "14.17",
        "200402": "14.85",
        "200403": "16.56",
        "200404": "15.95",
        "200405": "13.55",
        "200406": "13.62",
        "200407": "13.92",
        "200408": "13.15",
        "200409": "17.92",
        "200410": "20.48",
        "200411": "19.28",
        "200412": "21.73",
        "200501": "20.66",
        "200502": "21.21",
        "200503": "19.76",
        "200504": "16.71",
        "200505": "15.14",
        "200506": "15.10",
        "200507": "14.08",
        "200508": "12.97",
        "200509": "12.28",
        "200510": "9.99",
        "200511": "8.65",
        "200512": "7.68",
        "200601": "7.60",
        "200602": "9.97",
        "200603": "10.21",
        "200604": "14.38",
        "200605": "13.72",
        "200606": "11.97",
        "200607": "13.27",
        "200608": "12.99",
        "200609": "13.58",
        "200610": "17.02",
        "200611": "18.20",
        "200612": "18.24",
        "200701": "17.61",
        "200702": "17.67",
        "200703": "17.43",
        "200704": "17.29",
        "200705": "16.79",
        "200706": "15.77",
        "200707": "16.27",
        "200708": "14.65",
        "200709": "16.53",
        "200710": "18.58",
        "200711": "18.03",
        "200712": "16.59",
        "200801": "17.36",
        "200802": "19.39",
        "200803": "21.43",
        "200804": "25.36",
        "200805": "27.33",
        "200806": "24.08",
        "200807": "24.17",
        "200808": "19.00",
        "200809": "16.12",
        "200810": "12.19",
        "200811": "10.39",
        "200812": "9.65",
        "200901": "10.88",
        "200902": "11.17",
        "200903": "11.14",
        "200904": "12.16",
        "200905": "12.01",
        "200906": "12.93",
        "200907": "12.75",
        "200908": "13.32",
        "200909": "12.65",
        "200910": "12.81",
        "200911": "13.05",
        "200912": "14.38",
        "201001": "16.61",
        "201002": "14.40",
        "201003": "14.87",
        "201004": "15.75",
        "201005": "14.42",
        "201006": "12.97",
        "201007": "12.89",
        "201008": "13.84",
        "201009": "14.71",
        "201010": "14.11",
        "201011": "14.95",
        "201012": "16.46",
        "201101": "17.30",
        "201102": "18.45",
        "201103": "17.79",
        "201104": "17.54",
        "201105": "15.84",
        "201106": "14.83",
        "201107": "14.71",
        "201108": "12.73",
        "201109": "11.49",
        "201110": "10.30",
        "201111": "9.60",
        "201112": "8.63",
        "201201": "8.87",
        "201202": "11.02",
        "201203": "11.10",
        "201204": "9.36",
        "201205": "8.67",
        "201206": "8.07",
        "201207": "7.81",
        "201208": "7.59",
        "201209": "8.18",
        "201210": "7.90",
        "201211": "7.66",
        "201212": "8.54",
        "201301": "10.13",
        "201302": "10.12",
        "201303": "9.19",
        "201304": "8.30",
        "201305": "8.66",
        "201306": "8.22",
        "201307": "8.25",
        "201308": "8.64",
        "201309": "8.78",
        "201310": "8.60",
        "201311": "8.13",
        "201312": "8.26",
        "201401": "8.54",
        "201402": "8.33",
        "201403": "8.05",
        "201404": "8.04",
        "201405": "7.68",
        "201406": "7.76",
        "201407": "7.80",
        "201408": "8.19",
        "201409": "8.01",
        "201410": "7.46",
        "201411": "7.23",
        "201412": "7.22",
        "201501": "7.31",
        "201502": "7.16",
        "201503": "7.05",
        "201504": "6.92",
        "201505": "6.71",
        "201506": "5.40",
        "201507": "4.81",
        "201508": "4.26",
        "201509": "4.27",
        "201510": "4.74",
        "201511": "4.64",
        "201512": "4.37",
        "201601": "4.77",
        "201602": "5.90",
        "201603": "6.94",
        "201604": "6.43",
        "201605": "5.58",
        "201606": "5.57",
        "201607": "5.52",
        "201608": "6.57",
        "201609": "6.82",
        "201610": "6.89",
        "201611": "9.29",
        "201612": "10.11",
        "201701": "10.22",
        "201702": "12.31",
        "201703": "11.64",
        "201704": "9.81",
        "201705": "8.97",
        "201706": "9.14",
        "201707": "10.23",
        "201708": "11.08",
        "201709": "11.16",
        "201710": "11.12",
        "201711": "11.23",
        "201712": "11.60",
        "201801": "13.12",
        "201802": "12.94",
        "201803": "12.10",
        "201804": "11.29",
        "201805": "10.86",
        "201806": "12.47",
        "201807": "13.26",
        "201808": "14.57",
        "201809": "13.73",
        "201810": "12.82",
        "201811": "11.54",
        "201812": "11.22",
        "201901": "10.98",
        "201902": "12.07",
        "201903": "11.83",
        "201904": "12.02",
        "201905": "10.91",
        "201906": "10.46",
        "201907": "10.56",
        "201908": "10.03",
        "201909": "10.08",
        "201910": "9.27",
        "201911": "9.58",
        "201912": "10.01",
        "202001": "10.21",
        "202002": "9.34",
        "202003": "7.43",
        "202004": "7.07",
        "202005": "7.44",
        "202006": "8.22",
        "202007": "8.15",
        "202008": "8.34",
        "202009": "9.79",
        "202010": "9.94",
        "202011": "10.55",
        "202012": "13.94",
        "202101": "15.67",
        "202102": "15.24",
        "202103": "18.02",
        "202104": "31.55",
        "202105": "46.10",
        "202106": "50.99",
        "202107": "53.26",
        "202108": "46.45",
        "202109": "43.71",
        "202110": "36.44",
        "202111": "35.19",
        "202112": "40.24",
        "202201": "38.90",
        "202202": "40.27",
        "202203": "44.63",
        "202204": "43.96",
        "202205": "33.83",
        "202206": "30.16",
        "202207": "26.72",
        "202208": "26.53",
        "202209": "23.43",
        "202210": "21.44",
        "202211": "22.20",
        "202212": "25.72",
        "202301": "27.65",
        "202302": "28.73",
        "202303": "27.30",
        "202304": "25.96",
        "202305": "23.62",
        "202306": "24.16",
        "202307": "24.07",
        "202308": "23.80",
        "202309": "23.70",
        "202310": "21.56",
        "202311": "22.16",
        "202312": "25.21"
    },
    "quarters": {
        "20011": {
            "year_quarter": 20011,
            "year": 2001,
            "quarter": 1,
            "eps": -0.63,
            "eps_growth_year": -3250,
            "eps_4q": -2.26,
            "eps_4q_growth_year": -720.38,
            "roe": -6.72,
            "roe_4q": -6.72,
            "gross_profit": -192765,
            "gross_margin": -4.39,
            "gross_margin_4q_avg": -4.39,
            "net_income": -711207,
            "net_income_4q": null,
            "revenue": 4387621,
            "revenue_4q": null,
            "common_shares": 11443361,
            "book_valuer_per_share": 8.94,
            "book_valuer_per_share_4q_avg": 8.94,
            "equity": 10227634,
            "current_ratio": 119.79,
            "debt_ratio": 64.98,
            "inventory_turnover_ratio": 0.56,
            "account_receivable_turnover_ratio": null,
            "reinvestment_rate": null,
            "research_to_sale_ratio": null,
            "price_fair": 0,
            "eps_avg_yearly": 0,
            "eps_latest_yearly": 0,
            "eps_growth_yearly": 0
        },
        "20012": {
            "year_quarter": 20012,
            "year": 2001,
            "quarter": 2,
            "eps": -0.4,
            "eps_growth_year": null,
            "eps_4q": -2.38,
            "eps_4q_growth_year": null,
            "roe": -4.54,
            "roe_4q": -11.26,
            "gross_profit": 122882,
            "gross_margin": 2.71,
            "gross_margin_4q_avg": -0.84,
            "net_income": -453650,
            "net_income_4q": null,
            "revenue": 4532649,
            "revenue_4q": null,
            "common_shares": 11443361,
            "book_valuer_per_share": 8.54,
            "book_valuer_per_share_4q_avg": 8.74,
            "equity": 9772604,
            "current_ratio": 112.91,
            "debt_ratio": 67.76,
            "inventory_turnover_ratio": 0.53,
            "account_receivable_turnover_ratio": null,
            "reinvestment_rate": null,
            "research_to_sale_ratio": null,
            "price_fair": 0,
            "eps_avg_yearly": 0,
            "eps_latest_yearly": 0,
            "eps_growth_yearly": 0
        },
        "20013": {
            "year_quarter": 20013,
            "year": 2001,
            "quarter": 3,
            "eps": -0.58,
            "eps_growth_year": null,
            "eps_4q": -2.31,
            "eps_4q_growth_year": null,
            "roe": -6.92,
            "roe_4q": -18.18,
            "gross_profit": -124650,
            "gross_margin": -2.97,
            "gross_margin_4q_avg": -1.55,
            "net_income": -653922,
            "net_income_4q": null,
            "revenue": 4192815,
            "revenue_4q": null,
            "common_shares": 11443361,
            "book_valuer_per_share": 7.97,
            "book_valuer_per_share_4q_avg": 8.48,
            "equity": 9119927,
            "current_ratio": 106.18,
            "debt_ratio": 67.53,
            "inventory_turnover_ratio": 0.5,
            "account_receivable_turnover_ratio": null,
            "reinvestment_rate": null,
            "research_to_sale_ratio": null,
            "price_fair": 0,
            "eps_avg_yearly": 0,
            "eps_latest_yearly": 0,
            "eps_growth_yearly": 0
        },
        "20014": {
            "year_quarter": 20014,
            "year": 2001,
            "quarter": 4,
            "eps": -0.6,
            "eps_growth_year": null,
            "eps_4q": -2.22,
            "eps_4q_growth_year": null,
            "roe": -7.71,
            "roe_4q": -25.889999999999997,
            "gross_profit": -72200,
            "gross_margin": -1.65,
            "gross_margin_4q_avg": -1.58,
            "net_income": -677363,
            "net_income_4q": null,
            "revenue": 4373526,
            "revenue_4q": null,
            "common_shares": 11443361,
            "book_valuer_per_share": 7.38,
            "book_valuer_per_share_4q_avg": 8.21,
            "equity": 8442951,
            "current_ratio": 35.22,
            "debt_ratio": 69.69,
            "inventory_turnover_ratio": 0.86,
            "account_receivable_turnover_ratio": null,
            "reinvestment_rate": null,
            "research_to_sale_ratio": null,
            "price_fair": 0,
            "eps_avg_yearly": 0,
            "eps_latest_yearly": 0,
            "eps_growth_yearly": 0
        },
        "20021": {
            "year_quarter": 20021,
            "year": 2002,
            "quarter": 1,
            "eps": -0.03,
            "eps_growth_year": null,
            "eps_4q": -1.47,
            "eps_4q_growth_year": null,
            "roe": -0.44,
            "roe_4q": -19.61,
            "gross_profit": 376670,
            "gross_margin": 8.59,
            "gross_margin_4q_avg": 1.67,
            "net_income": -37188,
            "net_income_4q": null,
            "revenue": 4387217,
            "revenue_4q": null,
            "common_shares": 11443361,
            "book_valuer_per_share": 7.34,
            "book_valuer_per_share_4q_avg": 7.81,
            "equity": 8405012,
            "current_ratio": 35.88,
            "debt_ratio": 69.64,
            "inventory_turnover_ratio": 1.97,
            "account_receivable_turnover_ratio": null,
            "reinvestment_rate": null,
            "research_to_sale_ratio": null,
            "price_fair": 0,
            "eps_avg_yearly": 0,
            "eps_latest_yearly": 0,
            "eps_growth_yearly": 0
        },
        "20022": {
            "year_quarter": 20022,
            "year": 2002,
            "quarter": 2,
            "eps": 0.63,
            "eps_growth_year": null,
            "eps_4q": -0.57,
            "eps_4q_growth_year": null,
            "roe": 8.14,
            "roe_4q": -6.93,
            "gross_profit": 1153958,
            "gross_margin": 19.01,
            "gross_margin_4q_avg": 5.75,
            "net_income": 716354,
            "net_income_4q": null,
            "revenue": 6070143,
            "revenue_4q": null,
            "common_shares": 11443361,
            "book_valuer_per_share": 8.04,
            "book_valuer_per_share_4q_avg": 7.68,
            "equity": 9199659,
            "current_ratio": 30.4,
            "debt_ratio": 65.49,
            "inventory_turnover_ratio": 2.63,
            "account_receivable_turnover_ratio": null,
            "reinvestment_rate": null,
            "research_to_sale_ratio": null,
            "price_fair": 0,
            "eps_avg_yearly": 0,
            "eps_latest_yearly": 0,
            "eps_growth_yearly": 0
        },
        "20023": {
            "year_quarter": 20023,
            "year": 2002,
            "quarter": 3,
            "eps": 0.69,
            "eps_growth_year": null,
            "eps_4q": 0.69,
            "eps_4q_growth_year": null,
            "roe": 8.13,
            "roe_4q": 8.120000000000005,
            "gross_profit": 1244941,
            "gross_margin": 20.35,
            "gross_margin_4q_avg": 11.58,
            "net_income": 779383,
            "net_income_4q": null,
            "revenue": 6118382,
            "revenue_4q": null,
            "common_shares": 11443361,
            "book_valuer_per_share": 8.72,
            "book_valuer_per_share_4q_avg": 7.87,
            "equity": 9982523,
            "current_ratio": 40.66,
            "debt_ratio": 64.3,
            "inventory_turnover_ratio": 1.99,
            "account_receivable_turnover_ratio": null,
            "reinvestment_rate": null,
            "research_to_sale_ratio": null,
            "price_fair": 96.6,
            "eps_avg_yearly": 2.76,
            "eps_latest_yearly": 2.76,
            "eps_growth_yearly": 38.1
        },
        "20024": {
            "year_quarter": 20024,
            "year": 2002,
            "quarter": 4,
            "eps": 0.45,
            "eps_growth_year": null,
            "eps_4q": 1.74,
            "eps_4q_growth_year": null,
            "roe": 4.98,
            "roe_4q": 20.81,
            "gross_profit": 1050179,
            "gross_margin": 15.76,
            "gross_margin_4q_avg": 15.93,
            "net_income": 509403,
            "net_income_4q": null,
            "revenue": 6664594,
            "revenue_4q": null,
            "common_shares": 11443361,
            "book_valuer_per_share": 9.17,
            "book_valuer_per_share_4q_avg": 8.32,
            "equity": 10491721,
            "current_ratio": 46.59,
            "debt_ratio": 62.99,
            "inventory_turnover_ratio": 1.66,
            "account_receivable_turnover_ratio": null,
            "reinvestment_rate": null,
            "research_to_sale_ratio": null,
            "price_fair": 6.84,
            "eps_avg_yearly": 2.28,
            "eps_latest_yearly": 1.8,
            "eps_growth_yearly": -50.52
        },
        "20031": {
            "year_quarter": 20031,
            "year": 2003,
            "quarter": 1,
            "eps": 0.66,
            "eps_growth_year": null,
            "eps_4q": 2.42,
            "eps_4q_growth_year": null,
            "roe": 6.92,
            "roe_4q": 28.17,
            "gross_profit": 1412310,
            "gross_margin": 17.42,
            "gross_margin_4q_avg": 18.14,
            "net_income": 752184,
            "net_income_4q": null,
            "revenue": 8109359,
            "revenue_4q": null,
            "common_shares": 11443361,
            "book_valuer_per_share": 9.83,
            "book_valuer_per_share_4q_avg": 8.94,
            "equity": 11243949,
            "current_ratio": 50.9,
            "debt_ratio": 59.07,
            "inventory_turnover_ratio": 1.94,
            "account_receivable_turnover_ratio": null,
            "reinvestment_rate": null,
            "research_to_sale_ratio": null,
            "price_fair": 84,
            "eps_avg_yearly": 2.4,
            "eps_latest_yearly": 2.64,
            "eps_growth_yearly": 28.54
        },
        "20032": {
            "year_quarter": 20032,
            "year": 2003,
            "quarter": 2,
            "eps": 0.42,
            "eps_growth_year": -33.33,
            "eps_4q": 2.19,
            "eps_4q_growth_year": null,
            "roe": 4.21,
            "roe_4q": 24.240000000000002,
            "gross_profit": 1039495,
            "gross_margin": 15.32,
            "gross_margin_4q_avg": 17.21,
            "net_income": 483555,
            "net_income_4q": null,
            "revenue": 6786123,
            "revenue_4q": null,
            "common_shares": 11443361,
            "book_valuer_per_share": 10.25,
            "book_valuer_per_share_4q_avg": 9.49,
            "equity": 11727441,
            "current_ratio": 61.71,
            "debt_ratio": 59.19,
            "inventory_turnover_ratio": 1.46,
            "account_receivable_turnover_ratio": null,
            "reinvestment_rate": null,
            "research_to_sale_ratio": null,
            "price_fair": 6.66,
            "eps_avg_yearly": 2.22,
            "eps_latest_yearly": 1.68,
            "eps_growth_yearly": -14.96
        },
        "20033": {
            "year_quarter": 20033,
            "year": 2003,
            "quarter": 3,
            "eps": 0.25,
            "eps_growth_year": -63.77,
            "eps_4q": 1.77,
            "eps_4q_growth_year": 156.52,
            "roe": 2.41,
            "roe_4q": 18.52,
            "gross_profit": 647455,
            "gross_margin": 8.56,
            "gross_margin_4q_avg": 14.27,
            "net_income": 286258,
            "net_income_4q": null,
            "revenue": 7563518,
            "revenue_4q": null,
            "common_shares": 11443361,
            "book_valuer_per_share": 10.5,
            "book_valuer_per_share_4q_avg": 9.94,
            "equity": 12012822,
            "current_ratio": 83.31,
            "debt_ratio": 57.53,
            "inventory_turnover_ratio": 1.46,
            "account_receivable_turnover_ratio": null,
            "reinvestment_rate": null,
            "research_to_sale_ratio": null,
            "price_fair": 5.93,
            "eps_avg_yearly": 1.98,
            "eps_latest_yearly": 1,
            "eps_growth_yearly": -44.35
        },
        "20034": {
            "year_quarter": 20034,
            "year": 2003,
            "quarter": 4,
            "eps": 0.13,
            "eps_growth_year": -71.11,
            "eps_4q": 1.5,
            "eps_4q_growth_year": -13.81,
            "roe": 1.2,
            "roe_4q": 14.74,
            "gross_profit": 1000036,
            "gross_margin": 12.55,
            "gross_margin_4q_avg": 13.46,
            "net_income": 144593,
            "net_income_4q": null,
            "revenue": 7970547,
            "revenue_4q": null,
            "common_shares": 11443361,
            "book_valuer_per_share": 10.62,
            "book_valuer_per_share_4q_avg": 10.3,
            "equity": 12157640,
            "current_ratio": 96.95,
            "debt_ratio": 56.36,
            "inventory_turnover_ratio": 1.58,
            "account_receivable_turnover_ratio": null,
            "reinvestment_rate": null,
            "research_to_sale_ratio": null,
            "price_fair": 5.2,
            "eps_avg_yearly": 1.73,
            "eps_latest_yearly": 0.52,
            "eps_growth_yearly": -68.95
        },
        "20041": {
            "year_quarter": 20041,
            "year": 2004,
            "quarter": 1,
            "eps": 0.55,
            "eps_growth_year": -16.67,
            "eps_4q": 1.35,
            "eps_4q_growth_year": -44.25,
            "roe": 5.05,
            "roe_4q": 12.870000000000001,
            "gross_profit": 1731343,
            "gross_margin": 20.38,
            "gross_margin_4q_avg": 14.2,
            "net_income": 629656,
            "net_income_4q": null,
            "revenue": 8493762,
            "revenue_4q": null,
            "common_shares": 11443361,
            "book_valuer_per_share": 11.17,
            "book_valuer_per_share_4q_avg": 10.64,
            "equity": 12786326,
            "current_ratio": 103.9,
            "debt_ratio": 53.03,
            "inventory_turnover_ratio": 1.84,
            "account_receivable_turnover_ratio": null,
            "reinvestment_rate": null,
            "research_to_sale_ratio": null,
            "price_fair": 63,
            "eps_avg_yearly": 1.8,
            "eps_latest_yearly": 2.2,
            "eps_growth_yearly": 125.51
        },
        "20042": {
            "year_quarter": 20042,
            "year": 2004,
            "quarter": 2,
            "eps": 0.23,
            "eps_growth_year": -45.24,
            "eps_4q": 1.14,
            "eps_4q_growth_year": -47.92,
            "roe": 2.07,
            "roe_4q": 10.729999999999999,
            "gross_profit": 1589029,
            "gross_margin": 14.95,
            "gross_margin_4q_avg": 14.11,
            "net_income": 267438,
            "net_income_4q": null,
            "revenue": 10626790,
            "revenue_4q": null,
            "common_shares": 11443361,
            "book_valuer_per_share": 11.41,
            "book_valuer_per_share_4q_avg": 10.93,
            "equity": 13052777,
            "current_ratio": 108.66,
            "debt_ratio": 57.33,
            "inventory_turnover_ratio": 1.65,
            "account_receivable_turnover_ratio": null,
            "reinvestment_rate": 221.34,
            "research_to_sale_ratio": null,
            "price_fair": 59.15,
            "eps_avg_yearly": 1.69,
            "eps_latest_yearly": 0.92,
            "eps_growth_yearly": 80.73
        },
        "20043": {
            "year_quarter": 20043,
            "year": 2004,
            "quarter": 3,
            "eps": 0.29,
            "eps_growth_year": 16,
            "eps_4q": 1.17,
            "eps_4q_growth_year": -34.24,
            "roe": 2.61,
            "roe_4q": 10.93,
            "gross_profit": 918777,
            "gross_margin": 7.08,
            "gross_margin_4q_avg": 13.74,
            "net_income": 344566,
            "net_income_4q": null,
            "revenue": 12977383,
            "revenue_4q": null,
            "common_shares": 12069834,
            "book_valuer_per_share": 11.1,
            "book_valuer_per_share_4q_avg": 11.08,
            "equity": 13397248,
            "current_ratio": 112.28,
            "debt_ratio": 55.97,
            "inventory_turnover_ratio": 1.64,
            "account_receivable_turnover_ratio": null,
            "reinvestment_rate": 65.01,
            "research_to_sale_ratio": null,
            "price_fair": 57.09,
            "eps_avg_yearly": 1.63,
            "eps_latest_yearly": 1.16,
            "eps_growth_yearly": 83.36
        },
        "20044": {
            "year_quarter": 20044,
            "year": 2004,
            "quarter": 4,
            "eps": 0.33,
            "eps_growth_year": 153.85,
            "eps_4q": 1.36,
            "eps_4q_growth_year": -9.35,
            "roe": 2.93,
            "roe_4q": 12.66,
            "gross_profit": 1133240,
            "gross_margin": 8.04,
            "gross_margin_4q_avg": 12.61,
            "net_income": 398461,
            "net_income_4q": null,
            "revenue": 14099167,
            "revenue_4q": null,
            "common_shares": 12069834,
            "book_valuer_per_share": 11.43,
            "book_valuer_per_share_4q_avg": 11.28,
            "equity": 13793759,
            "current_ratio": 123.62,
            "debt_ratio": 55.25,
            "inventory_turnover_ratio": 1.67,
            "account_receivable_turnover_ratio": null,
            "reinvestment_rate": 17.5,
            "research_to_sale_ratio": null,
            "price_fair": 56,
            "eps_avg_yearly": 1.6,
            "eps_latest_yearly": 1.32,
            "eps_growth_yearly": 80.54
        },
        "20051": {
            "year_quarter": 20051,
            "year": 2005,
            "quarter": 1,
            "eps": 0.63,
            "eps_growth_year": 14.55,
            "eps_4q": 1.47,
            "eps_4q_growth_year": 8.88,
            "roe": 5.36,
            "roe_4q": 12.97,
            "gross_profit": 1466634,
            "gross_margin": 10.78,
            "gross_margin_4q_avg": 10.21,
            "net_income": 759200,
            "net_income_4q": null,
            "revenue": 13600159,
            "revenue_4q": null,
            "common_shares": 12069834,
            "book_valuer_per_share": 12.06,
            "book_valuer_per_share_4q_avg": 11.5,
            "equity": 14552594,
            "current_ratio": 125.37,
            "debt_ratio": 55.87,
            "inventory_turnover_ratio": 1.25,
            "account_receivable_turnover_ratio": null,
            "reinvestment_rate": 9.78,
            "research_to_sale_ratio": null,
            "price_fair": 58.93,
            "eps_avg_yearly": 1.68,
            "eps_latest_yearly": 2.52,
            "eps_growth_yearly": 106.27
        },
        "20052": {
            "year_quarter": 20052,
            "year": 2005,
            "quarter": 2,
            "eps": 0.11,
            "eps_growth_year": -52.17,
            "eps_4q": 1.39,
            "eps_4q_growth_year": 21.87,
            "roe": 0.9,
            "roe_4q": 11.8,
            "gross_profit": 1893920,
            "gross_margin": 16.04,
            "gross_margin_4q_avg": 10.49,
            "net_income": 128919,
            "net_income_4q": null,
            "revenue": 11810151,
            "revenue_4q": null,
            "common_shares": 12069834,
            "book_valuer_per_share": 11.58,
            "book_valuer_per_share_4q_avg": 11.54,
            "equity": 13980643,
            "current_ratio": 107.2,
            "debt_ratio": 63.44,
            "inventory_turnover_ratio": 0.75,
            "account_receivable_turnover_ratio": null,
            "reinvestment_rate": 7.39,
            "research_to_sale_ratio": null,
            "price_fair": 55.3,
            "eps_avg_yearly": 1.58,
            "eps_latest_yearly": 0.44,
            "eps_growth_yearly": 69.9
        },
        "20053": {
            "year_quarter": 20053,
            "year": 2005,
            "quarter": 3,
            "eps": -0.41,
            "eps_growth_year": -241.38,
            "eps_4q": 0.6,
            "eps_4q_growth_year": -48.94,
            "roe": -3.8,
            "roe_4q": 5.390000000000001,
            "gross_profit": -793073,
            "gross_margin": -10.05,
            "gross_margin_4q_avg": 6.2,
            "net_income": -521344,
            "net_income_4q": null,
            "revenue": 7891382,
            "revenue_4q": null,
            "common_shares": 12845706,
            "book_valuer_per_share": 10.48,
            "book_valuer_per_share_4q_avg": 11.39,
            "equity": 13461523,
            "current_ratio": 104.19,
            "debt_ratio": 65.8,
            "inventory_turnover_ratio": 0.54,
            "account_receivable_turnover_ratio": null,
            "reinvestment_rate": 5.04,
            "research_to_sale_ratio": null,
            "price_fair": 55.3,
            "eps_avg_yearly": 1.58,
            "eps_latest_yearly": 0.44,
            "eps_growth_yearly": 69.9
        },
        "20054": {
            "year_quarter": 20054,
            "year": 2005,
            "quarter": 4,
            "eps": -4.13,
            "eps_growth_year": -1351.52,
            "eps_4q": -3.84,
            "eps_4q_growth_year": -382.7,
            "roe": -49.09,
            "roe_4q": -46.63,
            "gross_profit": -1017877,
            "gross_margin": -13.24,
            "gross_margin_4q_avg": 0.88,
            "net_income": -5300974,
            "net_income_4q": null,
            "revenue": 7687018,
            "revenue_4q": null,
            "common_shares": 12845706,
            "book_valuer_per_share": 6.33,
            "book_valuer_per_share_4q_avg": 10.11,
            "equity": 8136615,
            "current_ratio": 79.63,
            "debt_ratio": 76.1,
            "inventory_turnover_ratio": 0.63,
            "account_receivable_turnover_ratio": null,
            "reinvestment_rate": -424.17,
            "research_to_sale_ratio": null,
            "price_fair": 55.3,
            "eps_avg_yearly": 1.58,
            "eps_latest_yearly": 0.44,
            "eps_growth_yearly": 69.9
        },
        "20061": {
            "year_quarter": 20061,
            "year": 2006,
            "quarter": 1,
            "eps": 0.22,
            "eps_growth_year": -65.08,
            "eps_4q": -4.2,
            "eps_4q_growth_year": -386.13,
            "roe": 3.36,
            "roe_4q": -48.63,
            "gross_profit": 647293,
            "gross_margin": 6.24,
            "gross_margin_4q_avg": -0.25,
            "net_income": 283261,
            "net_income_4q": null,
            "revenue": 10367607,
            "revenue_4q": null,
            "common_shares": 12845706,
            "book_valuer_per_share": 6.77,
            "book_valuer_per_share_4q_avg": 8.79,
            "equity": 8701038,
            "current_ratio": 71.87,
            "debt_ratio": 70.79,
            "inventory_turnover_ratio": 1.09,
            "account_receivable_turnover_ratio": null,
            "reinvestment_rate": -210.85,
            "research_to_sale_ratio": null,
            "price_fair": 55.3,
            "eps_avg_yearly": 1.58,
            "eps_latest_yearly": 0.44,
            "eps_growth_yearly": 69.9
        },
        "20062": {
            "year_quarter": 20062,
            "year": 2006,
            "quarter": 2,
            "eps": 1.43,
            "eps_growth_year": 1200,
            "eps_4q": -2.87,
            "eps_4q_growth_year": -306.1,
            "roe": 19.08,
            "roe_4q": -30.450000000000006,
            "gross_profit": 2421578,
            "gross_margin": 21.03,
            "gross_margin_4q_avg": 1,
            "net_income": 1842715,
            "net_income_4q": null,
            "revenue": 11517013,
            "revenue_4q": null,
            "common_shares": 12845706,
            "book_valuer_per_share": 8.27,
            "book_valuer_per_share_4q_avg": 7.96,
            "equity": 10619187,
            "current_ratio": 65.58,
            "debt_ratio": 60.98,
            "inventory_turnover_ratio": 1.55,
            "account_receivable_turnover_ratio": null,
            "reinvestment_rate": -80.21,
            "research_to_sale_ratio": null,
            "price_fair": 66.45,
            "eps_avg_yearly": 1.9,
            "eps_latest_yearly": 5.72,
            "eps_growth_yearly": 233.76
        },
        "20063": {
            "year_quarter": 20063,
            "year": 2006,
            "quarter": 3,
            "eps": 2,
            "eps_growth_year": null,
            "eps_4q": -0.47,
            "eps_4q_growth_year": -179.16,
            "roe": 21.69,
            "roe_4q": -4.960000000000008,
            "gross_profit": 3131940,
            "gross_margin": 25.62,
            "gross_margin_4q_avg": 9.91,
            "net_income": 2569196,
            "net_income_4q": null,
            "revenue": 12225554,
            "revenue_4q": null,
            "common_shares": 12845706,
            "book_valuer_per_share": 10.18,
            "book_valuer_per_share_4q_avg": 7.89,
            "equity": 13073775,
            "current_ratio": 83.36,
            "debt_ratio": 53.38,
            "inventory_turnover_ratio": 1.63,
            "account_receivable_turnover_ratio": null,
            "reinvestment_rate": -39.62,
            "research_to_sale_ratio": null,
            "price_fair": 80.55,
            "eps_avg_yearly": 2.3,
            "eps_latest_yearly": 8,
            "eps_growth_yearly": 243.09
        },
        "20064": {
            "year_quarter": 20064,
            "year": 2006,
            "quarter": 4,
            "eps": 0.3,
            "eps_growth_year": null,
            "eps_4q": 3.94,
            "eps_4q_growth_year": null,
            "roe": 2.89,
            "roe_4q": 47.019999999999996,
            "gross_profit": 1548990,
            "gross_margin": 13.64,
            "gross_margin_4q_avg": 16.63,
            "net_income": 387449,
            "net_income_4q": null,
            "revenue": 11352136,
            "revenue_4q": null,
            "common_shares": 12845706,
            "book_valuer_per_share": 10.69,
            "book_valuer_per_share_4q_avg": 8.98,
            "equity": 13735224,
            "current_ratio": 100.92,
            "debt_ratio": 52.15,
            "inventory_turnover_ratio": 1.46,
            "account_receivable_turnover_ratio": null,
            "reinvestment_rate": -55.51,
            "research_to_sale_ratio": null,
            "price_fair": 78.94,
            "eps_avg_yearly": 2.26,
            "eps_latest_yearly": 1.2,
            "eps_growth_yearly": 227.64
        },
        "20071": {
            "year_quarter": 20071,
            "year": 2007,
            "quarter": 1,
            "eps": 0.46,
            "eps_growth_year": 109.09,
            "eps_4q": 4.21,
            "eps_4q_growth_year": null,
            "roe": 4.18,
            "roe_4q": 47.84,
            "gross_profit": 1099059,
            "gross_margin": 8.76,
            "gross_margin_4q_avg": 17.26,
            "net_income": 588511,
            "net_income_4q": null,
            "revenue": 12552784,
            "revenue_4q": null,
            "common_shares": 12845706,
            "book_valuer_per_share": 11.25,
            "book_valuer_per_share_4q_avg": 10.1,
            "equity": 14449061,
            "current_ratio": 106.88,
            "debt_ratio": 51.8,
            "inventory_turnover_ratio": 1.48,
            "account_receivable_turnover_ratio": null,
            "reinvestment_rate": -55.14,
            "research_to_sale_ratio": null,
            "price_fair": 76.78,
            "eps_avg_yearly": 2.19,
            "eps_latest_yearly": 1.84,
            "eps_growth_yearly": 229.69
        },
        "20072": {
            "year_quarter": 20072,
            "year": 2007,
            "quarter": 2,
            "eps": 0.6,
            "eps_growth_year": -58.04,
            "eps_4q": 3.38,
            "eps_4q_growth_year": null,
            "roe": 5.2,
            "roe_4q": 33.96,
            "gross_profit": 1369549,
            "gross_margin": 11.45,
            "gross_margin_4q_avg": 14.87,
            "net_income": 766469,
            "net_income_4q": null,
            "revenue": 11960976,
            "revenue_4q": null,
            "common_shares": 12845706,
            "book_valuer_per_share": 11.68,
            "book_valuer_per_share_4q_avg": 10.95,
            "equity": 15009998,
            "current_ratio": 106.85,
            "debt_ratio": 50.72,
            "inventory_turnover_ratio": 1.25,
            "account_receivable_turnover_ratio": null,
            "reinvestment_rate": -48.72,
            "research_to_sale_ratio": null,
            "price_fair": 78.72,
            "eps_avg_yearly": 2.25,
            "eps_latest_yearly": 2.4,
            "eps_growth_yearly": 250.25
        },
        "20073": {
            "year_quarter": 20073,
            "year": 2007,
            "quarter": 3,
            "eps": 0.63,
            "eps_growth_year": -68.5,
            "eps_4q": 1.98,
            "eps_4q_growth_year": null,
            "roe": 5.18,
            "roe_4q": 17.45,
            "gross_profit": 1063247,
            "gross_margin": 10.7,
            "gross_margin_4q_avg": 11.14,
            "net_income": 810631,
            "net_income_4q": null,
            "revenue": 9938953,
            "revenue_4q": null,
            "common_shares": 12845706,
            "book_valuer_per_share": 12.66,
            "book_valuer_per_share_4q_avg": 11.57,
            "equity": 16267024,
            "current_ratio": 112.18,
            "debt_ratio": 48.88,
            "inventory_turnover_ratio": 0.98,
            "account_receivable_turnover_ratio": null,
            "reinvestment_rate": -98.63,
            "research_to_sale_ratio": null,
            "price_fair": 82.82,
            "eps_avg_yearly": 2.37,
            "eps_latest_yearly": 2.52,
            "eps_growth_yearly": 264.24
        },
        "20074": {
            "year_quarter": 20074,
            "year": 2007,
            "quarter": 4,
            "eps": 0.4,
            "eps_growth_year": 33.33,
            "eps_4q": 2.07,
            "eps_4q_growth_year": -47.45,
            "roe": 3.16,
            "roe_4q": 17.72,
            "gross_profit": 1268236,
            "gross_margin": 9.65,
            "gross_margin_4q_avg": 10.14,
            "net_income": 519312,
            "net_income_4q": null,
            "revenue": 13135939,
            "revenue_4q": null,
            "common_shares": 12845706,
            "book_valuer_per_share": 12.91,
            "book_valuer_per_share_4q_avg": 12.13,
            "equity": 16582105,
            "current_ratio": 93.34,
            "debt_ratio": 48.96,
            "inventory_turnover_ratio": 1.38,
            "account_receivable_turnover_ratio": null,
            "reinvestment_rate": -144.84,
            "research_to_sale_ratio": null,
            "price_fair": 85.72,
            "eps_avg_yearly": 2.45,
            "eps_latest_yearly": 1.6,
            "eps_growth_yearly": 267.77
        },
        "20081": {
            "year_quarter": 20081,
            "year": 2008,
            "quarter": 1,
            "eps": 0.85,
            "eps_growth_year": 84.78,
            "eps_4q": 2.49,
            "eps_4q_growth_year": -40.9,
            "roe": 6.31,
            "roe_4q": 19.849999999999998,
            "gross_profit": 1769571,
            "gross_margin": 12.96,
            "gross_margin_4q_avg": 11.19,
            "net_income": 1087212,
            "net_income_4q": null,
            "revenue": 13652052,
            "revenue_4q": null,
            "common_shares": 12845706,
            "book_valuer_per_share": 13.92,
            "book_valuer_per_share_4q_avg": 12.79,
            "equity": 17880291,
            "current_ratio": 95.1,
            "debt_ratio": 44.2,
            "inventory_turnover_ratio": 1.65,
            "account_receivable_turnover_ratio": null,
            "reinvestment_rate": -127.62,
            "research_to_sale_ratio": null,
            "price_fair": 88.95,
            "eps_avg_yearly": 2.54,
            "eps_latest_yearly": 3.4,
            "eps_growth_yearly": 202.98
        },
        "20082": {
            "year_quarter": 20082,
            "year": 2008,
            "quarter": 2,
            "eps": 1.48,
            "eps_growth_year": 146.67,
            "eps_4q": 3.36,
            "eps_4q_growth_year": -0.49,
            "roe": 10.83,
            "roe_4q": 25.48,
            "gross_profit": 3093561,
            "gross_margin": 18.61,
            "gross_margin_4q_avg": 12.98,
            "net_income": 1904256,
            "net_income_4q": null,
            "revenue": 16619504,
            "revenue_4q": null,
            "common_shares": 12845706,
            "book_valuer_per_share": 13.46,
            "book_valuer_per_share_4q_avg": 13.24,
            "equity": 17284496,
            "current_ratio": 88.99,
            "debt_ratio": 50.22,
            "inventory_turnover_ratio": 1.79,
            "account_receivable_turnover_ratio": null,
            "reinvestment_rate": -79.16,
            "research_to_sale_ratio": null,
            "price_fair": 102.42,
            "eps_avg_yearly": 2.93,
            "eps_latest_yearly": 5.92,
            "eps_growth_yearly": 243.69
        },
        "20083": {
            "year_quarter": 20083,
            "year": 2008,
            "quarter": 3,
            "eps": 0.98,
            "eps_growth_year": 55.56,
            "eps_4q": 3.72,
            "eps_4q_growth_year": 87.59,
            "roe": 7.14,
            "roe_4q": 27.439999999999998,
            "gross_profit": 1892966,
            "gross_margin": 12.98,
            "gross_margin_4q_avg": 13.55,
            "net_income": 1254742,
            "net_income_4q": null,
            "revenue": 14579265,
            "revenue_4q": null,
            "common_shares": 12845706,
            "book_valuer_per_share": 13.91,
            "book_valuer_per_share_4q_avg": 13.55,
            "equity": 17869526,
            "current_ratio": 98.18,
            "debt_ratio": 56.63,
            "inventory_turnover_ratio": 1.04,
            "account_receivable_turnover_ratio": null,
            "reinvestment_rate": -64.61,
            "research_to_sale_ratio": null,
            "price_fair": 109.85,
            "eps_avg_yearly": 3.14,
            "eps_latest_yearly": 3.92,
            "eps_growth_yearly": 225.27
        },
        "20084": {
            "year_quarter": 20084,
            "year": 2008,
            "quarter": 4,
            "eps": -6.24,
            "eps_growth_year": -1660,
            "eps_4q": -2.93,
            "eps_4q_growth_year": -241.68,
            "roe": -61.28,
            "roe_4q": -37,
            "gross_profit": -9571415,
            "gross_margin": -221.84,
            "gross_margin_4q_avg": -44.32,
            "net_income": -8013759,
            "net_income_4q": null,
            "revenue": 4314593,
            "revenue_4q": null,
            "common_shares": 12845706,
            "book_valuer_per_share": 6.45,
            "book_valuer_per_share_4q_avg": 11.94,
            "equity": 8284955,
            "current_ratio": 64.73,
            "debt_ratio": 77.57,
            "inventory_turnover_ratio": 1.01,
            "account_receivable_turnover_ratio": 13.72,
            "reinvestment_rate": null,
            "research_to_sale_ratio": null,
            "price_fair": 115.15,
            "eps_avg_yearly": 3.29,
            "eps_latest_yearly": 3.92,
            "eps_growth_yearly": 239.44
        },
        "20091": {
            "year_quarter": 20091,
            "year": 2009,
            "quarter": 1,
            "eps": -2.23,
            "eps_growth_year": -362.35,
            "eps_4q": -4.58,
            "eps_4q_growth_year": -284.19,
            "roe": -32.88,
            "roe_4q": -76.19,
            "gross_profit": -3566702,
            "gross_margin": -42.07,
            "gross_margin_4q_avg": -58.08,
            "net_income": -2868081,
            "net_income_4q": null,
            "revenue": 8478915,
            "revenue_4q": null,
            "common_shares": 16845706,
            "book_valuer_per_share": 5.44,
            "book_valuer_per_share_4q_avg": 9.82,
            "equity": 9161224,
            "current_ratio": 65.57,
            "debt_ratio": 76.29,
            "inventory_turnover_ratio": 1.24,
            "account_receivable_turnover_ratio": 11.06,
            "reinvestment_rate": null,
            "research_to_sale_ratio": null,
            "price_fair": 117.6,
            "eps_avg_yearly": 3.36,
            "eps_latest_yearly": 3.92,
            "eps_growth_yearly": 228.15
        },
        "20092": {
            "year_quarter": 20092,
            "year": 2009,
            "quarter": 2,
            "eps": 0.21,
            "eps_growth_year": -85.81,
            "eps_4q": -6.24,
            "eps_4q_growth_year": -285.93,
            "roe": 3.22,
            "roe_4q": -83.8,
            "gross_profit": 785367,
            "gross_margin": 8.04,
            "gross_margin_4q_avg": -60.72,
            "net_income": 313205,
            "net_income_4q": null,
            "revenue": 9769135,
            "revenue_4q": null,
            "common_shares": 16845706,
            "book_valuer_per_share": 6.11,
            "book_valuer_per_share_4q_avg": 7.98,
            "equity": 10293426,
            "current_ratio": 50.99,
            "debt_ratio": 67.68,
            "inventory_turnover_ratio": 1.54,
            "account_receivable_turnover_ratio": 10.84,
            "reinvestment_rate": null,
            "research_to_sale_ratio": null,
            "price_fair": 127.82,
            "eps_avg_yearly": 3.65,
            "eps_latest_yearly": 3.92,
            "eps_growth_yearly": 283.98
        },
        "20093": {
            "year_quarter": 20093,
            "year": 2009,
            "quarter": 3,
            "eps": 1.07,
            "eps_growth_year": 9.18,
            "eps_4q": -5.71,
            "eps_4q_growth_year": -253.47,
            "roe": 14.72,
            "roe_4q": -76.22,
            "gross_profit": 1760832,
            "gross_margin": 18.22,
            "gross_margin_4q_avg": -59.41,
            "net_income": 1667381,
            "net_income_4q": null,
            "revenue": 9665675,
            "revenue_4q": null,
            "common_shares": 16845706,
            "book_valuer_per_share": 7.34,
            "book_valuer_per_share_4q_avg": 6.34,
            "equity": 12368353,
            "current_ratio": 39.88,
            "debt_ratio": 66.08,
            "inventory_turnover_ratio": 1.9,
            "account_receivable_turnover_ratio": 12.43,
            "reinvestment_rate": null,
            "research_to_sale_ratio": null,
            "price_fair": 129.82,
            "eps_avg_yearly": 3.71,
            "eps_latest_yearly": 4.28,
            "eps_growth_yearly": 407.08
        },
        "20094": {
            "year_quarter": 20094,
            "year": 2009,
            "quarter": 4,
            "eps": 0.9,
            "eps_growth_year": null,
            "eps_4q": 0.32,
            "eps_4q_growth_year": null,
            "roe": 10.75,
            "roe_4q": -4.190000000000005,
            "gross_profit": 915652,
            "gross_margin": 10.25,
            "gross_margin_4q_avg": -1.39,
            "net_income": 1430568,
            "net_income_4q": null,
            "revenue": 8937455,
            "revenue_4q": null,
            "common_shares": 16845706,
            "book_valuer_per_share": 8.45,
            "book_valuer_per_share_4q_avg": 6.84,
            "equity": 14241359,
            "current_ratio": 68.35,
            "debt_ratio": 57.83,
            "inventory_turnover_ratio": 1.61,
            "account_receivable_turnover_ratio": 27.32,
            "reinvestment_rate": 110.76,
            "research_to_sale_ratio": null,
            "price_fair": 129.5,
            "eps_avg_yearly": 3.7,
            "eps_latest_yearly": 3.6,
            "eps_growth_yearly": 367.86
        },
        "20101": {
            "year_quarter": 20101,
            "year": 2010,
            "quarter": 1,
            "eps": 0.78,
            "eps_growth_year": null,
            "eps_4q": 2.8,
            "eps_4q_growth_year": null,
            "roe": 8.78,
            "roe_4q": 37.47,
            "gross_profit": 1552416,
            "gross_margin": 14.69,
            "gross_margin_4q_avg": 12.8,
            "net_income": 1306276,
            "net_income_4q": null,
            "revenue": 10565646,
            "revenue_4q": null,
            "common_shares": 16845706,
            "book_valuer_per_share": 9.22,
            "book_valuer_per_share_4q_avg": 7.78,
            "equity": 15526023,
            "current_ratio": 65.76,
            "debt_ratio": 53.15,
            "inventory_turnover_ratio": 1.72,
            "account_receivable_turnover_ratio": 14,
            "reinvestment_rate": 92.38,
            "research_to_sale_ratio": null,
            "price_fair": 127.94,
            "eps_avg_yearly": 3.66,
            "eps_latest_yearly": 3.12,
            "eps_growth_yearly": 335.46
        },
        "20102": {
            "year_quarter": 20102,
            "year": 2010,
            "quarter": 2,
            "eps": 0.98,
            "eps_growth_year": 365.64,
            "eps_4q": 3.59,
            "eps_4q_growth_year": null,
            "roe": 10.21,
            "roe_4q": 44.46,
            "gross_profit": 1922676,
            "gross_margin": 16.82,
            "gross_margin_4q_avg": 15,
            "net_income": 1647242,
            "net_income_4q": null,
            "revenue": 11432904,
            "revenue_4q": null,
            "common_shares": 16845706,
            "book_valuer_per_share": 9.94,
            "book_valuer_per_share_4q_avg": 8.74,
            "equity": 16737332,
            "current_ratio": 87.92,
            "debt_ratio": 49.14,
            "inventory_turnover_ratio": 1.87,
            "account_receivable_turnover_ratio": 10.91,
            "reinvestment_rate": 75.37,
            "research_to_sale_ratio": null,
            "price_fair": 123.09,
            "eps_avg_yearly": 3.52,
            "eps_latest_yearly": 3.92,
            "eps_growth_yearly": 174.12
        },
        "20103": {
            "year_quarter": 20103,
            "year": 2010,
            "quarter": 3,
            "eps": -0.19,
            "eps_growth_year": -117.49,
            "eps_4q": 2.99,
            "eps_4q_growth_year": null,
            "roe": -1.53,
            "roe_4q": 28.21,
            "gross_profit": -52236,
            "gross_margin": -0.55,
            "gross_margin_4q_avg": 10.3,
            "net_income": -258381,
            "net_income_4q": null,
            "revenue": 9549141,
            "revenue_4q": null,
            "common_shares": 13803312,
            "book_valuer_per_share": 12.31,
            "book_valuer_per_share_4q_avg": 9.98,
            "equity": 16988631,
            "current_ratio": 87.9,
            "debt_ratio": 51.27,
            "inventory_turnover_ratio": 1.57,
            "account_receivable_turnover_ratio": 9.54,
            "reinvestment_rate": 179.03,
            "research_to_sale_ratio": null,
            "price_fair": 110.02,
            "eps_avg_yearly": 3.14,
            "eps_latest_yearly": 3.92,
            "eps_growth_yearly": 175.35
        },
        "20104": {
            "year_quarter": 20104,
            "year": 2010,
            "quarter": 4,
            "eps": -0.83,
            "eps_growth_year": -192.59,
            "eps_4q": 1.12,
            "eps_4q_growth_year": 247.17,
            "roe": -7,
            "roe_4q": 10.46,
            "gross_profit": -1067599,
            "gross_margin": -9.99,
            "gross_margin_4q_avg": 5.24,
            "net_income": -1150270,
            "net_income_4q": null,
            "revenue": 10683575,
            "revenue_4q": null,
            "common_shares": 13803312,
            "book_valuer_per_share": 11.52,
            "book_valuer_per_share_4q_avg": 10.75,
            "equity": 15899543,
            "current_ratio": 80.12,
            "debt_ratio": 54.74,
            "inventory_turnover_ratio": 1.77,
            "account_receivable_turnover_ratio": 12.75,
            "reinvestment_rate": 544.28,
            "research_to_sale_ratio": null,
            "price_fair": 116.2,
            "eps_avg_yearly": 3.32,
            "eps_latest_yearly": 3.92,
            "eps_growth_yearly": 222.2
        },
        "20111": {
            "year_quarter": 20111,
            "year": 2011,
            "quarter": 1,
            "eps": 0.27,
            "eps_growth_year": -65.38,
            "eps_4q": 0.44,
            "eps_4q_growth_year": -84.19,
            "roe": 2.3,
            "roe_4q": 3.9800000000000004,
            "gross_profit": 744475,
            "gross_margin": 5.54,
            "gross_margin_4q_avg": 2.96,
            "net_income": 372545,
            "net_income_4q": null,
            "revenue": 13437507,
            "revenue_4q": null,
            "common_shares": 13803312,
            "book_valuer_per_share": 11.95,
            "book_valuer_per_share_4q_avg": 11.43,
            "equity": 16497377,
            "current_ratio": 77.41,
            "debt_ratio": 55.55,
            "inventory_turnover_ratio": 1.84,
            "account_receivable_turnover_ratio": 9.82,
            "reinvestment_rate": 846.58,
            "research_to_sale_ratio": null,
            "price_fair": 121.38,
            "eps_avg_yearly": 3.47,
            "eps_latest_yearly": 3.92,
            "eps_growth_yearly": 223.08
        },
        "20112": {
            "year_quarter": 20112,
            "year": 2011,
            "quarter": 2,
            "eps": -0.63,
            "eps_growth_year": -164.28,
            "eps_4q": -1.38,
            "eps_4q_growth_year": -138.39,
            "roe": -5.56,
            "roe_4q": -11.79,
            "gross_profit": -579440,
            "gross_margin": -5.74,
            "gross_margin_4q_avg": -2.69,
            "net_income": -867631,
            "net_income_4q": null,
            "revenue": 10090951,
            "revenue_4q": null,
            "common_shares": 13803312,
            "book_valuer_per_share": 10.67,
            "book_valuer_per_share_4q_avg": 11.61,
            "equity": 14725147,
            "current_ratio": 74.33,
            "debt_ratio": 61.94,
            "inventory_turnover_ratio": 1.2,
            "account_receivable_turnover_ratio": 7.28,
            "reinvestment_rate": null,
            "research_to_sale_ratio": null,
            "price_fair": 125.53,
            "eps_avg_yearly": 3.59,
            "eps_latest_yearly": 3.92,
            "eps_growth_yearly": 234.34
        },
        "20113": {
            "year_quarter": 20113,
            "year": 2011,
            "quarter": 3,
            "eps": 0.05,
            "eps_growth_year": null,
            "eps_4q": -1.1,
            "eps_4q_growth_year": -136.77,
            "roe": 0.46,
            "roe_4q": -9.8,
            "gross_profit": -358858,
            "gross_margin": -3,
            "gross_margin_4q_avg": -3.3,
            "net_income": 67805,
            "net_income_4q": null,
            "revenue": 11945704,
            "revenue_4q": null,
            "common_shares": 14355444,
            "book_valuer_per_share": 10.25,
            "book_valuer_per_share_4q_avg": 11.1,
            "equity": 14709021,
            "current_ratio": 76.43,
            "debt_ratio": 63.37,
            "inventory_turnover_ratio": 1.21,
            "account_receivable_turnover_ratio": 10.72,
            "reinvestment_rate": null,
            "research_to_sale_ratio": null,
            "price_fair": 130.2,
            "eps_avg_yearly": 3.72,
            "eps_latest_yearly": 3.92,
            "eps_growth_yearly": 261.13
        },
        "20114": {
            "year_quarter": 20114,
            "year": 2011,
            "quarter": 4,
            "eps": -1.41,
            "eps_growth_year": null,
            "eps_4q": -1.71,
            "eps_4q_growth_year": -252.36,
            "roe": -14.84,
            "roe_4q": -17.639999999999997,
            "gross_profit": -1739660,
            "gross_margin": -16.8,
            "gross_margin_4q_avg": -5,
            "net_income": -2020635,
            "net_income_4q": null,
            "revenue": 10352547,
            "revenue_4q": null,
            "common_shares": 14355444,
            "book_valuer_per_share": 8.73,
            "book_valuer_per_share_4q_avg": 10.4,
            "equity": 12527103,
            "current_ratio": 70.03,
            "debt_ratio": 67.16,
            "inventory_turnover_ratio": 1.24,
            "account_receivable_turnover_ratio": 9.87,
            "reinvestment_rate": null,
            "research_to_sale_ratio": null,
            "price_fair": 140.8,
            "eps_avg_yearly": 4.02,
            "eps_latest_yearly": 3.92,
            "eps_growth_yearly": 319.3
        },
        "20121": {
            "year_quarter": 20121,
            "year": 2012,
            "quarter": 1,
            "eps": -0.24,
            "eps_growth_year": -188.89,
            "eps_4q": -2.21,
            "eps_4q_growth_year": -598.4,
            "roe": -2.79,
            "roe_4q": -22.729999999999997,
            "gross_profit": 26254,
            "gross_margin": 0.21,
            "gross_margin_4q_avg": -6.33,
            "net_income": -347269,
            "net_income_4q": null,
            "revenue": 12426945,
            "revenue_4q": null,
            "common_shares": 14355444,
            "book_valuer_per_share": 8.62,
            "book_valuer_per_share_4q_avg": 9.57,
            "equity": 12375067,
            "current_ratio": 79.97,
            "debt_ratio": 66.04,
            "inventory_turnover_ratio": 1.47,
            "account_receivable_turnover_ratio": 11.49,
            "reinvestment_rate": null,
            "research_to_sale_ratio": null,
            "price_fair": 144.43,
            "eps_avg_yearly": 4.13,
            "eps_latest_yearly": 3.92,
            "eps_growth_yearly": 297.52
        },
        "20122": {
            "year_quarter": 20122,
            "year": 2012,
            "quarter": 2,
            "eps": -0.44,
            "eps_growth_year": null,
            "eps_4q": -2.05,
            "eps_4q_growth_year": null,
            "roe": -5.37,
            "roe_4q": -22.54,
            "gross_profit": -320183,
            "gross_margin": -2.92,
            "gross_margin_4q_avg": -5.63,
            "net_income": -638573,
            "net_income_4q": null,
            "revenue": 10948899,
            "revenue_4q": null,
            "common_shares": 14355444,
            "book_valuer_per_share": 7.96,
            "book_valuer_per_share_4q_avg": 8.89,
            "equity": 11424942,
            "current_ratio": 80.07,
            "debt_ratio": 67.6,
            "inventory_turnover_ratio": 1.56,
            "account_receivable_turnover_ratio": 8.51,
            "reinvestment_rate": null,
            "research_to_sale_ratio": null,
            "price_fair": 131.88,
            "eps_avg_yearly": 3.77,
            "eps_latest_yearly": 3.92,
            "eps_growth_yearly": 297.73
        },
        "20123": {
            "year_quarter": 20123,
            "year": 2012,
            "quarter": 3,
            "eps": -1.44,
            "eps_growth_year": -3140.49,
            "eps_4q": -3.53,
            "eps_4q_growth_year": null,
            "roe": -19.95,
            "roe_4q": -42.95,
            "gross_profit": -1856903,
            "gross_margin": -20.23,
            "gross_margin_4q_avg": -9.94,
            "net_income": -2061608,
            "net_income_4q": null,
            "revenue": 9177137,
            "revenue_4q": null,
            "common_shares": 14355444,
            "book_valuer_per_share": 6.44,
            "book_valuer_per_share_4q_avg": 7.94,
            "equity": 9240032,
            "current_ratio": 62.9,
            "debt_ratio": 73.75,
            "inventory_turnover_ratio": 1.55,
            "account_receivable_turnover_ratio": 7.8,
            "reinvestment_rate": null,
            "research_to_sale_ratio": null,
            "price_fair": 130.55,
            "eps_avg_yearly": 3.73,
            "eps_latest_yearly": 3.92,
            "eps_growth_yearly": 405.94
        },
        "20124": {
            "year_quarter": 20124,
            "year": 2012,
            "quarter": 4,
            "eps": -0.3,
            "eps_growth_year": null,
            "eps_4q": -2.42,
            "eps_4q_growth_year": null,
            "roe": -4.69,
            "roe_4q": -32.800000000000004,
            "gross_profit": -54166,
            "gross_margin": -0.51,
            "gross_margin_4q_avg": -5.86,
            "net_income": -425761,
            "net_income_4q": null,
            "revenue": 10678631,
            "revenue_4q": null,
            "common_shares": 14355444,
            "book_valuer_per_share": 6.2,
            "book_valuer_per_share_4q_avg": 7.31,
            "equity": 8902797,
            "current_ratio": 73.4,
            "debt_ratio": 75.02,
            "inventory_turnover_ratio": 1.52,
            "account_receivable_turnover_ratio": 9.36,
            "reinvestment_rate": null,
            "research_to_sale_ratio": null,
            "price_fair": 130.55,
            "eps_avg_yearly": 3.73,
            "eps_latest_yearly": 3.92,
            "eps_growth_yearly": 405.94
        },
        "20131": {
            "year_quarter": 20131,
            "year": 2013,
            "quarter": 1,
            "eps": 0.28,
            "eps_growth_year": null,
            "eps_4q": -1.89,
            "eps_4q_growth_year": null,
            "roe": 4.51,
            "roe_4q": -25.5,
            "gross_profit": 784831,
            "gross_margin": 6.48,
            "gross_margin_4q_avg": -4.3,
            "net_income": 405851,
            "net_income_4q": null,
            "revenue": 12107244,
            "revenue_4q": null,
            "common_shares": 14355444,
            "book_valuer_per_share": 6.35,
            "book_valuer_per_share_4q_avg": 6.74,
            "equity": 9110168,
            "current_ratio": 67.09,
            "debt_ratio": 73.32,
            "inventory_turnover_ratio": 1.85,
            "account_receivable_turnover_ratio": 8.5,
            "reinvestment_rate": null,
            "research_to_sale_ratio": null,
            "price_fair": 130.55,
            "eps_avg_yearly": 3.73,
            "eps_latest_yearly": 3.92,
            "eps_growth_yearly": 405.94
        },
        "20132": {
            "year_quarter": 20132,
            "year": 2013,
            "quarter": 2,
            "eps": -0.23,
            "eps_growth_year": null,
            "eps_4q": -1.68,
            "eps_4q_growth_year": null,
            "roe": -3.8,
            "roe_4q": -23.93,
            "gross_profit": 38331,
            "gross_margin": 0.46,
            "gross_margin_4q_avg": -3.45,
            "net_income": -335441,
            "net_income_4q": null,
            "revenue": 8355300,
            "revenue_4q": null,
            "common_shares": 14355444,
            "book_valuer_per_share": 5.96,
            "book_valuer_per_share_4q_avg": 6.24,
            "equity": 8551320,
            "current_ratio": 70.05,
            "debt_ratio": 76.45,
            "inventory_turnover_ratio": 1.3,
            "account_receivable_turnover_ratio": 5.8,
            "reinvestment_rate": null,
            "research_to_sale_ratio": null,
            "price_fair": 130.55,
            "eps_avg_yearly": 3.73,
            "eps_latest_yearly": 3.92,
            "eps_growth_yearly": 405.94
        },
        "20133": {
            "year_quarter": 20133,
            "year": 2013,
            "quarter": 3,
            "eps": -0.17,
            "eps_growth_year": null,
            "eps_4q": -0.42,
            "eps_4q_growth_year": null,
            "roe": -2.91,
            "roe_4q": -6.890000000000001,
            "gross_profit": 11395,
            "gross_margin": 0.12,
            "gross_margin_4q_avg": 1.64,
            "net_income": -248993,
            "net_income_4q": null,
            "revenue": 9907758,
            "revenue_4q": null,
            "common_shares": 14355444,
            "book_valuer_per_share": 5.95,
            "book_valuer_per_share_4q_avg": 6.12,
            "equity": 8545942,
            "current_ratio": 60.59,
            "debt_ratio": 76.37,
            "inventory_turnover_ratio": 1.46,
            "account_receivable_turnover_ratio": 8.06,
            "reinvestment_rate": null,
            "research_to_sale_ratio": null,
            "price_fair": 10.64,
            "eps_avg_yearly": 3.55,
            "eps_latest_yearly": 3.92,
            "eps_growth_yearly": -4.77
        },
        "20134": {
            "year_quarter": 20134,
            "year": 2013,
            "quarter": 4,
            "eps": 0.22,
            "eps_growth_year": null,
            "eps_4q": 0.1,
            "eps_4q_growth_year": null,
            "roe": 3.64,
            "roe_4q": 1.44,
            "gross_profit": 494022,
            "gross_margin": 5.82,
            "gross_margin_4q_avg": 3.22,
            "net_income": 317940,
            "net_income_4q": null,
            "revenue": 8484928,
            "revenue_4q": null,
            "common_shares": 14355444,
            "book_valuer_per_share": 6.22,
            "book_valuer_per_share_4q_avg": 6.12,
            "equity": 8936129,
            "current_ratio": 70.26,
            "debt_ratio": 75.34,
            "inventory_turnover_ratio": 1.21,
            "account_receivable_turnover_ratio": 9.34,
            "reinvestment_rate": null,
            "research_to_sale_ratio": null,
            "price_fair": 121.85,
            "eps_avg_yearly": 3.52,
            "eps_latest_yearly": 3.92,
            "eps_growth_yearly": 24.62
        },
        "20141": {
            "year_quarter": 20141,
            "year": 2014,
            "quarter": 1,
            "eps": 0.11,
            "eps_growth_year": -60.71,
            "eps_4q": -0.08,
            "eps_4q_growth_year": null,
            "roe": 1.73,
            "roe_4q": -1.3399999999999999,
            "gross_profit": 472679,
            "gross_margin": 4.73,
            "gross_margin_4q_avg": 2.78,
            "net_income": 154587,
            "net_income_4q": null,
            "revenue": 9989941,
            "revenue_4q": null,
            "common_shares": 14355444,
            "book_valuer_per_share": 6.2,
            "book_valuer_per_share_4q_avg": 6.08,
            "equity": 8904367,
            "current_ratio": 66.05,
            "debt_ratio": 75.41,
            "inventory_turnover_ratio": 1.36,
            "account_receivable_turnover_ratio": 11.58,
            "reinvestment_rate": null,
            "research_to_sale_ratio": null,
            "price_fair": 6.54,
            "eps_avg_yearly": 2.18,
            "eps_latest_yearly": 0.44,
            "eps_growth_yearly": -48.72
        },
        "20142": {
            "year_quarter": 20142,
            "year": 2014,
            "quarter": 2,
            "eps": 0.01,
            "eps_growth_year": null,
            "eps_4q": 0.16,
            "eps_4q_growth_year": null,
            "roe": 0.14,
            "roe_4q": 2.5999999999999996,
            "gross_profit": 276586,
            "gross_margin": 2.92,
            "gross_margin_4q_avg": 3.4,
            "net_income": 12790,
            "net_income_4q": null,
            "revenue": 9470973,
            "revenue_4q": null,
            "common_shares": 14355444,
            "book_valuer_per_share": 6.18,
            "book_valuer_per_share_4q_avg": 6.14,
            "equity": 8870212,
            "current_ratio": 60.74,
            "debt_ratio": 75.21,
            "inventory_turnover_ratio": 1.38,
            "account_receivable_turnover_ratio": 7.47,
            "reinvestment_rate": null,
            "research_to_sale_ratio": null,
            "price_fair": 0.72,
            "eps_avg_yearly": 0.24,
            "eps_latest_yearly": 0.04,
            "eps_growth_yearly": -281.82
        },
        "20143": {
            "year_quarter": 20143,
            "year": 2014,
            "quarter": 3,
            "eps": 0.04,
            "eps_growth_year": null,
            "eps_4q": 0.38,
            "eps_4q_growth_year": null,
            "roe": 0.65,
            "roe_4q": 6.16,
            "gross_profit": 278786,
            "gross_margin": 2.92,
            "gross_margin_4q_avg": 4.1,
            "net_income": 58842,
            "net_income_4q": null,
            "revenue": 9541107,
            "revenue_4q": null,
            "common_shares": 14355444,
            "book_valuer_per_share": 6.36,
            "book_valuer_per_share_4q_avg": 6.24,
            "equity": 9126334,
            "current_ratio": 57.47,
            "debt_ratio": 73.65,
            "inventory_turnover_ratio": 1.5,
            "account_receivable_turnover_ratio": 7.54,
            "reinvestment_rate": null,
            "research_to_sale_ratio": null,
            "price_fair": 7.47,
            "eps_avg_yearly": 0.21,
            "eps_latest_yearly": 0.16,
            "eps_growth_yearly": 212.12
        },
        "20144": {
            "year_quarter": 20144,
            "year": 2014,
            "quarter": 4,
            "eps": -0.01,
            "eps_growth_year": -105.61,
            "eps_4q": 0.15,
            "eps_4q_growth_year": 49.54,
            "roe": -0.2,
            "roe_4q": 2.3200000000000003,
            "gross_profit": 266321,
            "gross_margin": 3.28,
            "gross_margin_4q_avg": 3.46,
            "net_income": -17822,
            "net_income_4q": null,
            "revenue": 8130648,
            "revenue_4q": null,
            "common_shares": 14355444,
            "book_valuer_per_share": 6.32,
            "book_valuer_per_share_4q_avg": 6.27,
            "equity": 9076044,
            "current_ratio": 82.36,
            "debt_ratio": 74.05,
            "inventory_turnover_ratio": 1.22,
            "account_receivable_turnover_ratio": 8.16,
            "reinvestment_rate": null,
            "research_to_sale_ratio": null,
            "price_fair": 7.47,
            "eps_avg_yearly": 0.21,
            "eps_latest_yearly": 0.16,
            "eps_growth_yearly": 212.12
        },
        "20151": {
            "year_quarter": 20151,
            "year": 2015,
            "quarter": 1,
            "eps": -0.98,
            "eps_growth_year": -990.91,
            "eps_4q": -0.94,
            "eps_4q_growth_year": null,
            "roe": -16.82,
            "roe_4q": -16.23,
            "gross_profit": -1088376,
            "gross_margin": -14.07,
            "gross_margin_4q_avg": -1.24,
            "net_income": -1402544,
            "net_income_4q": null,
            "revenue": 7734996,
            "revenue_4q": null,
            "common_shares": 14355444,
            "book_valuer_per_share": 5.29,
            "book_valuer_per_share_4q_avg": 6.04,
            "equity": 7599687,
            "current_ratio": 68.45,
            "debt_ratio": 78.65,
            "inventory_turnover_ratio": 1.18,
            "account_receivable_turnover_ratio": 9.67,
            "reinvestment_rate": null,
            "research_to_sale_ratio": null,
            "price_fair": 7.47,
            "eps_avg_yearly": 0.21,
            "eps_latest_yearly": 0.16,
            "eps_growth_yearly": 212.12
        },
        "20152": {
            "year_quarter": 20152,
            "year": 2015,
            "quarter": 2,
            "eps": 0.2,
            "eps_growth_year": 1900,
            "eps_4q": -0.75,
            "eps_4q_growth_year": -554.67,
            "roe": 3.75,
            "roe_4q": -12.62,
            "gross_profit": -500467,
            "gross_margin": -6.56,
            "gross_margin_4q_avg": -3.61,
            "net_income": 287038,
            "net_income_4q": null,
            "revenue": 7633732,
            "revenue_4q": null,
            "common_shares": 14355444,
            "book_valuer_per_share": 5.36,
            "book_valuer_per_share_4q_avg": 5.83,
            "equity": 7697554,
            "current_ratio": 58.43,
            "debt_ratio": 76.6,
            "inventory_turnover_ratio": 1.32,
            "account_receivable_turnover_ratio": 9.71,
            "reinvestment_rate": null,
            "research_to_sale_ratio": null,
            "price_fair": 7.47,
            "eps_avg_yearly": 0.21,
            "eps_latest_yearly": 0.16,
            "eps_growth_yearly": 212.12
        },
        "20153": {
            "year_quarter": 20153,
            "year": 2015,
            "quarter": 3,
            "eps": 0.35,
            "eps_growth_year": 775,
            "eps_4q": -0.43,
            "eps_4q_growth_year": -214.7,
            "roe": 6.73,
            "roe_4q": -6.54,
            "gross_profit": 220469,
            "gross_margin": 2.89,
            "gross_margin_4q_avg": -3.62,
            "net_income": 509172,
            "net_income_4q": null,
            "revenue": 7640814,
            "revenue_4q": null,
            "common_shares": 14355444,
            "book_valuer_per_share": 5.18,
            "book_valuer_per_share_4q_avg": 5.54,
            "equity": 7430737,
            "current_ratio": 44.48,
            "debt_ratio": 76.58,
            "inventory_turnover_ratio": 1.74,
            "account_receivable_turnover_ratio": 11.12,
            "reinvestment_rate": null,
            "research_to_sale_ratio": null,
            "price_fair": 17.85,
            "eps_avg_yearly": 0.51,
            "eps_latest_yearly": 1.4,
            "eps_growth_yearly": 234.09
        },
        "20154": {
            "year_quarter": 20154,
            "year": 2015,
            "quarter": 4,
            "eps": -0.39,
            "eps_growth_year": null,
            "eps_4q": -0.81,
            "eps_4q_growth_year": -657.69,
            "roe": -7.9,
            "roe_4q": -14.24,
            "gross_profit": -236141,
            "gross_margin": -3.38,
            "gross_margin_4q_avg": -5.28,
            "net_income": -555864,
            "net_income_4q": null,
            "revenue": 6982789,
            "revenue_4q": null,
            "common_shares": 14355444,
            "book_valuer_per_share": 4.62,
            "book_valuer_per_share_4q_avg": 5.11,
            "equity": 6638255,
            "current_ratio": 58.96,
            "debt_ratio": 78.31,
            "inventory_turnover_ratio": 1.97,
            "account_receivable_turnover_ratio": 9.93,
            "reinvestment_rate": null,
            "research_to_sale_ratio": null,
            "price_fair": 17.85,
            "eps_avg_yearly": 0.51,
            "eps_latest_yearly": 1.4,
            "eps_growth_yearly": 234.09
        },
        "20161": {
            "year_quarter": 20161,
            "year": 2016,
            "quarter": 1,
            "eps": 0,
            "eps_growth_year": null,
            "eps_4q": 0.17,
            "eps_4q_growth_year": null,
            "roe": 0.04,
            "roe_4q": 2.62,
            "gross_profit": 358496,
            "gross_margin": 4.65,
            "gross_margin_4q_avg": -0.6,
            "net_income": 2709,
            "net_income_4q": null,
            "revenue": 7706937,
            "revenue_4q": null,
            "common_shares": 14355444,
            "book_valuer_per_share": 5.07,
            "book_valuer_per_share_4q_avg": 5.06,
            "equity": 7272166,
            "current_ratio": 44.79,
            "debt_ratio": 76.2,
            "inventory_turnover_ratio": 2.32,
            "account_receivable_turnover_ratio": 10.04,
            "reinvestment_rate": null,
            "research_to_sale_ratio": null,
            "price_fair": 17.85,
            "eps_avg_yearly": 0.51,
            "eps_latest_yearly": 1.4,
            "eps_growth_yearly": 234.09
        },
        "20162": {
            "year_quarter": 20162,
            "year": 2016,
            "quarter": 2,
            "eps": 0.51,
            "eps_growth_year": 155,
            "eps_4q": 0.48,
            "eps_4q_growth_year": null,
            "roe": 9.77,
            "roe_4q": 8.639999999999999,
            "gross_profit": 1094087,
            "gross_margin": 13.29,
            "gross_margin_4q_avg": 4.36,
            "net_income": 735901,
            "net_income_4q": null,
            "revenue": 8232896,
            "revenue_4q": null,
            "common_shares": 14355444,
            "book_valuer_per_share": 5.43,
            "book_valuer_per_share_4q_avg": 5.08,
            "equity": 7793519,
            "current_ratio": 49.97,
            "debt_ratio": 74.46,
            "inventory_turnover_ratio": 2.04,
            "account_receivable_turnover_ratio": 11.49,
            "reinvestment_rate": null,
            "research_to_sale_ratio": null,
            "price_fair": 17.85,
            "eps_avg_yearly": 0.51,
            "eps_latest_yearly": 1.4,
            "eps_growth_yearly": 234.09
        },
        "20163": {
            "year_quarter": 20163,
            "year": 2016,
            "quarter": 3,
            "eps": 0.53,
            "eps_growth_year": 51.43,
            "eps_4q": 0.66,
            "eps_4q_growth_year": null,
            "roe": 9.26,
            "roe_4q": 11.17,
            "gross_profit": 1043606,
            "gross_margin": 12.96,
            "gross_margin_4q_avg": 6.88,
            "net_income": 765414,
            "net_income_4q": null,
            "revenue": 8051965,
            "revenue_4q": null,
            "common_shares": 14355444,
            "book_valuer_per_share": 6.08,
            "book_valuer_per_share_4q_avg": 5.3,
            "equity": 8730965,
            "current_ratio": 52.36,
            "debt_ratio": 71.55,
            "inventory_turnover_ratio": 1.68,
            "account_receivable_turnover_ratio": 10.45,
            "reinvestment_rate": -794.14,
            "research_to_sale_ratio": null,
            "price_fair": 29.12,
            "eps_avg_yearly": 0.83,
            "eps_latest_yearly": 2.12,
            "eps_growth_yearly": 190.41
        },
        "20164": {
            "year_quarter": 20164,
            "year": 2016,
            "quarter": 4,
            "eps": 0.28,
            "eps_growth_year": null,
            "eps_4q": 1.33,
            "eps_4q_growth_year": null,
            "roe": 4.51,
            "roe_4q": 23.58,
            "gross_profit": 789535,
            "gross_margin": 8.36,
            "gross_margin_4q_avg": 9.82,
            "net_income": 409095,
            "net_income_4q": null,
            "revenue": 9448324,
            "revenue_4q": null,
            "common_shares": 14355444,
            "book_valuer_per_share": 6.55,
            "book_valuer_per_share_4q_avg": 5.78,
            "equity": 9409814,
            "current_ratio": 54.74,
            "debt_ratio": 69.67,
            "inventory_turnover_ratio": 1.93,
            "account_receivable_turnover_ratio": 10.61,
            "reinvestment_rate": -228.99,
            "research_to_sale_ratio": null,
            "price_fair": 30.8,
            "eps_avg_yearly": 0.88,
            "eps_latest_yearly": 1.12,
            "eps_growth_yearly": 127.23
        },
        "20171": {
            "year_quarter": 20171,
            "year": 2017,
            "quarter": 1,
            "eps": 0.48,
            "eps_growth_year": null,
            "eps_4q": 1.82,
            "eps_4q_growth_year": 972.03,
            "roe": 7.08,
            "roe_4q": 30.62,
            "gross_profit": 1009668,
            "gross_margin": 10.07,
            "gross_margin_4q_avg": 11.17,
            "net_income": 695203,
            "net_income_4q": null,
            "revenue": 10029231,
            "revenue_4q": null,
            "common_shares": 14355444,
            "book_valuer_per_share": 7.12,
            "book_valuer_per_share_4q_avg": 6.3,
            "equity": 10214724,
            "current_ratio": 57.71,
            "debt_ratio": 67.44,
            "inventory_turnover_ratio": 1.84,
            "account_receivable_turnover_ratio": 11.2,
            "reinvestment_rate": -206.84,
            "research_to_sale_ratio": null,
            "price_fair": 36,
            "eps_avg_yearly": 1.03,
            "eps_latest_yearly": 1.92,
            "eps_growth_yearly": 149.87
        },
        "20172": {
            "year_quarter": 20172,
            "year": 2017,
            "quarter": 2,
            "eps": 0.22,
            "eps_growth_year": -56.86,
            "eps_4q": 1.52,
            "eps_4q_growth_year": 215.34,
            "roe": 3.02,
            "roe_4q": 23.869999999999997,
            "gross_profit": 655339,
            "gross_margin": 6.93,
            "gross_margin_4q_avg": 9.58,
            "net_income": 312172,
            "net_income_4q": null,
            "revenue": 9457771,
            "revenue_4q": null,
            "common_shares": 14355444,
            "book_valuer_per_share": 7.28,
            "book_valuer_per_share_4q_avg": 6.76,
            "equity": 10447137,
            "current_ratio": 60.81,
            "debt_ratio": 66.79,
            "inventory_turnover_ratio": 1.71,
            "account_receivable_turnover_ratio": 9.92,
            "reinvestment_rate": -154.15,
            "research_to_sale_ratio": null,
            "price_fair": 35.35,
            "eps_avg_yearly": 1.01,
            "eps_latest_yearly": 0.88,
            "eps_growth_yearly": 104.05
        },
        "20173": {
            "year_quarter": 20173,
            "year": 2017,
            "quarter": 3,
            "eps": 0.31,
            "eps_growth_year": -41.51,
            "eps_4q": 1.29,
            "eps_4q_growth_year": 95.77,
            "roe": 4.13,
            "roe_4q": 18.740000000000002,
            "gross_profit": 698290,
            "gross_margin": 6.75,
            "gross_margin_4q_avg": 8.03,
            "net_income": 439747,
            "net_income_4q": null,
            "revenue": 10348387,
            "revenue_4q": null,
            "common_shares": 14355444,
            "book_valuer_per_share": 7.55,
            "book_valuer_per_share_4q_avg": 7.13,
            "equity": 10844676,
            "current_ratio": 61.03,
            "debt_ratio": 64.64,
            "inventory_turnover_ratio": 1.97,
            "account_receivable_turnover_ratio": 8.59,
            "reinvestment_rate": -140.2,
            "research_to_sale_ratio": null,
            "price_fair": 36.24,
            "eps_avg_yearly": 1.04,
            "eps_latest_yearly": 1.24,
            "eps_growth_yearly": 110.67
        },
        "20174": {
            "year_quarter": 20174,
            "year": 2017,
            "quarter": 4,
            "eps": 0.81,
            "eps_growth_year": 183.34,
            "eps_4q": 1.82,
            "eps_4q_growth_year": 36.23,
            "roe": 10.18,
            "roe_4q": 24.409999999999997,
            "gross_profit": 1525806,
            "gross_margin": 13.93,
            "gross_margin_4q_avg": 9.42,
            "net_income": 1159151,
            "net_income_4q": null,
            "revenue": 10957055,
            "revenue_4q": null,
            "common_shares": 14355444,
            "book_valuer_per_share": 8.31,
            "book_valuer_per_share_4q_avg": 7.57,
            "equity": 11925659,
            "current_ratio": 83.38,
            "debt_ratio": 61.99,
            "inventory_turnover_ratio": 1.94,
            "account_receivable_turnover_ratio": 7.85,
            "reinvestment_rate": -91.27,
            "research_to_sale_ratio": null,
            "price_fair": 43.96,
            "eps_avg_yearly": 1.26,
            "eps_latest_yearly": 3.24,
            "eps_growth_yearly": 164.12
        },
        "20181": {
            "year_quarter": 20181,
            "year": 2018,
            "quarter": 1,
            "eps": 0.51,
            "eps_growth_year": 6.25,
            "eps_4q": 1.84,
            "eps_4q_growth_year": 1.3,
            "roe": 5.97,
            "roe_4q": 23.299999999999997,
            "gross_profit": 1058435,
            "gross_margin": 9.51,
            "gross_margin_4q_avg": 9.28,
            "net_income": 728487,
            "net_income_4q": null,
            "revenue": 11126911,
            "revenue_4q": null,
            "common_shares": 14355444,
            "book_valuer_per_share": 8.69,
            "book_valuer_per_share_4q_avg": 7.96,
            "equity": 12471175,
            "current_ratio": 70.21,
            "debt_ratio": 59.48,
            "inventory_turnover_ratio": 2.04,
            "account_receivable_turnover_ratio": 8.58,
            "reinvestment_rate": -79.94,
            "research_to_sale_ratio": null,
            "price_fair": 49.56,
            "eps_avg_yearly": 1.42,
            "eps_latest_yearly": 2.04,
            "eps_growth_yearly": 169.31
        },
        "20182": {
            "year_quarter": 20182,
            "year": 2018,
            "quarter": 2,
            "eps": 0.59,
            "eps_growth_year": 168.18,
            "eps_4q": 2.21,
            "eps_4q_growth_year": 45.33,
            "roe": 6.53,
            "roe_4q": 26.81,
            "gross_profit": 1209754,
            "gross_margin": 9.86,
            "gross_margin_4q_avg": 10.01,
            "net_income": 843605,
            "net_income_4q": null,
            "revenue": 12265463,
            "revenue_4q": null,
            "common_shares": 14355444,
            "book_valuer_per_share": 9.3,
            "book_valuer_per_share_4q_avg": 8.46,
            "equity": 13351937,
            "current_ratio": 97.75,
            "debt_ratio": 57.09,
            "inventory_turnover_ratio": 2.14,
            "account_receivable_turnover_ratio": 9.25,
            "reinvestment_rate": -64.82,
            "research_to_sale_ratio": null,
            "price_fair": 57.68,
            "eps_avg_yearly": 1.65,
            "eps_latest_yearly": 2.36,
            "eps_growth_yearly": 211.94
        },
        "20183": {
            "year_quarter": 20183,
            "year": 2018,
            "quarter": 3,
            "eps": 0.62,
            "eps_growth_year": 100,
            "eps_4q": 2.52,
            "eps_4q_growth_year": 95.2,
            "roe": 6.4,
            "roe_4q": 29.08,
            "gross_profit": 1140902,
            "gross_margin": 8.78,
            "gross_margin_4q_avg": 10.52,
            "net_income": 892020,
            "net_income_4q": null,
            "revenue": 12987818,
            "revenue_4q": null,
            "common_shares": 14355444,
            "book_valuer_per_share": 10.1,
            "book_valuer_per_share_4q_avg": 9.1,
            "equity": 14503596,
            "current_ratio": 91.64,
            "debt_ratio": 57,
            "inventory_turnover_ratio": 2.03,
            "account_receivable_turnover_ratio": 6.19,
            "reinvestment_rate": -54.28,
            "research_to_sale_ratio": null,
            "price_fair": 65.8,
            "eps_avg_yearly": 1.88,
            "eps_latest_yearly": 2.48,
            "eps_growth_yearly": 93.98
        },
        "20184": {
            "year_quarter": 20184,
            "year": 2018,
            "quarter": 4,
            "eps": 0.4,
            "eps_growth_year": -50.9,
            "eps_4q": 2.11,
            "eps_4q_growth_year": 16.38,
            "roe": 3.89,
            "roe_4q": 22.79,
            "gross_profit": 975795,
            "gross_margin": 8.23,
            "gross_margin_4q_avg": 9.1,
            "net_income": 569111,
            "net_income_4q": null,
            "revenue": 11858693,
            "revenue_4q": null,
            "common_shares": 14355444,
            "book_valuer_per_share": 10.28,
            "book_valuer_per_share_4q_avg": 9.59,
            "equity": 14763246,
            "current_ratio": 93.84,
            "debt_ratio": 55.83,
            "inventory_turnover_ratio": 1.51,
            "account_receivable_turnover_ratio": 6.22,
            "reinvestment_rate": -49.63,
            "research_to_sale_ratio": null,
            "price_fair": 64.91,
            "eps_avg_yearly": 1.85,
            "eps_latest_yearly": 1.6,
            "eps_growth_yearly": 72.53
        },
        "20191": {
            "year_quarter": 20191,
            "year": 2019,
            "quarter": 1,
            "eps": 0.05,
            "eps_growth_year": -90.2,
            "eps_4q": 1.66,
            "eps_4q_growth_year": -9.73,
            "roe": 0.52,
            "roe_4q": 17.34,
            "gross_profit": 507510,
            "gross_margin": 4.23,
            "gross_margin_4q_avg": 7.78,
            "net_income": 77935,
            "net_income_4q": null,
            "revenue": 11983950,
            "revenue_4q": null,
            "common_shares": 14355444,
            "book_valuer_per_share": 10.44,
            "book_valuer_per_share_4q_avg": 10.03,
            "equity": 14993089,
            "current_ratio": 83.04,
            "debt_ratio": 54.66,
            "inventory_turnover_ratio": 1.48,
            "account_receivable_turnover_ratio": 8.11,
            "reinvestment_rate": -36.64,
            "research_to_sale_ratio": null,
            "price_fair": 60.08,
            "eps_avg_yearly": 1.72,
            "eps_latest_yearly": 0.2,
            "eps_growth_yearly": 37.32
        },
        "20192": {
            "year_quarter": 20192,
            "year": 2019,
            "quarter": 2,
            "eps": 0.2,
            "eps_growth_year": -66.1,
            "eps_4q": 1.27,
            "eps_4q_growth_year": -42.63,
            "roe": 1.86,
            "roe_4q": 12.67,
            "gross_profit": 747781,
            "gross_margin": 6.44,
            "gross_margin_4q_avg": 6.92,
            "net_income": 280121,
            "net_income_4q": null,
            "revenue": 11615727,
            "revenue_4q": null,
            "common_shares": 14355444,
            "book_valuer_per_share": 10.5,
            "book_valuer_per_share_4q_avg": 10.33,
            "equity": 15077109,
            "current_ratio": 99.93,
            "debt_ratio": 53.57,
            "inventory_turnover_ratio": 1.52,
            "account_receivable_turnover_ratio": 6.79,
            "reinvestment_rate": -33.12,
            "research_to_sale_ratio": null,
            "price_fair": 57.62,
            "eps_avg_yearly": 1.65,
            "eps_latest_yearly": 0.8,
            "eps_growth_yearly": 126.76
        },
        "20193": {
            "year_quarter": 20193,
            "year": 2019,
            "quarter": 3,
            "eps": 0.04,
            "eps_growth_year": -93.55,
            "eps_4q": 0.69,
            "eps_4q_growth_year": -72.67,
            "roe": 0.42,
            "roe_4q": 6.69,
            "gross_profit": 237805,
            "gross_margin": 2.48,
            "gross_margin_4q_avg": 5.35,
            "net_income": 63057,
            "net_income_4q": null,
            "revenue": 9583283,
            "revenue_4q": null,
            "common_shares": 14355444,
            "book_valuer_per_share": 10.35,
            "book_valuer_per_share_4q_avg": 10.39,
            "equity": 14856928,
            "current_ratio": 100.98,
            "debt_ratio": 53.14,
            "inventory_turnover_ratio": 1.27,
            "account_receivable_turnover_ratio": 7.68,
            "reinvestment_rate": -47.39,
            "research_to_sale_ratio": null,
            "price_fair": 54.28,
            "eps_avg_yearly": 1.55,
            "eps_latest_yearly": 0.16,
            "eps_growth_yearly": 79.07
        },
        "20194": {
            "year_quarter": 20194,
            "year": 2019,
            "quarter": 4,
            "eps": -0.29,
            "eps_growth_year": -172.1,
            "eps_4q": 0.01,
            "eps_4q_growth_year": -99.64,
            "roe": -2.79,
            "roe_4q": 0.010000000000000009,
            "gross_profit": -248168,
            "gross_margin": -3.41,
            "gross_margin_4q_avg": 2.44,
            "net_income": -410322,
            "net_income_4q": null,
            "revenue": 7287169,
            "revenue_4q": null,
            "common_shares": 14355444,
            "book_valuer_per_share": 10.15,
            "book_valuer_per_share_4q_avg": 10.36,
            "equity": 14568897,
            "current_ratio": 108.31,
            "debt_ratio": 52.18,
            "inventory_turnover_ratio": 1.06,
            "account_receivable_turnover_ratio": 10.34,
            "reinvestment_rate": -39.85,
            "research_to_sale_ratio": null,
            "price_fair": 54.28,
            "eps_avg_yearly": 1.55,
            "eps_latest_yearly": 0.16,
            "eps_growth_yearly": 79.07
        },
        "20201": {
            "year_quarter": 20201,
            "year": 2020,
            "quarter": 1,
            "eps": -0.09,
            "eps_growth_year": -280,
            "eps_4q": -0.13,
            "eps_4q_growth_year": -108.08,
            "roe": -0.89,
            "roe_4q": -1.4000000000000001,
            "gross_profit": 282397,
            "gross_margin": 2.8,
            "gross_margin_4q_avg": 2.08,
            "net_income": -125295,
            "net_income_4q": null,
            "revenue": 10098893,
            "revenue_4q": null,
            "common_shares": 14355444,
            "book_valuer_per_share": 9.57,
            "book_valuer_per_share_4q_avg": 10.14,
            "equity": 13733343,
            "current_ratio": 106.01,
            "debt_ratio": 53.67,
            "inventory_turnover_ratio": 1.47,
            "account_receivable_turnover_ratio": 17.64,
            "reinvestment_rate": -51.53,
            "research_to_sale_ratio": null,
            "price_fair": 54.28,
            "eps_avg_yearly": 1.55,
            "eps_latest_yearly": 0.16,
            "eps_growth_yearly": 79.07
        },
        "20202": {
            "year_quarter": 20202,
            "year": 2020,
            "quarter": 2,
            "eps": -0.25,
            "eps_growth_year": -225,
            "eps_4q": -0.58,
            "eps_4q_growth_year": -145.96,
            "roe": -2.66,
            "roe_4q": -5.92,
            "gross_profit": -94082,
            "gross_margin": -1.2,
            "gross_margin_4q_avg": 0.17,
            "net_income": -363608,
            "net_income_4q": null,
            "revenue": 7850412,
            "revenue_4q": null,
            "common_shares": 14355444,
            "book_valuer_per_share": 9.48,
            "book_valuer_per_share_4q_avg": 9.89,
            "equity": 13614189,
            "current_ratio": 103.45,
            "debt_ratio": 54.05,
            "inventory_turnover_ratio": 1.32,
            "account_receivable_turnover_ratio": 8.5,
            "reinvestment_rate": -50.91,
            "research_to_sale_ratio": null,
            "price_fair": 54.28,
            "eps_avg_yearly": 1.55,
            "eps_latest_yearly": 0.16,
            "eps_growth_yearly": 79.07
        },
        "20203": {
            "year_quarter": 20203,
            "year": 2020,
            "quarter": 3,
            "eps": 0.17,
            "eps_growth_year": 325,
            "eps_4q": -0.45,
            "eps_4q_growth_year": -165.57,
            "roe": 1.82,
            "roe_4q": -4.52,
            "gross_profit": 355783,
            "gross_margin": 3.85,
            "gross_margin_4q_avg": 0.51,
            "net_income": 249930,
            "net_income_4q": null,
            "revenue": 9243540,
            "revenue_4q": null,
            "common_shares": 14355444,
            "book_valuer_per_share": 9.63,
            "book_valuer_per_share_4q_avg": 9.71,
            "equity": 13826852,
            "current_ratio": 110.47,
            "debt_ratio": 50.2,
            "inventory_turnover_ratio": 1.81,
            "account_receivable_turnover_ratio": 8.33,
            "reinvestment_rate": -60.42,
            "research_to_sale_ratio": null,
            "price_fair": 52.62,
            "eps_avg_yearly": 1.5,
            "eps_latest_yearly": 0.16,
            "eps_growth_yearly": 84.35
        },
        "20204": {
            "year_quarter": 20204,
            "year": 2020,
            "quarter": 4,
            "eps": 0.53,
            "eps_growth_year": null,
            "eps_4q": 0.37,
            "eps_4q_growth_year": 4795.38,
            "roe": 5.28,
            "roe_4q": 3.5500000000000003,
            "gross_profit": 910402,
            "gross_margin": 9.49,
            "gross_margin_4q_avg": 3.74,
            "net_income": 767233,
            "net_income_4q": null,
            "revenue": 9597309,
            "revenue_4q": null,
            "common_shares": 14355444,
            "book_valuer_per_share": 10.61,
            "book_valuer_per_share_4q_avg": 9.82,
            "equity": 15233274,
            "current_ratio": 136.17,
            "debt_ratio": 43.79,
            "inventory_turnover_ratio": 1.98,
            "account_receivable_turnover_ratio": 9.83,
            "reinvestment_rate": -58.84,
            "research_to_sale_ratio": null,
            "price_fair": 55.53,
            "eps_avg_yearly": 1.59,
            "eps_latest_yearly": 2.12,
            "eps_growth_yearly": 170.66
        },
        "20211": {
            "year_quarter": 20211,
            "year": 2021,
            "quarter": 1,
            "eps": 1.18,
            "eps_growth_year": null,
            "eps_4q": 1.64,
            "eps_4q_growth_year": null,
            "roe": 10.51,
            "roe_4q": 14.95,
            "gross_profit": 1948134,
            "gross_margin": 17.99,
            "gross_margin_4q_avg": 7.53,
            "net_income": 1700018,
            "net_income_4q": null,
            "revenue": 10830522,
            "revenue_4q": null,
            "common_shares": 14355444,
            "book_valuer_per_share": 11.92,
            "book_valuer_per_share_4q_avg": 10.41,
            "equity": 17108778,
            "current_ratio": 165.64,
            "debt_ratio": 39.77,
            "inventory_turnover_ratio": 1.93,
            "account_receivable_turnover_ratio": 10.49,
            "reinvestment_rate": -44.02,
            "research_to_sale_ratio": null,
            "price_fair": 63.7,
            "eps_avg_yearly": 1.82,
            "eps_latest_yearly": 4.72,
            "eps_growth_yearly": 187.73
        },
        "20212": {
            "year_quarter": 20212,
            "year": 2021,
            "quarter": 2,
            "eps": 1.59,
            "eps_growth_year": null,
            "eps_4q": 3.48,
            "eps_4q_growth_year": null,
            "roe": 11.99,
            "roe_4q": 29.6,
            "gross_profit": 2115380,
            "gross_margin": 15.79,
            "gross_margin_4q_avg": 11.78,
            "net_income": 2280826,
            "net_income_4q": null,
            "revenue": 13397363,
            "revenue_4q": null,
            "common_shares": 14355444,
            "book_valuer_per_share": 14.59,
            "book_valuer_per_share_4q_avg": 11.69,
            "equity": 20946220,
            "current_ratio": 218.03,
            "debt_ratio": 33.61,
            "inventory_turnover_ratio": 2.04,
            "account_receivable_turnover_ratio": 12.5,
            "reinvestment_rate": -15.05,
            "research_to_sale_ratio": null,
            "price_fair": 79.68,
            "eps_avg_yearly": 2.28,
            "eps_latest_yearly": 6.36,
            "eps_growth_yearly": 217.37
        },
        "20213": {
            "year_quarter": 20213,
            "year": 2021,
            "quarter": 3,
            "eps": 1.02,
            "eps_growth_year": 500,
            "eps_4q": 4.33,
            "eps_4q_growth_year": null,
            "roe": 6.83,
            "roe_4q": 34.61,
            "gross_profit": 1992638,
            "gross_margin": 12.74,
            "gross_margin_4q_avg": 14,
            "net_income": 1463615,
            "net_income_4q": null,
            "revenue": 15635269,
            "revenue_4q": null,
            "common_shares": 14355444,
            "book_valuer_per_share": 15.28,
            "book_valuer_per_share_4q_avg": 13.1,
            "equity": 21938885,
            "current_ratio": 180.69,
            "debt_ratio": 36.54,
            "inventory_turnover_ratio": 1.76,
            "account_receivable_turnover_ratio": 9.87,
            "reinvestment_rate": -21.61,
            "research_to_sale_ratio": null,
            "price_fair": 87.97,
            "eps_avg_yearly": 2.51,
            "eps_latest_yearly": 4.08,
            "eps_growth_yearly": 191.78
        },
        "20214": {
            "year_quarter": 20214,
            "year": 2021,
            "quarter": 4,
            "eps": 0.63,
            "eps_growth_year": 18.08,
            "eps_4q": 4.42,
            "eps_4q_growth_year": 1102.14,
            "roe": 4.07,
            "roe_4q": 33.4,
            "gross_profit": 1490250,
            "gross_margin": 10.74,
            "gross_margin_4q_avg": 14.32,
            "net_income": 905952,
            "net_income_4q": null,
            "revenue": 13880858,
            "revenue_4q": null,
            "common_shares": 14355444,
            "book_valuer_per_share": 15.72,
            "book_valuer_per_share_4q_avg": 14.38,
            "equity": 22561398,
            "current_ratio": 173.51,
            "debt_ratio": 39.8,
            "inventory_turnover_ratio": 1.12,
            "account_receivable_turnover_ratio": 8.9,
            "reinvestment_rate": -23.47,
            "research_to_sale_ratio": null,
            "price_fair": 85.87,
            "eps_avg_yearly": 2.45,
            "eps_latest_yearly": 2.52,
            "eps_growth_yearly": 125.27
        },
        "20221": {
            "year_quarter": 20221,
            "year": 2022,
            "quarter": 1,
            "eps": 0.35,
            "eps_growth_year": -70.34,
            "eps_4q": 3.59,
            "eps_4q_growth_year": 118.91,
            "roe": 2.17,
            "roe_4q": 25.060000000000002,
            "gross_profit": 624676,
            "gross_margin": 5.03,
            "gross_margin_4q_avg": 11.08,
            "net_income": 501891,
            "net_income_4q": null,
            "revenue": 12410223,
            "revenue_4q": null,
            "common_shares": 14355444,
            "book_valuer_per_share": 16.43,
            "book_valuer_per_share_4q_avg": 15.51,
            "equity": 23592078,
            "current_ratio": 213.51,
            "debt_ratio": 37.86,
            "inventory_turnover_ratio": 0.94,
            "account_receivable_turnover_ratio": 11.97,
            "reinvestment_rate": -16.51,
            "research_to_sale_ratio": null,
            "price_fair": 84,
            "eps_avg_yearly": 2.4,
            "eps_latest_yearly": 1.4,
            "eps_growth_yearly": 122.8
        },
        "20222": {
            "year_quarter": 20222,
            "year": 2022,
            "quarter": 2,
            "eps": 0.47,
            "eps_growth_year": -70.44,
            "eps_4q": 2.47,
            "eps_4q_growth_year": -28.95,
            "roe": 3.2,
            "roe_4q": 16.270000000000003,
            "gross_profit": 1075647,
            "gross_margin": 6.71,
            "gross_margin_4q_avg": 8.81,
            "net_income": 679746,
            "net_income_4q": null,
            "revenue": 16030903,
            "revenue_4q": null,
            "common_shares": 14355444,
            "book_valuer_per_share": 13.13,
            "book_valuer_per_share_4q_avg": 15.14,
            "equity": 18845402,
            "current_ratio": 142.89,
            "debt_ratio": 49.86,
            "inventory_turnover_ratio": 1.2,
            "account_receivable_turnover_ratio": 11.71,
            "reinvestment_rate": -28.54,
            "research_to_sale_ratio": null,
            "price_fair": 82.6,
            "eps_avg_yearly": 2.36,
            "eps_latest_yearly": 1.88,
            "eps_growth_yearly": 129
        },
        "20223": {
            "year_quarter": 20223,
            "year": 2022,
            "quarter": 3,
            "eps": -0.78,
            "eps_growth_year": -176.47,
            "eps_4q": 0.67,
            "eps_4q_growth_year": -84.52,
            "roe": -6.2,
            "roe_4q": 3.24,
            "gross_profit": -1930770,
            "gross_margin": -24.51,
            "gross_margin_4q_avg": -0.51,
            "net_income": -1125975,
            "net_income_4q": null,
            "revenue": 7878951,
            "revenue_4q": null,
            "common_shares": 14355444,
            "book_valuer_per_share": 12.17,
            "book_valuer_per_share_4q_avg": 14.36,
            "equity": 17477156,
            "current_ratio": 135.65,
            "debt_ratio": 55.18,
            "inventory_turnover_ratio": 0.87,
            "account_receivable_turnover_ratio": 5.71,
            "reinvestment_rate": -36.99,
            "research_to_sale_ratio": null,
            "price_fair": 82.22,
            "eps_avg_yearly": 2.35,
            "eps_latest_yearly": 1.88,
            "eps_growth_yearly": 138.88
        },
        "20224": {
            "year_quarter": 20224,
            "year": 2022,
            "quarter": 4,
            "eps": -0.73,
            "eps_growth_year": -215.41,
            "eps_4q": -0.69,
            "eps_4q_growth_year": -115.59,
            "roe": -6.05,
            "roe_4q": -6.880000000000001,
            "gross_profit": -895493,
            "gross_margin": -10.94,
            "gross_margin_4q_avg": -5.93,
            "net_income": -1045591,
            "net_income_4q": null,
            "revenue": 8183417,
            "revenue_4q": null,
            "common_shares": 14355444,
            "book_valuer_per_share": 11.89,
            "book_valuer_per_share_4q_avg": 13.41,
            "equity": 17062437,
            "current_ratio": 143.12,
            "debt_ratio": 53.59,
            "inventory_turnover_ratio": 0.91,
            "account_receivable_turnover_ratio": 11.63,
            "reinvestment_rate": -37.42,
            "research_to_sale_ratio": null,
            "price_fair": 84.84,
            "eps_avg_yearly": 2.42,
            "eps_latest_yearly": 1.88,
            "eps_growth_yearly": 166.96
        },
        "20231": {
            "year_quarter": 20231,
            "year": 2023,
            "quarter": 1,
            "eps": 0.28,
            "eps_growth_year": -20,
            "eps_4q": -0.76,
            "eps_4q_growth_year": -121.29,
            "roe": 2.27,
            "roe_4q": -6.78,
            "gross_profit": 623291,
            "gross_margin": 6.54,
            "gross_margin_4q_avg": -5.55,
            "net_income": 394841,
            "net_income_4q": null,
            "revenue": 9523734,
            "revenue_4q": null,
            "common_shares": 14355444,
            "book_valuer_per_share": 12.3,
            "book_valuer_per_share_4q_avg": 12.37,
            "equity": 17650144,
            "current_ratio": 144.34,
            "debt_ratio": 48.47,
            "inventory_turnover_ratio": 0.92,
            "account_receivable_turnover_ratio": 26.81,
            "reinvestment_rate": -34.83,
            "research_to_sale_ratio": null,
            "price_fair": 93.49,
            "eps_avg_yearly": 2.67,
            "eps_latest_yearly": 1.88,
            "eps_growth_yearly": 224.4
        },
        "20232": {
            "year_quarter": 20232,
            "year": 2023,
            "quarter": 2,
            "eps": -0.15,
            "eps_growth_year": -131.91,
            "eps_4q": -1.39,
            "eps_4q_growth_year": -156.06,
            "roe": -1.25,
            "roe_4q": -11.23,
            "gross_profit": -114736,
            "gross_margin": -1.18,
            "gross_margin_4q_avg": -7.52,
            "net_income": -214113,
            "net_income_4q": null,
            "revenue": 9734937,
            "revenue_4q": null,
            "common_shares": 14355444,
            "book_valuer_per_share": 11.64,
            "book_valuer_per_share_4q_avg": 12,
            "equity": 16710630,
            "current_ratio": 132.53,
            "debt_ratio": 50.66,
            "inventory_turnover_ratio": 1,
            "account_receivable_turnover_ratio": 32.88,
            "reinvestment_rate": -39.18,
            "research_to_sale_ratio": null,
            "price_fair": 101.68,
            "eps_avg_yearly": 2.91,
            "eps_latest_yearly": 1.88,
            "eps_growth_yearly": 102.45
        },
        "20233": {
            "year_quarter": 20233,
            "year": 2023,
            "quarter": 3,
            "eps": -0.08,
            "eps_growth_year": null,
            "eps_4q": -0.68,
            "eps_4q_growth_year": -201.33,
            "roe": -0.67,
            "roe_4q": -5.699999999999999,
            "gross_profit": -181394,
            "gross_margin": -1.93,
            "gross_margin_4q_avg": -1.88,
            "net_income": -109513,
            "net_income_4q": null,
            "revenue": 9400390,
            "revenue_4q": null,
            "common_shares": 14355444,
            "book_valuer_per_share": 11.14,
            "book_valuer_per_share_4q_avg": 11.74,
            "equity": 15987823,
            "current_ratio": 136.05,
            "debt_ratio": 52.9,
            "inventory_turnover_ratio": 0.95,
            "account_receivable_turnover_ratio": 27.2,
            "reinvestment_rate": -43.29,
            "research_to_sale_ratio": null,
            "price_fair": 115.4,
            "eps_avg_yearly": 3.3,
            "eps_latest_yearly": 1.88,
            "eps_growth_yearly": 162.81
        }
    },
    "months": {
        "2001-06": {
            "month": "2001-06",
            "price": "2.12",
            "revenue": 1538522
        },
        "2001-07": {
            "month": "2001-07",
            "price": "1.46",
            "revenue": 1305051
        },
        "2001-08": {
            "month": "2001-08",
            "price": "1.50",
            "revenue": 1709883
        },
        "2001-09": {
            "month": "2001-09",
            "price": "1.26",
            "revenue": 1173381
        },
        "2001-10": {
            "month": "2001-10",
            "price": "1.09",
            "revenue": 1424200
        },
        "2001-11": {
            "month": "2001-11",
            "price": "0.73",
            "revenue": 1429156
        },
        "2001-12": {
            "month": "2001-12",
            "price": "0.64",
            "revenue": 1497997
        },
        "2002-01": {
            "month": "2002-01",
            "price": "0.98",
            "revenue": 1546732
        },
        "2002-02": {
            "month": "2002-02",
            "price": "2.06",
            "revenue": 1100868
        },
        "2002-03": {
            "month": "2002-03",
            "price": "2.68",
            "revenue": 1739618
        },
        "2002-04": {
            "month": "2002-04",
            "price": "2.77",
            "revenue": 1901459
        },
        "2002-05": {
            "month": "2002-05",
            "price": "4.92",
            "revenue": 2234539
        },
        "2002-06": {
            "month": "2002-06",
            "price": "6.33",
            "revenue": 2210406
        },
        "2002-07": {
            "month": "2002-07",
            "price": "6.43",
            "revenue": 1851019
        },
        "2002-08": {
            "month": "2002-08",
            "price": "5.98",
            "revenue": 2055011
        },
        "2002-09": {
            "month": "2002-09",
            "price": "5.74",
            "revenue": 2477957
        },
        "2002-10": {
            "month": "2002-10",
            "price": "6.89",
            "revenue": 2576669
        },
        "2002-11": {
            "month": "2002-11",
            "price": "9.25",
            "revenue": 2022684
        },
        "2002-12": {
            "month": "2002-12",
            "price": "8.85",
            "revenue": 2065241
        },
        "2003-01": {
            "month": "2003-01",
            "price": "11.38",
            "revenue": 2968877
        },
        "2003-02": {
            "month": "2003-02",
            "price": "15.62",
            "revenue": 2306402
        },
        "2003-03": {
            "month": "2003-03",
            "price": "13.37",
            "revenue": 2834080
        },
        "2003-04": {
            "month": "2003-04",
            "price": "13.01",
            "revenue": 2761067
        },
        "2003-05": {
            "month": "2003-05",
            "price": "10.76",
            "revenue": 2021285
        },
        "2003-06": {
            "month": "2003-06",
            "price": "13.10",
            "revenue": 2103374
        },
        "2003-07": {
            "month": "2003-07",
            "price": "15.06",
            "revenue": 2658350
        },
        "2003-08": {
            "month": "2003-08",
            "price": "14.47",
            "revenue": 2490847
        },
        "2003-09": {
            "month": "2003-09",
            "price": "13.78",
            "revenue": 2314718
        },
        "2003-10": {
            "month": "2003-10",
            "price": "14.63",
            "revenue": 2518131
        },
        "2003-11": {
            "month": "2003-11",
            "price": "14.11",
            "revenue": 2640590
        },
        "2003-12": {
            "month": "2003-12",
            "price": "13.52",
            "revenue": 2811825
        },
        "2004-01": {
            "month": "2004-01",
            "price": "14.17",
            "revenue": 2755271
        },
        "2004-02": {
            "month": "2004-02",
            "price": "14.85",
            "revenue": 2553284
        },
        "2004-03": {
            "month": "2004-03",
            "price": "16.56",
            "revenue": 3185207
        },
        "2004-04": {
            "month": "2004-04",
            "price": "15.95",
            "revenue": 3439332
        },
        "2004-05": {
            "month": "2004-05",
            "price": "13.55",
            "revenue": 3803787
        },
        "2004-06": {
            "month": "2004-06",
            "price": "13.62",
            "revenue": 3383671
        },
        "2004-07": {
            "month": "2004-07",
            "price": "13.92",
            "revenue": 4003886
        },
        "2004-08": {
            "month": "2004-08",
            "price": "13.15",
            "revenue": 4131865
        },
        "2004-09": {
            "month": "2004-09",
            "price": "17.92",
            "revenue": 4841631
        },
        "2004-10": {
            "month": "2004-10",
            "price": "20.48",
            "revenue": 5051156
        },
        "2004-11": {
            "month": "2004-11",
            "price": "19.28",
            "revenue": 4283573
        },
        "2004-12": {
            "month": "2004-12",
            "price": "21.73",
            "revenue": 4764439
        },
        "2005-01": {
            "month": "2005-01",
            "price": "20.66",
            "revenue": 4531682
        },
        "2005-02": {
            "month": "2005-02",
            "price": "21.21",
            "revenue": 4293098
        },
        "2005-03": {
            "month": "2005-03",
            "price": "19.76",
            "revenue": 4775379
        },
        "2005-04": {
            "month": "2005-04",
            "price": "16.71",
            "revenue": 4360942
        },
        "2005-05": {
            "month": "2005-05",
            "price": "15.14",
            "revenue": 4271113
        },
        "2005-06": {
            "month": "2005-06",
            "price": "15.10",
            "revenue": 3178097
        },
        "2005-07": {
            "month": "2005-07",
            "price": "14.08",
            "revenue": 1472000
        },
        "2005-08": {
            "month": "2005-08",
            "price": "12.97",
            "revenue": 2858668
        },
        "2005-09": {
            "month": "2005-09",
            "price": "12.28",
            "revenue": 3560713
        },
        "2005-10": {
            "month": "2005-10",
            "price": "9.99",
            "revenue": 3289080
        },
        "2005-11": {
            "month": "2005-11",
            "price": "8.65",
            "revenue": 2376617
        },
        "2005-12": {
            "month": "2005-12",
            "price": "7.68",
            "revenue": 2069415
        },
        "2006-01": {
            "month": "2006-01",
            "price": "7.60",
            "revenue": 3306720
        },
        "2006-02": {
            "month": "2006-02",
            "price": "9.97",
            "revenue": 2893124
        },
        "2006-03": {
            "month": "2006-03",
            "price": "10.21",
            "revenue": 4167762
        },
        "2006-04": {
            "month": "2006-04",
            "price": "14.38",
            "revenue": 3753092
        },
        "2006-05": {
            "month": "2006-05",
            "price": "13.72",
            "revenue": 3807049
        },
        "2006-06": {
            "month": "2006-06",
            "price": "11.97",
            "revenue": 3956871
        },
        "2006-07": {
            "month": "2006-07",
            "price": "13.27",
            "revenue": 4032508
        },
        "2006-08": {
            "month": "2006-08",
            "price": "12.99",
            "revenue": 4042785
        },
        "2006-09": {
            "month": "2006-09",
            "price": "13.58",
            "revenue": 4150262
        },
        "2006-10": {
            "month": "2006-10",
            "price": "17.02",
            "revenue": 3762058
        },
        "2006-11": {
            "month": "2006-11",
            "price": "18.20",
            "revenue": 3550686
        },
        "2006-12": {
            "month": "2006-12",
            "price": "18.24",
            "revenue": 4039391
        },
        "2007-01": {
            "month": "2007-01",
            "price": "17.61",
            "revenue": 4149510
        },
        "2007-02": {
            "month": "2007-02",
            "price": "17.67",
            "revenue": 3580894
        },
        "2007-03": {
            "month": "2007-03",
            "price": "17.43",
            "revenue": 4831547
        },
        "2007-04": {
            "month": "2007-04",
            "price": "17.29",
            "revenue": 4306105
        },
        "2007-05": {
            "month": "2007-05",
            "price": "16.79",
            "revenue": 3979835
        },
        "2007-06": {
            "month": "2007-06",
            "price": "15.77",
            "revenue": 3665869
        },
        "2007-07": {
            "month": "2007-07",
            "price": "16.27",
            "revenue": 3366953
        },
        "2007-08": {
            "month": "2007-08",
            "price": "14.65",
            "revenue": 3244183
        },
        "2007-09": {
            "month": "2007-09",
            "price": "16.53",
            "revenue": 3327816
        },
        "2007-10": {
            "month": "2007-10",
            "price": "18.58",
            "revenue": 4152666
        },
        "2007-11": {
            "month": "2007-11",
            "price": "18.03",
            "revenue": 4115536
        },
        "2007-12": {
            "month": "2007-12",
            "price": "16.59",
            "revenue": 4867738
        },
        "2008-01": {
            "month": "2008-01",
            "price": "17.36",
            "revenue": 4983355
        },
        "2008-02": {
            "month": "2008-02",
            "price": "19.39",
            "revenue": 3886410
        },
        "2008-03": {
            "month": "2008-03",
            "price": "21.43",
            "revenue": 4782287
        },
        "2008-04": {
            "month": "2008-04",
            "price": "25.36",
            "revenue": 5538825
        },
        "2008-05": {
            "month": "2008-05",
            "price": "27.33",
            "revenue": 5517843
        },
        "2008-06": {
            "month": "2008-06",
            "price": "24.08",
            "revenue": 5562837
        },
        "2008-07": {
            "month": "2008-07",
            "price": "24.17",
            "revenue": 5376078
        },
        "2008-08": {
            "month": "2008-08",
            "price": "19.00",
            "revenue": 5187392
        },
        "2008-09": {
            "month": "2008-09",
            "price": "16.12",
            "revenue": 4015795
        },
        "2008-10": {
            "month": "2008-10",
            "price": "12.19",
            "revenue": 1724321
        },
        "2008-11": {
            "month": "2008-11",
            "price": "10.39",
            "revenue": 1411858
        },
        "2008-12": {
            "month": "2008-12",
            "price": "9.65",
            "revenue": 1178413
        },
        "2009-01": {
            "month": "2009-01",
            "price": "10.88",
            "revenue": 2171798
        },
        "2009-02": {
            "month": "2009-02",
            "price": "11.17",
            "revenue": 3598132
        },
        "2009-03": {
            "month": "2009-03",
            "price": "11.14",
            "revenue": 2708986
        },
        "2009-04": {
            "month": "2009-04",
            "price": "12.16",
            "revenue": 2846124
        },
        "2009-05": {
            "month": "2009-05",
            "price": "12.01",
            "revenue": 3105214
        },
        "2009-06": {
            "month": "2009-06",
            "price": "12.93",
            "revenue": 3817797
        },
        "2009-07": {
            "month": "2009-07",
            "price": "12.75",
            "revenue": 3269734
        },
        "2009-08": {
            "month": "2009-08",
            "price": "13.32",
            "revenue": 3136104
        },
        "2009-09": {
            "month": "2009-09",
            "price": "12.65",
            "revenue": 3322261
        },
        "2009-10": {
            "month": "2009-10",
            "price": "12.81",
            "revenue": 2452858
        },
        "2009-11": {
            "month": "2009-11",
            "price": "13.05",
            "revenue": 3214338
        },
        "2009-12": {
            "month": "2009-12",
            "price": "14.38",
            "revenue": 3270258
        },
        "2010-01": {
            "month": "2010-01",
            "price": "16.61",
            "revenue": 3672001
        },
        "2010-02": {
            "month": "2010-02",
            "price": "14.40",
            "revenue": 2994651
        },
        "2010-03": {
            "month": "2010-03",
            "price": "14.87",
            "revenue": 4093736
        },
        "2010-04": {
            "month": "2010-04",
            "price": "15.75",
            "revenue": 3957510
        },
        "2010-05": {
            "month": "2010-05",
            "price": "14.42",
            "revenue": 4024994
        },
        "2010-06": {
            "month": "2010-06",
            "price": "12.97",
            "revenue": 3532187
        },
        "2010-07": {
            "month": "2010-07",
            "price": "12.89",
            "revenue": 2769875
        },
        "2010-08": {
            "month": "2010-08",
            "price": "13.84",
            "revenue": 2978033
        },
        "2010-09": {
            "month": "2010-09",
            "price": "14.71",
            "revenue": 3817674
        },
        "2010-10": {
            "month": "2010-10",
            "price": "14.11",
            "revenue": 2447457
        },
        "2010-11": {
            "month": "2010-11",
            "price": "14.95",
            "revenue": 4340047
        },
        "2010-12": {
            "month": "2010-12",
            "price": "16.46",
            "revenue": 3625536
        },
        "2011-01": {
            "month": "2011-01",
            "price": "17.30",
            "revenue": 4412746
        },
        "2011-02": {
            "month": "2011-02",
            "price": "18.45",
            "revenue": 4120971
        },
        "2011-03": {
            "month": "2011-03",
            "price": "17.79",
            "revenue": 4728977
        },
        "2011-04": {
            "month": "2011-04",
            "price": "17.54",
            "revenue": 4251909
        },
        "2011-05": {
            "month": "2011-05",
            "price": "15.84",
            "revenue": 2879312
        },
        "2011-06": {
            "month": "2011-06",
            "price": "14.83",
            "revenue": 2939140
        },
        "2011-07": {
            "month": "2011-07",
            "price": "14.71",
            "revenue": 3517240
        },
        "2011-08": {
            "month": "2011-08",
            "price": "12.73",
            "revenue": 3900062
        },
        "2011-09": {
            "month": "2011-09",
            "price": "11.49",
            "revenue": 4589462
        },
        "2011-10": {
            "month": "2011-10",
            "price": "10.30",
            "revenue": 4270448
        },
        "2011-11": {
            "month": "2011-11",
            "price": "9.60",
            "revenue": 2793294
        },
        "2011-12": {
            "month": "2011-12",
            "price": "8.63",
            "revenue": 3231167
        },
        "2012-01": {
            "month": "2012-01",
            "price": "8.87",
            "revenue": 3668834
        },
        "2012-02": {
            "month": "2012-02",
            "price": "11.02",
            "revenue": 4156483
        },
        "2012-03": {
            "month": "2012-03",
            "price": "11.10",
            "revenue": 4173283
        },
        "2012-04": {
            "month": "2012-04",
            "price": "9.36",
            "revenue": 3859716
        },
        "2012-05": {
            "month": "2012-05",
            "price": "8.67",
            "revenue": 3729235
        },
        "2012-06": {
            "month": "2012-06",
            "price": "8.07",
            "revenue": 3171964
        },
        "2012-07": {
            "month": "2012-07",
            "price": "7.81",
            "revenue": 3161982
        },
        "2012-08": {
            "month": "2012-08",
            "price": "7.59",
            "revenue": 2806428
        },
        "2012-09": {
            "month": "2012-09",
            "price": "8.18",
            "revenue": 3092777
        },
        "2012-10": {
            "month": "2012-10",
            "price": "7.90",
            "revenue": 3209640
        },
        "2012-11": {
            "month": "2012-11",
            "price": "7.66",
            "revenue": 3123592
        },
        "2012-12": {
            "month": "2012-12",
            "price": "8.54",
            "revenue": 4004547
        },
        "2013-01": {
            "month": "2013-01",
            "price": "10.13",
            "revenue": 4167186
        },
        "2013-02": {
            "month": "2013-02",
            "price": "10.12",
            "revenue": 3792139
        },
        "2013-03": {
            "month": "2013-03",
            "price": "9.19",
            "revenue": 4147919
        },
        "2013-04": {
            "month": "2013-04",
            "price": "8.30",
            "revenue": 2937192
        },
        "2013-05": {
            "month": "2013-05",
            "price": "8.66",
            "revenue": 2840048
        },
        "2013-06": {
            "month": "2013-06",
            "price": "8.22",
            "revenue": 2578059
        },
        "2013-07": {
            "month": "2013-07",
            "price": "8.25",
            "revenue": 3183950
        },
        "2013-08": {
            "month": "2013-08",
            "price": "8.64",
            "revenue": 3210275
        },
        "2013-09": {
            "month": "2013-09",
            "price": "8.78",
            "revenue": 3513533
        },
        "2013-10": {
            "month": "2013-10",
            "price": "8.60",
            "revenue": 3045954
        },
        "2013-11": {
            "month": "2013-11",
            "price": "8.13",
            "revenue": 2815327
        },
        "2013-12": {
            "month": "2013-12",
            "price": "8.26",
            "revenue": 2623648
        },
        "2014-01": {
            "month": "2014-01",
            "price": "8.54",
            "revenue": 3688855
        },
        "2014-02": {
            "month": "2014-02",
            "price": "8.33",
            "revenue": 3101140
        },
        "2014-03": {
            "month": "2014-03",
            "price": "8.05",
            "revenue": 3199947
        },
        "2014-04": {
            "month": "2014-04",
            "price": "8.04",
            "revenue": 2616725
        },
        "2014-05": {
            "month": "2014-05",
            "price": "7.68",
            "revenue": 3578942
        },
        "2014-06": {
            "month": "2014-06",
            "price": "7.76",
            "revenue": 3275306
        },
        "2014-07": {
            "month": "2014-07",
            "price": "7.80",
            "revenue": 3412527
        },
        "2014-08": {
            "month": "2014-08",
            "price": "8.19",
            "revenue": 2837745
        },
        "2014-09": {
            "month": "2014-09",
            "price": "8.01",
            "revenue": 3290833
        },
        "2014-10": {
            "month": "2014-10",
            "price": "7.46",
            "revenue": 2735745
        },
        "2014-11": {
            "month": "2014-11",
            "price": "7.23",
            "revenue": 2547536
        },
        "2014-12": {
            "month": "2014-12",
            "price": "7.22",
            "revenue": 2847369
        },
        "2015-01": {
            "month": "2015-01",
            "price": "7.31",
            "revenue": 2733262
        },
        "2015-02": {
            "month": "2015-02",
            "price": "7.16",
            "revenue": 2427652
        },
        "2015-03": {
            "month": "2015-03",
            "price": "7.05",
            "revenue": 2574082
        },
        "2015-04": {
            "month": "2015-04",
            "price": "6.92",
            "revenue": 2511071
        },
        "2015-05": {
            "month": "2015-05",
            "price": "6.71",
            "revenue": 2458682
        },
        "2015-06": {
            "month": "2015-06",
            "price": "5.40",
            "revenue": 2663979
        },
        "2015-07": {
            "month": "2015-07",
            "price": "4.81",
            "revenue": 2938272
        },
        "2015-08": {
            "month": "2015-08",
            "price": "4.26",
            "revenue": 2400924
        },
        "2015-09": {
            "month": "2015-09",
            "price": "4.27",
            "revenue": 2301617
        },
        "2015-10": {
            "month": "2015-10",
            "price": "4.74",
            "revenue": 2339461
        },
        "2015-11": {
            "month": "2015-11",
            "price": "4.64",
            "revenue": 2108156
        },
        "2015-12": {
            "month": "2015-12",
            "price": "4.37",
            "revenue": 2535174
        },
        "2016-01": {
            "month": "2016-01",
            "price": "4.77",
            "revenue": 2589252
        },
        "2016-02": {
            "month": "2016-02",
            "price": "5.90",
            "revenue": 2327829
        },
        "2016-03": {
            "month": "2016-03",
            "price": "6.94",
            "revenue": 2789858
        },
        "2016-04": {
            "month": "2016-04",
            "price": "6.43",
            "revenue": 2629123
        },
        "2016-05": {
            "month": "2016-05",
            "price": "5.58",
            "revenue": 2803910
        },
        "2016-06": {
            "month": "2016-06",
            "price": "5.57",
            "revenue": 2799864
        },
        "2016-07": {
            "month": "2016-07",
            "price": "5.52",
            "revenue": 2654444
        },
        "2016-08": {
            "month": "2016-08",
            "price": "6.57",
            "revenue": 2785362
        },
        "2016-09": {
            "month": "2016-09",
            "price": "6.82",
            "revenue": 2612158
        },
        "2016-10": {
            "month": "2016-10",
            "price": "6.89",
            "revenue": 3250637
        },
        "2016-11": {
            "month": "2016-11",
            "price": "9.29",
            "revenue": 2906218
        },
        "2016-12": {
            "month": "2016-12",
            "price": "10.11",
            "revenue": 3281408
        },
        "2017-01": {
            "month": "2017-01",
            "price": "10.22",
            "revenue": 2941047
        },
        "2017-02": {
            "month": "2017-02",
            "price": "12.31",
            "revenue": 3217764
        },
        "2017-03": {
            "month": "2017-03",
            "price": "11.64",
            "revenue": 3870420
        },
        "2017-04": {
            "month": "2017-04",
            "price": "9.81",
            "revenue": 3382225
        },
        "2017-05": {
            "month": "2017-05",
            "price": "8.97",
            "revenue": 3176359
        },
        "2017-06": {
            "month": "2017-06",
            "price": "9.14",
            "revenue": 2899189
        },
        "2017-07": {
            "month": "2017-07",
            "price": "10.23",
            "revenue": 3286098
        },
        "2017-08": {
            "month": "2017-08",
            "price": "11.08",
            "revenue": 3388628
        },
        "2017-09": {
            "month": "2017-09",
            "price": "11.16",
            "revenue": 3673661
        },
        "2017-10": {
            "month": "2017-10",
            "price": "11.12",
            "revenue": 3810080
        },
        "2017-11": {
            "month": "2017-11",
            "price": "11.23",
            "revenue": 3588838
        },
        "2017-12": {
            "month": "2017-12",
            "price": "11.60",
            "revenue": 3558138
        },
        "2018-01": {
            "month": "2018-01",
            "price": "13.12",
            "revenue": 3876195
        },
        "2018-02": {
            "month": "2018-02",
            "price": "12.94",
            "revenue": 3572682
        },
        "2018-03": {
            "month": "2018-03",
            "price": "12.10",
            "revenue": 3678034
        },
        "2018-04": {
            "month": "2018-04",
            "price": "11.29",
            "revenue": 3890414
        },
        "2018-05": {
            "month": "2018-05",
            "price": "10.86",
            "revenue": 4176536
        },
        "2018-06": {
            "month": "2018-06",
            "price": "12.47",
            "revenue": 4198513
        },
        "2018-07": {
            "month": "2018-07",
            "price": "13.26",
            "revenue": 3974326
        },
        "2018-08": {
            "month": "2018-08",
            "price": "14.57",
            "revenue": 4425124
        },
        "2018-09": {
            "month": "2018-09",
            "price": "13.73",
            "revenue": 4588367
        },
        "2018-10": {
            "month": "2018-10",
            "price": "12.82",
            "revenue": 4293982
        },
        "2018-11": {
            "month": "2018-11",
            "price": "11.54",
            "revenue": 3948148
        },
        "2018-12": {
            "month": "2018-12",
            "price": "11.22",
            "revenue": 3616564
        },
        "2019-01": {
            "month": "2019-01",
            "price": "10.98",
            "revenue": 4098860
        },
        "2019-02": {
            "month": "2019-02",
            "price": "12.07",
            "revenue": 3343779
        },
        "2019-03": {
            "month": "2019-03",
            "price": "11.83",
            "revenue": 4541311
        },
        "2019-04": {
            "month": "2019-04",
            "price": "12.02",
            "revenue": 4306539
        },
        "2019-05": {
            "month": "2019-05",
            "price": "10.91",
            "revenue": 4271035
        },
        "2019-06": {
            "month": "2019-06",
            "price": "10.46",
            "revenue": 3038153
        },
        "2019-07": {
            "month": "2019-07",
            "price": "10.56",
            "revenue": 3590280
        },
        "2019-08": {
            "month": "2019-08",
            "price": "10.03",
            "revenue": 3378074
        },
        "2019-09": {
            "month": "2019-09",
            "price": "10.08",
            "revenue": 2614929
        },
        "2019-10": {
            "month": "2019-10",
            "price": "9.27",
            "revenue": 2322494
        },
        "2019-11": {
            "month": "2019-11",
            "price": "9.58",
            "revenue": 2408924
        },
        "2019-12": {
            "month": "2019-12",
            "price": "10.01",
            "revenue": 2555751
        },
        "2020-01": {
            "month": "2020-01",
            "price": "10.21",
            "revenue": 3474214
        },
        "2020-02": {
            "month": "2020-02",
            "price": "9.34",
            "revenue": 3363980
        },
        "2020-03": {
            "month": "2020-03",
            "price": "7.43",
            "revenue": 3260699
        },
        "2020-04": {
            "month": "2020-04",
            "price": "7.07",
            "revenue": 2537663
        },
        "2020-05": {
            "month": "2020-05",
            "price": "7.44",
            "revenue": 2336305
        },
        "2020-06": {
            "month": "2020-06",
            "price": "8.22",
            "revenue": 2976444
        },
        "2020-07": {
            "month": "2020-07",
            "price": "8.15",
            "revenue": 2610889
        },
        "2020-08": {
            "month": "2020-08",
            "price": "8.34",
            "revenue": 3217111
        },
        "2020-09": {
            "month": "2020-09",
            "price": "9.79",
            "revenue": 3415540
        },
        "2020-10": {
            "month": "2020-10",
            "price": "9.94",
            "revenue": 3181690
        },
        "2020-11": {
            "month": "2020-11",
            "price": "10.55",
            "revenue": 3147316
        },
        "2020-12": {
            "month": "2020-12",
            "price": "13.94",
            "revenue": 3268303
        },
        "2021-01": {
            "month": "2021-01",
            "price": "15.67",
            "revenue": 3311675
        },
        "2021-02": {
            "month": "2021-02",
            "price": "15.24",
            "revenue": 3571454
        },
        "2021-03": {
            "month": "2021-03",
            "price": "18.02",
            "revenue": 3947393
        },
        "2021-04": {
            "month": "2021-04",
            "price": "31.55",
            "revenue": 4011635
        },
        "2021-05": {
            "month": "2021-05",
            "price": "46.10",
            "revenue": 4551071
        },
        "2021-06": {
            "month": "2021-06",
            "price": "50.99",
            "revenue": 4834658
        },
        "2021-07": {
            "month": "2021-07",
            "price": "53.26",
            "revenue": 5201624
        },
        "2021-08": {
            "month": "2021-08",
            "price": "46.45",
            "revenue": 5341704
        },
        "2021-09": {
            "month": "2021-09",
            "price": "43.71",
            "revenue": 5091940
        },
        "2021-10": {
            "month": "2021-10",
            "price": "36.44",
            "revenue": 5106918
        },
        "2021-11": {
            "month": "2021-11",
            "price": "35.19",
            "revenue": 4813514
        },
        "2021-12": {
            "month": "2021-12",
            "price": "40.24",
            "revenue": 3960426
        },
        "2022-01": {
            "month": "2022-01",
            "price": "38.90",
            "revenue": 3767758
        },
        "2022-02": {
            "month": "2022-02",
            "price": "40.27",
            "revenue": 3766024
        },
        "2022-03": {
            "month": "2022-03",
            "price": "44.63",
            "revenue": 4876441
        },
        "2022-04": {
            "month": "2022-04",
            "price": "43.96",
            "revenue": 5894869
        },
        "2022-05": {
            "month": "2022-05",
            "price": "33.83",
            "revenue": 5476976
        },
        "2022-06": {
            "month": "2022-06",
            "price": "30.16",
            "revenue": 4659058
        },
        "2022-07": {
            "month": "2022-07",
            "price": "26.72",
            "revenue": 2890631
        },
        "2022-08": {
            "month": "2022-08",
            "price": "26.53",
            "revenue": 2303077
        },
        "2022-09": {
            "month": "2022-09",
            "price": "23.43",
            "revenue": 2685243
        },
        "2022-10": {
            "month": "2022-10",
            "price": "21.44",
            "revenue": 2765174
        },
        "2022-11": {
            "month": "2022-11",
            "price": "22.20",
            "revenue": 2973724
        },
        "2022-12": {
            "month": "2022-12",
            "price": "25.72",
            "revenue": 2444519
        },
        "2023-01": {
            "month": "2023-01",
            "price": "27.65",
            "revenue": 2704933
        },
        "2023-02": {
            "month": "2023-02",
            "price": "28.73",
            "revenue": 3212571
        },
        "2023-03": {
            "month": "2023-03",
            "price": "27.30",
            "revenue": 3606230
        },
        "2023-04": {
            "month": "2023-04",
            "price": "25.96",
            "revenue": 3734535
        },
        "2023-05": {
            "month": "2023-05",
            "price": "23.62",
            "revenue": 3207238
        },
        "2023-06": {
            "month": "2023-06",
            "price": "24.16",
            "revenue": 2793164
        },
        "2023-07": {
            "month": "2023-07",
            "price": "24.07",
            "revenue": 3058037
        },
        "2023-08": {
            "month": "2023-08",
            "price": "23.80",
            "revenue": 3202950
        },
        "2023-09": {
            "month": "2023-09",
            "price": "23.70",
            "revenue": 3139403
        },
        "2023-10": {
            "month": "2023-10",
            "price": "21.56",
            "revenue": 2991697
        },
        "2023-11": {
            "month": "2023-11",
            "price": "22.16",
            "revenue": 2989671
        },
        "2023-12": {
            "month": "2023-12",
            "price": "25.21",
            "revenue": 3123779
        }
    }
}
