{
    "summary": {
        "stock_name": "豐興",
        "stock_id": "2015",
        "category": "鋼鐵",
        "main_business": "製鋼及軋鋼製造修理並加工買賣<br>各種角鋼扁鋼槽鋼鋼板工字鋼等製造及加工買賣<br>各種鋼筋圓鋼等特殊鋼製造及加工買賣",
        "website_url": "http://www.fenghsin.com.tw",
        "ceo": "林永源",
        "pe_ratio": 17,
        "report_year_from": 2001,
        "report_year_to": 2023,
        "age": 23,
        "eps_negative_percentage": 0,
        "eps_growth_avg": {
            "last_all": 12.28,
            "last_2y": 2.52,
            "last_4y": 1.54,
            "last_8y": 8.44,
            "last_12y": 4.2,
            "last_16y": 2.75,
            "last_20y": 8.1,
            "at_2006_last_3y": 30.86,
            "at_2007_last_3y": 18.65,
            "at_2008_last_3y": -12.46,
            "at_2009_last_3y": -7.49,
            "at_2010_last_3y": -1.99,
            "at_2011_last_3y": 4.91,
            "at_2012_last_3y": 1.13,
            "at_2013_last_3y": 4.59,
            "at_2014_last_3y": -5.33,
            "at_2015_last_3y": -3.72,
            "at_2016_last_3y": 3.84,
            "at_2017_last_3y": 18.95,
            "at_2018_last_3y": 17.07,
            "at_2019_last_3y": 3.85,
            "at_2020_last_3y": 14.56,
            "at_2021_last_3y": 15.62,
            "at_2022_last_3y": 7.64,
            "at_2023_last_3y": 10.28,
            "at_2024_last_3y": 10.28,
            "at_2006_last_all": 44.68,
            "at_2007_last_all": 34.81,
            "at_2008_last_all": 26.34,
            "at_2009_last_all": 20.02,
            "at_2010_last_all": 23.94,
            "at_2011_last_all": 22.85,
            "at_2012_last_all": 17.18,
            "at_2013_last_all": 14.88,
            "at_2014_last_all": 14.94,
            "at_2015_last_all": 15.26,
            "at_2016_last_all": 13.62,
            "at_2017_last_all": 15.89,
            "at_2018_last_all": 15.44,
            "at_2019_last_all": 12.72,
            "at_2020_last_all": 13.82,
            "at_2021_last_all": 15.84,
            "at_2022_last_all": 13.95,
            "at_2023_last_all": 12.28,
            "at_2024_last_all": 12.28
        },
        "latest_eps": 4.08,
        "latest_price": 69.7,
        "latest_roe": 10.87,
        "latest_gross_margin": 10.83,
        "latest_equity": 21929217,
        "latest_revenue": 9075687,
        "latest_gross_profit": 982731,
        "latest_net_income": 642449,
        "latest_debt_ratio": 18.92,
        "latest_current_ratio": 275.86,
        "latest_account_receivable_turnover_ratio": 4.78,
        "latest_inventory_turnover_ratio": 1.07,
        "latest_reinvestment_rate": -0.82,
        "latest_research_to_sale_ratio": 0.12
    },
    "eps_dividends": {
        "1990": {
            "cash": 0,
            "stock": 25,
            "eps": 0
        },
        "1992": {
            "cash": 0,
            "stock": 2,
            "eps": 0
        },
        "1993": {
            "cash": 1,
            "stock": 0,
            "eps": 0
        },
        "1994": {
            "cash": 0.5,
            "stock": 1.8,
            "eps": 0
        },
        "1995": {
            "cash": 0.5,
            "stock": 1.5,
            "eps": 0
        },
        "1996": {
            "cash": 0.2,
            "stock": 1.5,
            "eps": 0
        },
        "1997": {
            "cash": 0,
            "stock": 1,
            "eps": 0
        },
        "1998": {
            "cash": 0,
            "stock": 1,
            "eps": 0
        },
        "2000": {
            "cash": 0.5,
            "stock": 0,
            "eps": 0
        },
        "2001": {
            "cash": 0.5,
            "stock": 0,
            "eps": 0.33
        },
        "2002": {
            "cash": 0.3,
            "stock": 0,
            "eps": 1.81
        },
        "2003": {
            "cash": 1,
            "stock": 0.2,
            "eps": 2.43
        },
        "2004": {
            "cash": 1.6,
            "stock": 0,
            "eps": 7.2
        },
        "2005": {
            "cash": 2.5,
            "stock": 1,
            "eps": 4.02
        },
        "2006": {
            "cash": 2.75,
            "stock": 0,
            "eps": 5.36
        },
        "2007": {
            "cash": 3.25,
            "stock": 0,
            "eps": 4.58
        },
        "2008": {
            "cash": 3,
            "stock": 0.3,
            "eps": 3.46
        },
        "2009": {
            "cash": 2,
            "stock": 0,
            "eps": 2.62
        },
        "2010": {
            "cash": 2,
            "stock": 0,
            "eps": 4.07
        },
        "2011": {
            "cash": 5.75,
            "stock": 0,
            "eps": 4.6
        },
        "2012": {
            "cash": 0,
            "stock": 0,
            "eps": 2.78
        },
        "2013": {
            "cash": 2.5,
            "stock": 0,
            "eps": 2.49
        },
        "2014": {
            "cash": 3,
            "stock": 0,
            "eps": 2.88
        },
        "2015": {
            "cash": 2.5,
            "stock": 0,
            "eps": 3.44
        },
        "2016": {
            "cash": 2.5,
            "stock": 0,
            "eps": 3.12
        },
        "2017": {
            "cash": 3,
            "stock": 0,
            "eps": 4.68
        },
        "2018": {
            "cash": 3.5,
            "stock": 0,
            "eps": 5.06
        },
        "2019": {
            "cash": 4,
            "stock": 0,
            "eps": 3.37
        },
        "2020": {
            "cash": 3,
            "stock": 0,
            "eps": 4.5
        },
        "2021": {
            "cash": 3.5,
            "stock": 0,
            "eps": 6.94
        },
        "2022": {
            "cash": 5,
            "stock": 0,
            "eps": 5.29
        },
        "2023": {
            "cash": 4,
            "stock": 0,
            "eps": 4.08
        },
        "2024": {
            "cash": 3.5,
            "stock": 0,
            "eps": 0
        }
    },
    "dividends": {
        "1990-06-05": {
            "cash": 0,
            "stock": 25
        },
        "1992-04-12": {
            "cash": 0,
            "stock": 2
        },
        "1993-04-24": {
            "cash": 1,
            "stock": 0
        },
        "1994-04-30": {
            "cash": 0.5,
            "stock": 1.8
        },
        "1995-04-29": {
            "cash": 0.5,
            "stock": 1.5
        },
        "1996-06-18": {
            "cash": 0.2,
            "stock": 1.5
        },
        "1997-05-19": {
            "cash": 0,
            "stock": 1
        },
        "1998-05-20": {
            "cash": 0,
            "stock": 1
        },
        "2000-05-24": {
            "cash": 0.5,
            "stock": 0
        },
        "2001-05-31": {
            "cash": 0.5,
            "stock": 0
        },
        "2002-05-30": {
            "cash": 0.3,
            "stock": 0
        },
        "2003-03-10": {
            "cash": 1,
            "stock": 0.2
        },
        "2004-06-03": {
            "cash": 1.6,
            "stock": 0
        },
        "2005-04-20": {
            "cash": 2.5,
            "stock": 1
        },
        "2006-04-21": {
            "cash": 2.75,
            "stock": 0
        },
        "2007-04-20": {
            "cash": 3.25,
            "stock": 0
        },
        "2008-04-22": {
            "cash": 3,
            "stock": 0.3
        },
        "2009-04-24": {
            "cash": 2,
            "stock": 0
        },
        "2010-04-20": {
            "cash": 2,
            "stock": 0
        },
        "2011-01-01": {
            "cash": 3,
            "stock": 0
        },
        "2011-04-26": {
            "cash": 2.75,
            "stock": 0
        },
        "2013-03-11": {
            "cash": 2.5,
            "stock": 0
        },
        "2014-06-12": {
            "cash": 3,
            "stock": 0
        },
        "2015-08-07": {
            "cash": 2.5,
            "stock": 0
        },
        "2016-07-22": {
            "cash": 2.5,
            "stock": 0
        },
        "2017-07-20": {
            "cash": 3,
            "stock": 0
        },
        "2018-08-02": {
            "cash": 3.5,
            "stock": 0
        },
        "2019-07-25": {
            "cash": 4,
            "stock": 0
        },
        "2020-07-23": {
            "cash": 3,
            "stock": 0
        },
        "2021-09-15": {
            "cash": 3.5,
            "stock": 0
        },
        "2022-05-06": {
            "cash": 5,
            "stock": 0
        },
        "2023-04-27": {
            "cash": 4,
            "stock": 0
        },
        "2024-02-29": {
            "cash": 3.5,
            "stock": 0
        }
    },
    "prices": {
        "200101": "9.00",
        "200102": "9.04",
        "200103": "8.79",
        "200104": "8.54",
        "200105": "7.58",
        "200106": "7.19",
        "200107": "6.43",
        "200108": "5.47",
        "200109": "5.28",
        "200110": "5.36",
        "200111": "5.64",
        "200112": "6.59",
        "200201": "7.56",
        "200202": "8.49",
        "200203": "9.45",
        "200204": "13.84",
        "200205": "15.40",
        "200206": "17.70",
        "200207": "16.96",
        "200208": "14.84",
        "200209": "12.80",
        "200210": "13.62",
        "200211": "17.95",
        "200212": "21.31",
        "200301": "26.24",
        "200302": "22.98",
        "200303": "19.57",
        "200304": "18.35",
        "200305": "15.65",
        "200306": "19.94",
        "200307": "25.77",
        "200308": "25.00",
        "200309": "22.22",
        "200310": "23.77",
        "200311": "23.56",
        "200312": "25.30",
        "200401": "27.20",
        "200402": "28.92",
        "200403": "30.73",
        "200404": "30.57",
        "200405": "27.89",
        "200406": "29.97",
        "200407": "34.21",
        "200408": "33.89",
        "200409": "42.30",
        "200410": "43.60",
        "200411": "37.41",
        "200412": "39.26",
        "200501": "39.61",
        "200502": "41.85",
        "200503": "40.15",
        "200504": "35.61",
        "200505": "31.84",
        "200506": "32.24",
        "200507": "28.59",
        "200508": "27.25",
        "200509": "29.05",
        "200510": "24.50",
        "200511": "23.15",
        "200512": "22.57",
        "200601": "23.58",
        "200602": "26.86",
        "200603": "27.17",
        "200604": "34.92",
        "200605": "33.55",
        "200606": "31.09",
        "200607": "29.83",
        "200608": "28.83",
        "200609": "30.00",
        "200610": "32.58",
        "200611": "34.31",
        "200612": "36.61",
        "200701": "40.28",
        "200702": "43.07",
        "200703": "43.91",
        "200704": "44.03",
        "200705": "41.16",
        "200706": "40.62",
        "200707": "40.81",
        "200708": "41.46",
        "200709": "47.55",
        "200710": "53.20",
        "200711": "49.00",
        "200712": "51.78",
        "200801": "51.95",
        "200802": "55.64",
        "200803": "64.13",
        "200804": "78.30",
        "200805": "94.41",
        "200806": "87.52",
        "200807": "80.72",
        "200808": "64.95",
        "200809": "53.18",
        "200810": "29.28",
        "200811": "28.54",
        "200812": "29.52",
        "200901": "35.19",
        "200902": "35.28",
        "200903": "35.80",
        "200904": "40.76",
        "200905": "47.86",
        "200906": "48.92",
        "200907": "50.01",
        "200908": "55.32",
        "200909": "53.12",
        "200910": "52.17",
        "200911": "51.04",
        "200912": "52.07",
        "201001": "55.95",
        "201002": "51.06",
        "201003": "53.48",
        "201004": "54.63",
        "201005": "47.54",
        "201006": "43.86",
        "201007": "44.70",
        "201008": "49.31",
        "201009": "51.95",
        "201010": "51.00",
        "201011": "51.68",
        "201012": "55.08",
        "201101": "56.54",
        "201102": "53.88",
        "201103": "50.96",
        "201104": "51.86",
        "201105": "51.38",
        "201106": "52.19",
        "201107": "52.49",
        "201108": "54.10",
        "201109": "54.93",
        "201110": "51.95",
        "201111": "50.14",
        "201112": "47.31",
        "201201": "47.87",
        "201202": "50.28",
        "201203": "51.48",
        "201204": "50.96",
        "201205": "49.68",
        "201206": "49.65",
        "201207": "48.66",
        "201208": "48.42",
        "201209": "48.78",
        "201210": "48.53",
        "201211": "48.17",
        "201212": "50.44",
        "201301": "52.62",
        "201302": "52.60",
        "201303": "52.05",
        "201304": "51.98",
        "201305": "53.83",
        "201306": "53.53",
        "201307": "53.07",
        "201308": "52.00",
        "201309": "52.46",
        "201310": "53.31",
        "201311": "53.21",
        "201312": "53.69",
        "201401": "53.40",
        "201402": "50.98",
        "201403": "50.66",
        "201404": "51.18",
        "201405": "46.80",
        "201406": "42.42",
        "201407": "40.60",
        "201408": "42.40",
        "201409": "42.26",
        "201410": "38.74",
        "201411": "37.71",
        "201412": "38.31",
        "201501": "38.65",
        "201502": "38.99",
        "201503": "38.90",
        "201504": "40.72",
        "201505": "41.31",
        "201506": "40.00",
        "201507": "37.65",
        "201508": "35.85",
        "201509": "36.00",
        "201510": "37.88",
        "201511": "38.18",
        "201512": "37.79",
        "201601": "37.13",
        "201602": "38.65",
        "201603": "41.23",
        "201604": "44.86",
        "201605": "42.68",
        "201606": "42.40",
        "201607": "41.68",
        "201608": "41.37",
        "201609": "41.02",
        "201610": "41.33",
        "201611": "44.15",
        "201612": "44.89",
        "201701": "46.28",
        "201702": "49.96",
        "201703": "51.50",
        "201704": "51.27",
        "201705": "51.16",
        "201706": "51.60",
        "201707": "51.10",
        "201708": "52.37",
        "201709": "52.63",
        "201710": "52.34",
        "201711": "52.15",
        "201712": "52.89",
        "201801": "59.35",
        "201802": "60.37",
        "201803": "59.29",
        "201804": "59.02",
        "201805": "58.87",
        "201806": "58.60",
        "201807": "55.04",
        "201808": "56.97",
        "201809": "58.78",
        "201810": "58.90",
        "201811": "59.34",
        "201812": "58.44",
        "201901": "57.93",
        "201902": "58.75",
        "201903": "60.06",
        "201904": "60.58",
        "201905": "62.22",
        "201906": "63.37",
        "201907": "57.66",
        "201908": "56.09",
        "201909": "54.02",
        "201910": "51.99",
        "201911": "53.32",
        "201912": "53.72",
        "202001": "53.96",
        "202002": "53.68",
        "202003": "49.11",
        "202004": "49.29",
        "202005": "51.97",
        "202006": "54.20",
        "202007": "52.69",
        "202008": "55.60",
        "202009": "56.85",
        "202010": "56.74",
        "202011": "57.85",
        "202012": "65.53",
        "202101": "66.80",
        "202102": "67.72",
        "202103": "70.60",
        "202104": "80.83",
        "202105": "76.07",
        "202106": "75.40",
        "202107": "80.98",
        "202108": "77.05",
        "202109": "80.24",
        "202110": "76.26",
        "202111": "78.67",
        "202112": "81.95",
        "202201": "82.63",
        "202202": "84.84",
        "202203": "92.02",
        "202204": "88.81",
        "202205": "76.90",
        "202206": "74.22",
        "202207": "66.22",
        "202208": "66.76",
        "202209": "63.79",
        "202210": "58.74",
        "202211": "60.45",
        "202212": "65.64",
        "202301": "65.63",
        "202302": "70.82",
        "202303": "73.05",
        "202304": "68.50",
        "202305": "67.76",
        "202306": "70.00",
        "202307": "69.62",
        "202308": "68.15",
        "202309": "67.34",
        "202310": "64.34",
        "202311": "65.09",
        "202312": "67.50"
    },
    "quarters": {
        "20011": {
            "year_quarter": 20011,
            "year": 2001,
            "quarter": 1,
            "eps": 0.06,
            "eps_growth_year": -62.5,
            "eps_4q": 0.51,
            "eps_4q_growth_year": -47.49,
            "roe": 0.5,
            "roe_4q": 0.5,
            "gross_profit": 278547,
            "gross_margin": 10.75,
            "gross_margin_4q_avg": 10.75,
            "net_income": 32811,
            "net_income_4q": null,
            "revenue": 2592184,
            "revenue_4q": null,
            "common_shares": 5395658,
            "book_valuer_per_share": 12.14,
            "book_valuer_per_share_4q_avg": 12.14,
            "equity": 6550768,
            "current_ratio": 108.86,
            "debt_ratio": 35.94,
            "inventory_turnover_ratio": 1.28,
            "account_receivable_turnover_ratio": null,
            "reinvestment_rate": null,
            "research_to_sale_ratio": null,
            "price_fair": 0,
            "eps_avg_yearly": 0,
            "eps_latest_yearly": 0,
            "eps_growth_yearly": 0
        },
        "20012": {
            "year_quarter": 20012,
            "year": 2001,
            "quarter": 2,
            "eps": 0.1,
            "eps_growth_year": -33.33,
            "eps_4q": 0.45,
            "eps_4q_growth_year": -46.59,
            "roe": 0.84,
            "roe_4q": 1.3399999999999999,
            "gross_profit": 321864,
            "gross_margin": 13.01,
            "gross_margin_4q_avg": 11.88,
            "net_income": 54248,
            "net_income_4q": null,
            "revenue": 2474133,
            "revenue_4q": null,
            "common_shares": 5395658,
            "book_valuer_per_share": 11.68,
            "book_valuer_per_share_4q_avg": 11.91,
            "equity": 6301105,
            "current_ratio": 100.83,
            "debt_ratio": 40.14,
            "inventory_turnover_ratio": 1.21,
            "account_receivable_turnover_ratio": null,
            "reinvestment_rate": null,
            "research_to_sale_ratio": null,
            "price_fair": 0,
            "eps_avg_yearly": 0,
            "eps_latest_yearly": 0,
            "eps_growth_yearly": 0
        },
        "20013": {
            "year_quarter": 20013,
            "year": 2001,
            "quarter": 3,
            "eps": 0.01,
            "eps_growth_year": -90,
            "eps_4q": 0.36,
            "eps_4q_growth_year": -51.16,
            "roe": 0.13,
            "roe_4q": 1.47,
            "gross_profit": 277095,
            "gross_margin": 11.15,
            "gross_margin_4q_avg": 11.64,
            "net_income": 7958,
            "net_income_4q": null,
            "revenue": 2484074,
            "revenue_4q": null,
            "common_shares": 5395658,
            "book_valuer_per_share": 11.61,
            "book_valuer_per_share_4q_avg": 11.81,
            "equity": 6264881,
            "current_ratio": 103.81,
            "debt_ratio": 37.06,
            "inventory_turnover_ratio": 1.27,
            "account_receivable_turnover_ratio": null,
            "reinvestment_rate": null,
            "research_to_sale_ratio": null,
            "price_fair": 0,
            "eps_avg_yearly": 0,
            "eps_latest_yearly": 0,
            "eps_growth_yearly": 0
        },
        "20014": {
            "year_quarter": 20014,
            "year": 2001,
            "quarter": 4,
            "eps": 0.16,
            "eps_growth_year": -11.11,
            "eps_4q": 0.34,
            "eps_4q_growth_year": -43.39,
            "roe": 1.35,
            "roe_4q": 2.82,
            "gross_profit": 334543,
            "gross_margin": 11.98,
            "gross_margin_4q_avg": 11.72,
            "net_income": 84971,
            "net_income_4q": null,
            "revenue": 2791783,
            "revenue_4q": null,
            "common_shares": 5245658,
            "book_valuer_per_share": 12,
            "book_valuer_per_share_4q_avg": 11.86,
            "equity": 6293512,
            "current_ratio": 108.89,
            "debt_ratio": 36.46,
            "inventory_turnover_ratio": 1.67,
            "account_receivable_turnover_ratio": null,
            "reinvestment_rate": null,
            "research_to_sale_ratio": null,
            "price_fair": 0,
            "eps_avg_yearly": 0,
            "eps_latest_yearly": 0,
            "eps_growth_yearly": 0
        },
        "20021": {
            "year_quarter": 20021,
            "year": 2002,
            "quarter": 1,
            "eps": 0.23,
            "eps_growth_year": 283.33,
            "eps_4q": 0.52,
            "eps_4q_growth_year": 3.12,
            "roe": 1.84,
            "roe_4q": 4.16,
            "gross_profit": 374097,
            "gross_margin": 13.11,
            "gross_margin_4q_avg": 12.31,
            "net_income": 116051,
            "net_income_4q": null,
            "revenue": 2852764,
            "revenue_4q": null,
            "common_shares": 5245658,
            "book_valuer_per_share": 12.04,
            "book_valuer_per_share_4q_avg": 11.83,
            "equity": 6313563,
            "current_ratio": 97.61,
            "debt_ratio": 36.63,
            "inventory_turnover_ratio": 1.53,
            "account_receivable_turnover_ratio": null,
            "reinvestment_rate": null,
            "research_to_sale_ratio": null,
            "price_fair": 32.2,
            "eps_avg_yearly": 0.92,
            "eps_latest_yearly": 0.92,
            "eps_growth_yearly": 175
        },
        "20022": {
            "year_quarter": 20022,
            "year": 2002,
            "quarter": 2,
            "eps": 0.59,
            "eps_growth_year": 490,
            "eps_4q": 1,
            "eps_4q_growth_year": 123.02,
            "roe": 4.68,
            "roe_4q": 7.999999999999999,
            "gross_profit": 582789,
            "gross_margin": 17.55,
            "gross_margin_4q_avg": 13.45,
            "net_income": 298422,
            "net_income_4q": null,
            "revenue": 3320222,
            "revenue_4q": null,
            "common_shares": 5145658,
            "book_valuer_per_share": 12.54,
            "book_valuer_per_share_4q_avg": 12.05,
            "equity": 6451135,
            "current_ratio": 104,
            "debt_ratio": 39.87,
            "inventory_turnover_ratio": 1.41,
            "account_receivable_turnover_ratio": null,
            "reinvestment_rate": null,
            "research_to_sale_ratio": null,
            "price_fair": 57.4,
            "eps_avg_yearly": 1.64,
            "eps_latest_yearly": 2.36,
            "eps_growth_yearly": 400.54
        },
        "20023": {
            "year_quarter": 20023,
            "year": 2002,
            "quarter": 3,
            "eps": 0.49,
            "eps_growth_year": 4800,
            "eps_4q": 1.48,
            "eps_4q_growth_year": 310.09,
            "roe": 3.76,
            "roe_4q": 11.629999999999999,
            "gross_profit": 583054,
            "gross_margin": 18.21,
            "gross_margin_4q_avg": 15.21,
            "net_income": 246721,
            "net_income_4q": null,
            "revenue": 3202135,
            "revenue_4q": null,
            "common_shares": 5145658,
            "book_valuer_per_share": 12.93,
            "book_valuer_per_share_4q_avg": 12.38,
            "equity": 6655531,
            "current_ratio": 111.13,
            "debt_ratio": 35.26,
            "inventory_turnover_ratio": 1.27,
            "account_receivable_turnover_ratio": null,
            "reinvestment_rate": null,
            "research_to_sale_ratio": null,
            "price_fair": 61.13,
            "eps_avg_yearly": 1.75,
            "eps_latest_yearly": 1.96,
            "eps_growth_yearly": 244.43
        },
        "20024": {
            "year_quarter": 20024,
            "year": 2002,
            "quarter": 4,
            "eps": 0.5,
            "eps_growth_year": 212.5,
            "eps_4q": 1.81,
            "eps_4q_growth_year": 433.91,
            "roe": 3.71,
            "roe_4q": 13.989999999999998,
            "gross_profit": 746704,
            "gross_margin": 18.92,
            "gross_margin_4q_avg": 16.95,
            "net_income": 252456,
            "net_income_4q": null,
            "revenue": 3947045,
            "revenue_4q": null,
            "common_shares": 5145658,
            "book_valuer_per_share": 13.51,
            "book_valuer_per_share_4q_avg": 12.76,
            "equity": 6953271,
            "current_ratio": 122.38,
            "debt_ratio": 35.95,
            "inventory_turnover_ratio": 1.67,
            "account_receivable_turnover_ratio": null,
            "reinvestment_rate": -71.79,
            "research_to_sale_ratio": null,
            "price_fair": 63.35,
            "eps_avg_yearly": 1.81,
            "eps_latest_yearly": 2,
            "eps_growth_yearly": 185.36
        },
        "20031": {
            "year_quarter": 20031,
            "year": 2003,
            "quarter": 1,
            "eps": 0.67,
            "eps_growth_year": 191.3,
            "eps_4q": 2.25,
            "eps_4q_growth_year": 330.87,
            "roe": 4.76,
            "roe_4q": 16.909999999999997,
            "gross_profit": 685564,
            "gross_margin": 17.58,
            "gross_margin_4q_avg": 18.07,
            "net_income": 338692,
            "net_income_4q": null,
            "revenue": 3899553,
            "revenue_4q": null,
            "common_shares": 5145658,
            "book_valuer_per_share": 14.17,
            "book_valuer_per_share_4q_avg": 13.29,
            "equity": 7291963,
            "current_ratio": 153.12,
            "debt_ratio": 25.47,
            "inventory_turnover_ratio": 1.73,
            "account_receivable_turnover_ratio": null,
            "reinvestment_rate": -58.89,
            "research_to_sale_ratio": null,
            "price_fair": 69.44,
            "eps_avg_yearly": 1.98,
            "eps_latest_yearly": 2.68,
            "eps_growth_yearly": 175.49
        },
        "20032": {
            "year_quarter": 20032,
            "year": 2003,
            "quarter": 2,
            "eps": 0.55,
            "eps_growth_year": -6.78,
            "eps_4q": 2.18,
            "eps_4q_growth_year": 117.77,
            "roe": 3.94,
            "roe_4q": 16.17,
            "gross_profit": 660209,
            "gross_margin": 16.57,
            "gross_margin_4q_avg": 17.82,
            "net_income": 281928,
            "net_income_4q": null,
            "revenue": 3985365,
            "revenue_4q": null,
            "common_shares": 5145658,
            "book_valuer_per_share": 13.66,
            "book_valuer_per_share_4q_avg": 13.57,
            "equity": 7029727,
            "current_ratio": 125.57,
            "debt_ratio": 37.5,
            "inventory_turnover_ratio": 1.47,
            "account_receivable_turnover_ratio": null,
            "reinvestment_rate": -54.4,
            "research_to_sale_ratio": null,
            "price_fair": 70.7,
            "eps_avg_yearly": 2.02,
            "eps_latest_yearly": 2.2,
            "eps_growth_yearly": 134.3
        },
        "20033": {
            "year_quarter": 20033,
            "year": 2003,
            "quarter": 3,
            "eps": 0.5,
            "eps_growth_year": 2.04,
            "eps_4q": 2.19,
            "eps_4q_growth_year": 48.11,
            "roe": 3.6,
            "roe_4q": 16.01,
            "gross_profit": 621825,
            "gross_margin": 14.73,
            "gross_margin_4q_avg": 16.95,
            "net_income": 257556,
            "net_income_4q": null,
            "revenue": 4220617,
            "revenue_4q": null,
            "common_shares": 5248571,
            "book_valuer_per_share": 13.9,
            "book_valuer_per_share_4q_avg": 13.81,
            "equity": 7296651,
            "current_ratio": 145.92,
            "debt_ratio": 30.47,
            "inventory_turnover_ratio": 1.41,
            "account_receivable_turnover_ratio": null,
            "reinvestment_rate": -51.2,
            "research_to_sale_ratio": null,
            "price_fair": 70.6,
            "eps_avg_yearly": 2.02,
            "eps_latest_yearly": 2,
            "eps_growth_yearly": 109.92
        },
        "20034": {
            "year_quarter": 20034,
            "year": 2003,
            "quarter": 4,
            "eps": 0.71,
            "eps_growth_year": 42,
            "eps_4q": 2.42,
            "eps_4q_growth_year": 33.71,
            "roe": 4.88,
            "roe_4q": 17.18,
            "gross_profit": 776358,
            "gross_margin": 16.39,
            "gross_margin_4q_avg": 16.32,
            "net_income": 364718,
            "net_income_4q": null,
            "revenue": 4737963,
            "revenue_4q": null,
            "common_shares": 5248571,
            "book_valuer_per_share": 14.6,
            "book_valuer_per_share_4q_avg": 14.08,
            "equity": 7661369,
            "current_ratio": 141.47,
            "debt_ratio": 34.57,
            "inventory_turnover_ratio": 1.62,
            "account_receivable_turnover_ratio": null,
            "reinvestment_rate": -40.95,
            "research_to_sale_ratio": null,
            "price_fair": 74.2,
            "eps_avg_yearly": 2.12,
            "eps_latest_yearly": 2.84,
            "eps_growth_yearly": 117.18
        },
        "20041": {
            "year_quarter": 20041,
            "year": 2004,
            "quarter": 1,
            "eps": 1.28,
            "eps_growth_year": 91.04,
            "eps_4q": 3.03,
            "eps_4q_growth_year": 34.9,
            "roe": 8.26,
            "roe_4q": 20.680000000000003,
            "gross_profit": 1141651,
            "gross_margin": 21.24,
            "gross_margin_4q_avg": 17.23,
            "net_income": 660482,
            "net_income_4q": null,
            "revenue": 5375536,
            "revenue_4q": null,
            "common_shares": 5248571,
            "book_valuer_per_share": 15.86,
            "book_valuer_per_share_4q_avg": 14.51,
            "equity": 8321851,
            "current_ratio": 152.39,
            "debt_ratio": 34.27,
            "inventory_turnover_ratio": 1.59,
            "account_receivable_turnover_ratio": null,
            "reinvestment_rate": -25.23,
            "research_to_sale_ratio": null,
            "price_fair": 85.87,
            "eps_avg_yearly": 2.45,
            "eps_latest_yearly": 5.12,
            "eps_growth_yearly": 139.84
        },
        "20042": {
            "year_quarter": 20042,
            "year": 2004,
            "quarter": 2,
            "eps": 2.12,
            "eps_growth_year": 285.45,
            "eps_4q": 4.61,
            "eps_4q_growth_year": 111.16,
            "roe": 12.94,
            "roe_4q": 29.68,
            "gross_profit": 1717790,
            "gross_margin": 25.4,
            "gross_margin_4q_avg": 19.44,
            "net_income": 1090847,
            "net_income_4q": null,
            "revenue": 6763380,
            "revenue_4q": null,
            "common_shares": 5248571,
            "book_valuer_per_share": 16.28,
            "book_valuer_per_share_4q_avg": 15.16,
            "equity": 8544214,
            "current_ratio": 133.27,
            "debt_ratio": 41.23,
            "inventory_turnover_ratio": 1.49,
            "account_receivable_turnover_ratio": null,
            "reinvestment_rate": -12.93,
            "research_to_sale_ratio": null,
            "price_fair": 106.96,
            "eps_avg_yearly": 3.06,
            "eps_latest_yearly": 8.48,
            "eps_growth_yearly": 152.11
        },
        "20043": {
            "year_quarter": 20043,
            "year": 2004,
            "quarter": 3,
            "eps": 1.77,
            "eps_growth_year": 254,
            "eps_4q": 5.88,
            "eps_4q_growth_year": 167.7,
            "roe": 10.14,
            "roe_4q": 36.22,
            "gross_profit": 1493866,
            "gross_margin": 22.72,
            "gross_margin_4q_avg": 21.44,
            "net_income": 912237,
            "net_income_4q": null,
            "revenue": 6575818,
            "revenue_4q": null,
            "common_shares": 5248571,
            "book_valuer_per_share": 18.02,
            "book_valuer_per_share_4q_avg": 16.19,
            "equity": 9456451,
            "current_ratio": 163.95,
            "debt_ratio": 33.61,
            "inventory_turnover_ratio": 1.35,
            "account_receivable_turnover_ratio": null,
            "reinvestment_rate": -8.31,
            "research_to_sale_ratio": null,
            "price_fair": 119.76,
            "eps_avg_yearly": 3.42,
            "eps_latest_yearly": 7.08,
            "eps_growth_yearly": 132.28
        },
        "20044": {
            "year_quarter": 20044,
            "year": 2004,
            "quarter": 4,
            "eps": 2.03,
            "eps_growth_year": 185.92,
            "eps_4q": 7.19,
            "eps_4q_growth_year": 197.03,
            "roe": 10.51,
            "roe_4q": 41.849999999999994,
            "gross_profit": 1573344,
            "gross_margin": 25.35,
            "gross_margin_4q_avg": 23.68,
            "net_income": 1048534,
            "net_income_4q": null,
            "revenue": 6205772,
            "revenue_4q": null,
            "common_shares": 5248571,
            "book_valuer_per_share": 20.01,
            "book_valuer_per_share_4q_avg": 17.54,
            "equity": 10504985,
            "current_ratio": 173.79,
            "debt_ratio": 33.21,
            "inventory_turnover_ratio": 1.07,
            "account_receivable_turnover_ratio": null,
            "reinvestment_rate": -2.32,
            "research_to_sale_ratio": null,
            "price_fair": 133.47,
            "eps_avg_yearly": 3.81,
            "eps_latest_yearly": 8.12,
            "eps_growth_yearly": 126.15
        },
        "20051": {
            "year_quarter": 20051,
            "year": 2005,
            "quarter": 1,
            "eps": 1.5,
            "eps_growth_year": 17.19,
            "eps_4q": 7.41,
            "eps_4q_growth_year": 144.25,
            "roe": 7.12,
            "roe_4q": 40.71,
            "gross_profit": 1314079,
            "gross_margin": 21.65,
            "gross_margin_4q_avg": 23.78,
            "net_income": 774997,
            "net_income_4q": null,
            "revenue": 6068862,
            "revenue_4q": null,
            "common_shares": 5248571,
            "book_valuer_per_share": 21.49,
            "book_valuer_per_share_4q_avg": 18.95,
            "equity": 11279982,
            "current_ratio": 189.3,
            "debt_ratio": 31.28,
            "inventory_turnover_ratio": 0.99,
            "account_receivable_turnover_ratio": null,
            "reinvestment_rate": 6.13,
            "research_to_sale_ratio": null,
            "price_fair": 139.35,
            "eps_avg_yearly": 3.98,
            "eps_latest_yearly": 6,
            "eps_growth_yearly": 108.41
        },
        "20052": {
            "year_quarter": 20052,
            "year": 2005,
            "quarter": 2,
            "eps": 1.03,
            "eps_growth_year": -51.42,
            "eps_4q": 5.85,
            "eps_4q_growth_year": 26.82,
            "roe": 5.39,
            "roe_4q": 33.16,
            "gross_profit": 1240693,
            "gross_margin": 20.87,
            "gross_margin_4q_avg": 22.65,
            "net_income": 584580,
            "net_income_4q": null,
            "revenue": 5945459,
            "revenue_4q": null,
            "common_shares": 5248571,
            "book_valuer_per_share": 19.85,
            "book_valuer_per_share_4q_avg": 19.84,
            "equity": 10419010,
            "current_ratio": 152.17,
            "debt_ratio": 37.49,
            "inventory_turnover_ratio": 1.04,
            "account_receivable_turnover_ratio": null,
            "reinvestment_rate": 8.36,
            "research_to_sale_ratio": null,
            "price_fair": 139.7,
            "eps_avg_yearly": 3.99,
            "eps_latest_yearly": 4.12,
            "eps_growth_yearly": 91.72
        },
        "20053": {
            "year_quarter": 20053,
            "year": 2005,
            "quarter": 3,
            "eps": 0.77,
            "eps_growth_year": -56.5,
            "eps_4q": 5.03,
            "eps_4q_growth_year": -14.38,
            "roe": 4.09,
            "roe_4q": 27.11,
            "gross_profit": 824603,
            "gross_margin": 15.04,
            "gross_margin_4q_avg": 20.73,
            "net_income": 435209,
            "net_income_4q": null,
            "revenue": 5481568,
            "revenue_4q": null,
            "common_shares": 5773428,
            "book_valuer_per_share": 18.84,
            "book_valuer_per_share_4q_avg": 20.05,
            "equity": 10878107,
            "current_ratio": 175.53,
            "debt_ratio": 31.44,
            "inventory_turnover_ratio": 1.17,
            "account_receivable_turnover_ratio": null,
            "reinvestment_rate": 12.35,
            "research_to_sale_ratio": null,
            "price_fair": 137.57,
            "eps_avg_yearly": 3.93,
            "eps_latest_yearly": 3.08,
            "eps_growth_yearly": 78.87
        },
        "20054": {
            "year_quarter": 20054,
            "year": 2005,
            "quarter": 4,
            "eps": 0.72,
            "eps_growth_year": -64.53,
            "eps_4q": 3.89,
            "eps_4q_growth_year": -45.84,
            "roe": 3.68,
            "roe_4q": 20.28,
            "gross_profit": 1012860,
            "gross_margin": 16.68,
            "gross_margin_4q_avg": 18.56,
            "net_income": 407324,
            "net_income_4q": null,
            "revenue": 6073075,
            "revenue_4q": null,
            "common_shares": 5668325,
            "book_valuer_per_share": 19.91,
            "book_valuer_per_share_4q_avg": 20.02,
            "equity": 11285431,
            "current_ratio": 170.73,
            "debt_ratio": 31.42,
            "inventory_turnover_ratio": 1.45,
            "account_receivable_turnover_ratio": null,
            "reinvestment_rate": 16.04,
            "research_to_sale_ratio": null,
            "price_fair": 135.28,
            "eps_avg_yearly": 3.87,
            "eps_latest_yearly": 2.88,
            "eps_growth_yearly": 72.32
        },
        "20061": {
            "year_quarter": 20061,
            "year": 2006,
            "quarter": 1,
            "eps": 0.94,
            "eps_growth_year": -37.33,
            "eps_4q": 3.46,
            "eps_4q_growth_year": -53.25,
            "roe": 4.57,
            "roe_4q": 17.73,
            "gross_profit": 1098091,
            "gross_margin": 17.73,
            "gross_margin_4q_avg": 17.58,
            "net_income": 531831,
            "net_income_4q": null,
            "revenue": 6194575,
            "revenue_4q": null,
            "common_shares": 5668325,
            "book_valuer_per_share": 21.11,
            "book_valuer_per_share_4q_avg": 19.93,
            "equity": 11968557,
            "current_ratio": 193.77,
            "debt_ratio": 27.11,
            "inventory_turnover_ratio": 1.7,
            "account_receivable_turnover_ratio": null,
            "reinvestment_rate": 21.93,
            "research_to_sale_ratio": null,
            "price_fair": 141.49,
            "eps_avg_yearly": 4.04,
            "eps_latest_yearly": 3.76,
            "eps_growth_yearly": 69.02
        },
        "20062": {
            "year_quarter": 20062,
            "year": 2006,
            "quarter": 2,
            "eps": 1.43,
            "eps_growth_year": 38.84,
            "eps_4q": 3.86,
            "eps_4q_growth_year": -34.02,
            "roe": 6.99,
            "roe_4q": 19.33,
            "gross_profit": 1262175,
            "gross_margin": 20.76,
            "gross_margin_4q_avg": 17.55,
            "net_income": 808697,
            "net_income_4q": null,
            "revenue": 6078747,
            "revenue_4q": null,
            "common_shares": 5668325,
            "book_valuer_per_share": 19.73,
            "book_valuer_per_share_4q_avg": 19.9,
            "equity": 11182486,
            "current_ratio": 138.63,
            "debt_ratio": 38.8,
            "inventory_turnover_ratio": 1.54,
            "account_receivable_turnover_ratio": null,
            "reinvestment_rate": 26.45,
            "research_to_sale_ratio": null,
            "price_fair": 148.84,
            "eps_avg_yearly": 4.25,
            "eps_latest_yearly": 5.72,
            "eps_growth_yearly": 42.92
        },
        "20063": {
            "year_quarter": 20063,
            "year": 2006,
            "quarter": 3,
            "eps": 1.15,
            "eps_growth_year": 49.35,
            "eps_4q": 4.25,
            "eps_4q_growth_year": -15.6,
            "roe": 5.66,
            "roe_4q": 20.9,
            "gross_profit": 1169114,
            "gross_margin": 18.06,
            "gross_margin_4q_avg": 18.31,
            "net_income": 649317,
            "net_income_4q": null,
            "revenue": 6475226,
            "revenue_4q": null,
            "common_shares": 5668325,
            "book_valuer_per_share": 20.77,
            "book_valuer_per_share_4q_avg": 20.38,
            "equity": 11771413,
            "current_ratio": 146.36,
            "debt_ratio": 34.93,
            "inventory_turnover_ratio": 1.44,
            "account_receivable_turnover_ratio": null,
            "reinvestment_rate": 31.35,
            "research_to_sale_ratio": null,
            "price_fair": 154.61,
            "eps_avg_yearly": 4.42,
            "eps_latest_yearly": 4.6,
            "eps_growth_yearly": 42.26
        },
        "20064": {
            "year_quarter": 20064,
            "year": 2006,
            "quarter": 4,
            "eps": 1.84,
            "eps_growth_year": 155.56,
            "eps_4q": 5.36,
            "eps_4q_growth_year": 37.64,
            "roe": 8.41,
            "roe_4q": 25.630000000000003,
            "gross_profit": 1200699,
            "gross_margin": 18.22,
            "gross_margin_4q_avg": 18.69,
            "net_income": 1040781,
            "net_income_4q": null,
            "revenue": 6588701,
            "revenue_4q": null,
            "common_shares": 5668325,
            "book_valuer_per_share": 22.91,
            "book_valuer_per_share_4q_avg": 21.13,
            "equity": 12986590,
            "current_ratio": 158.74,
            "debt_ratio": 32.89,
            "inventory_turnover_ratio": 1.36,
            "account_receivable_turnover_ratio": null,
            "reinvestment_rate": 32.65,
            "research_to_sale_ratio": null,
            "price_fair": 166.34,
            "eps_avg_yearly": 4.75,
            "eps_latest_yearly": 7.36,
            "eps_growth_yearly": 56.75
        },
        "20071": {
            "year_quarter": 20071,
            "year": 2007,
            "quarter": 1,
            "eps": 1.14,
            "eps_growth_year": 21.28,
            "eps_4q": 5.56,
            "eps_4q_growth_year": 60.52,
            "roe": 4.83,
            "roe_4q": 25.89,
            "gross_profit": 1167594,
            "gross_margin": 16.58,
            "gross_margin_4q_avg": 18.41,
            "net_income": 644787,
            "net_income_4q": null,
            "revenue": 7041139,
            "revenue_4q": null,
            "common_shares": 5668325,
            "book_valuer_per_share": 24.17,
            "book_valuer_per_share_4q_avg": 21.9,
            "equity": 13700553,
            "current_ratio": 157.44,
            "debt_ratio": 32.49,
            "inventory_turnover_ratio": 1.43,
            "account_receivable_turnover_ratio": null,
            "reinvestment_rate": 36.97,
            "research_to_sale_ratio": null,
            "price_fair": 170.45,
            "eps_avg_yearly": 4.87,
            "eps_latest_yearly": 4.56,
            "eps_growth_yearly": 38.74
        },
        "20072": {
            "year_quarter": 20072,
            "year": 2007,
            "quarter": 2,
            "eps": 1.22,
            "eps_growth_year": -14.69,
            "eps_4q": 5.33,
            "eps_4q_growth_year": 38.1,
            "roe": 5.29,
            "roe_4q": 24.19,
            "gross_profit": 1214695,
            "gross_margin": 15.34,
            "gross_margin_4q_avg": 17.05,
            "net_income": 692934,
            "net_income_4q": null,
            "revenue": 7916917,
            "revenue_4q": null,
            "common_shares": 5668325,
            "book_valuer_per_share": 22.08,
            "book_valuer_per_share_4q_avg": 22.48,
            "equity": 12517189,
            "current_ratio": 124.72,
            "debt_ratio": 38.59,
            "inventory_turnover_ratio": 1.65,
            "account_receivable_turnover_ratio": null,
            "reinvestment_rate": 35.46,
            "research_to_sale_ratio": null,
            "price_fair": 176.31,
            "eps_avg_yearly": 5.04,
            "eps_latest_yearly": 4.88,
            "eps_growth_yearly": 44.97
        },
        "20073": {
            "year_quarter": 20073,
            "year": 2007,
            "quarter": 3,
            "eps": 1.19,
            "eps_growth_year": 3.48,
            "eps_4q": 5.38,
            "eps_4q_growth_year": 26.79,
            "roe": 5.2,
            "roe_4q": 23.73,
            "gross_profit": 1070349,
            "gross_margin": 13.28,
            "gross_margin_4q_avg": 15.86,
            "net_income": 675016,
            "net_income_4q": null,
            "revenue": 8061034,
            "revenue_4q": null,
            "common_shares": 5668325,
            "book_valuer_per_share": 23.75,
            "book_valuer_per_share_4q_avg": 23.23,
            "equity": 13462240,
            "current_ratio": 138.08,
            "debt_ratio": 35.54,
            "inventory_turnover_ratio": 1.74,
            "account_receivable_turnover_ratio": null,
            "reinvestment_rate": 36.53,
            "research_to_sale_ratio": null,
            "price_fair": 182.35,
            "eps_avg_yearly": 5.21,
            "eps_latest_yearly": 4.76,
            "eps_growth_yearly": 46.63
        },
        "20074": {
            "year_quarter": 20074,
            "year": 2007,
            "quarter": 4,
            "eps": 1.03,
            "eps_growth_year": -44.02,
            "eps_4q": 4.6,
            "eps_4q_growth_year": -14.24,
            "roe": 4.25,
            "roe_4q": 19.57,
            "gross_profit": 1177759,
            "gross_margin": 13.92,
            "gross_margin_4q_avg": 14.78,
            "net_income": 581500,
            "net_income_4q": null,
            "revenue": 8460230,
            "revenue_4q": null,
            "common_shares": 5668325,
            "book_valuer_per_share": 24.53,
            "book_valuer_per_share_4q_avg": 23.63,
            "equity": 13903575,
            "current_ratio": 136.07,
            "debt_ratio": 37.22,
            "inventory_turnover_ratio": 1.6,
            "account_receivable_turnover_ratio": null,
            "reinvestment_rate": 35.78,
            "research_to_sale_ratio": null,
            "price_fair": 185.15,
            "eps_avg_yearly": 5.29,
            "eps_latest_yearly": 4.12,
            "eps_growth_yearly": 32.77
        },
        "20081": {
            "year_quarter": 20081,
            "year": 2008,
            "quarter": 1,
            "eps": 2.21,
            "eps_growth_year": 93.86,
            "eps_4q": 5.66,
            "eps_4q_growth_year": 1.78,
            "roe": 8.57,
            "roe_4q": 23.31,
            "gross_profit": 2021011,
            "gross_margin": 19.9,
            "gross_margin_4q_avg": 15.61,
            "net_income": 1249960,
            "net_income_4q": null,
            "revenue": 10158298,
            "revenue_4q": null,
            "common_shares": 5668325,
            "book_valuer_per_share": 26.96,
            "book_valuer_per_share_4q_avg": 24.33,
            "equity": 15283432,
            "current_ratio": 155.36,
            "debt_ratio": 33.81,
            "inventory_turnover_ratio": 1.62,
            "account_receivable_turnover_ratio": null,
            "reinvestment_rate": 34.26,
            "research_to_sale_ratio": null,
            "price_fair": 193.29,
            "eps_avg_yearly": 5.52,
            "eps_latest_yearly": 8.84,
            "eps_growth_yearly": 41.34
        },
        "20082": {
            "year_quarter": 20082,
            "year": 2008,
            "quarter": 2,
            "eps": 3.5,
            "eps_growth_year": 186.89,
            "eps_4q": 7.79,
            "eps_4q_growth_year": 46.18,
            "roe": 13.29,
            "roe_4q": 31.31,
            "gross_profit": 2847419,
            "gross_margin": 22.75,
            "gross_margin_4q_avg": 17.46,
            "net_income": 2043710,
            "net_income_4q": null,
            "revenue": 12515988,
            "revenue_4q": null,
            "common_shares": 5668325,
            "book_valuer_per_share": 27.29,
            "book_valuer_per_share_4q_avg": 25.63,
            "equity": 15466501,
            "current_ratio": 134.6,
            "debt_ratio": 41.94,
            "inventory_turnover_ratio": 1.44,
            "account_receivable_turnover_ratio": null,
            "reinvestment_rate": 32.29,
            "research_to_sale_ratio": null,
            "price_fair": 205.36,
            "eps_avg_yearly": 5.87,
            "eps_latest_yearly": 14,
            "eps_growth_yearly": 39.53
        },
        "20083": {
            "year_quarter": 20083,
            "year": 2008,
            "quarter": 3,
            "eps": -0.18,
            "eps_growth_year": -115.13,
            "eps_4q": 6.46,
            "eps_4q_growth_year": 20,
            "roe": -0.68,
            "roe_4q": 25.43,
            "gross_profit": 424999,
            "gross_margin": 4.3,
            "gross_margin_4q_avg": 15.22,
            "net_income": -103675,
            "net_income_4q": null,
            "revenue": 9883251,
            "revenue_4q": null,
            "common_shares": 5838374,
            "book_valuer_per_share": 25.35,
            "book_valuer_per_share_4q_avg": 26.03,
            "equity": 14802600,
            "current_ratio": 125.95,
            "debt_ratio": 41.89,
            "inventory_turnover_ratio": 1.09,
            "account_receivable_turnover_ratio": null,
            "reinvestment_rate": 35.38,
            "research_to_sale_ratio": null,
            "price_fair": 202.53,
            "eps_avg_yearly": 5.79,
            "eps_latest_yearly": 14,
            "eps_growth_yearly": 46.56
        },
        "20084": {
            "year_quarter": 20084,
            "year": 2008,
            "quarter": 4,
            "eps": -2.07,
            "eps_growth_year": -300.97,
            "eps_4q": 3.39,
            "eps_4q_growth_year": -26.23,
            "roe": -8.75,
            "roe_4q": 12.43,
            "gross_profit": -1486648,
            "gross_margin": -28.56,
            "gross_margin_4q_avg": 4.6,
            "net_income": -1210080,
            "net_income_4q": null,
            "revenue": 5205296,
            "revenue_4q": null,
            "common_shares": 5838374,
            "book_valuer_per_share": 22,
            "book_valuer_per_share_4q_avg": 25.4,
            "equity": 12841734,
            "current_ratio": 104.35,
            "debt_ratio": 41.31,
            "inventory_turnover_ratio": 0.95,
            "account_receivable_turnover_ratio": 15.92,
            "reinvestment_rate": 42.61,
            "research_to_sale_ratio": null,
            "price_fair": 196.7,
            "eps_avg_yearly": 5.62,
            "eps_latest_yearly": 14,
            "eps_growth_yearly": 45.69
        },
        "20091": {
            "year_quarter": 20091,
            "year": 2009,
            "quarter": 1,
            "eps": 0.73,
            "eps_growth_year": -66.97,
            "eps_4q": 1.99,
            "eps_4q_growth_year": -64.87,
            "roe": 3.26,
            "roe_4q": 7.119999999999999,
            "gross_profit": 798513,
            "gross_margin": 18.32,
            "gross_margin_4q_avg": 4.2,
            "net_income": 423916,
            "net_income_4q": null,
            "revenue": 4359189,
            "revenue_4q": null,
            "common_shares": 5815994,
            "book_valuer_per_share": 22.64,
            "book_valuer_per_share_4q_avg": 24.32,
            "equity": 13166952,
            "current_ratio": 111.68,
            "debt_ratio": 34.34,
            "inventory_turnover_ratio": 0.74,
            "account_receivable_turnover_ratio": 5.59,
            "reinvestment_rate": 37.25,
            "research_to_sale_ratio": null,
            "price_fair": 195.68,
            "eps_avg_yearly": 5.59,
            "eps_latest_yearly": 14,
            "eps_growth_yearly": 57.24
        },
        "20092": {
            "year_quarter": 20092,
            "year": 2009,
            "quarter": 2,
            "eps": 0.51,
            "eps_growth_year": -85.43,
            "eps_4q": -1.01,
            "eps_4q_growth_year": -112.92,
            "roe": 2.29,
            "roe_4q": -3.8800000000000003,
            "gross_profit": 575284,
            "gross_margin": 11.22,
            "gross_margin_4q_avg": 1.32,
            "net_income": 299195,
            "net_income_4q": null,
            "revenue": 5128642,
            "revenue_4q": null,
            "common_shares": 5815994,
            "book_valuer_per_share": 22.3,
            "book_valuer_per_share_4q_avg": 23.07,
            "equity": 12968858,
            "current_ratio": 133.35,
            "debt_ratio": 36.6,
            "inventory_turnover_ratio": 1.12,
            "account_receivable_turnover_ratio": 6.42,
            "reinvestment_rate": 34.95,
            "research_to_sale_ratio": null,
            "price_fair": 190.08,
            "eps_avg_yearly": 5.43,
            "eps_latest_yearly": 2.04,
            "eps_growth_yearly": 57.61
        },
        "20093": {
            "year_quarter": 20093,
            "year": 2009,
            "quarter": 3,
            "eps": 0.67,
            "eps_growth_year": null,
            "eps_4q": -0.17,
            "eps_4q_growth_year": -102.58,
            "roe": 2.93,
            "roe_4q": -0.2699999999999996,
            "gross_profit": 581141,
            "gross_margin": 9.48,
            "gross_margin_4q_avg": 2.62,
            "net_income": 389892,
            "net_income_4q": null,
            "revenue": 6128231,
            "revenue_4q": null,
            "common_shares": 5815994,
            "book_valuer_per_share": 23.5,
            "book_valuer_per_share_4q_avg": 22.61,
            "equity": 13666877,
            "current_ratio": 147.59,
            "debt_ratio": 34.96,
            "inventory_turnover_ratio": 1.29,
            "account_receivable_turnover_ratio": 9.6,
            "reinvestment_rate": 30.29,
            "research_to_sale_ratio": null,
            "price_fair": 189,
            "eps_avg_yearly": 5.4,
            "eps_latest_yearly": 2.68,
            "eps_growth_yearly": 75.03
        },
        "20094": {
            "year_quarter": 20094,
            "year": 2009,
            "quarter": 4,
            "eps": 0.71,
            "eps_growth_year": null,
            "eps_4q": 2.63,
            "eps_4q_growth_year": -22.55,
            "roe": 2.95,
            "roe_4q": 11.430000000000001,
            "gross_profit": 836859,
            "gross_margin": 12.41,
            "gross_margin_4q_avg": 12.86,
            "net_income": 414115,
            "net_income_4q": null,
            "revenue": 6742421,
            "revenue_4q": null,
            "common_shares": 5815994,
            "book_valuer_per_share": 24.77,
            "book_valuer_per_share_4q_avg": 23.3,
            "equity": 14408309,
            "current_ratio": 154.99,
            "debt_ratio": 35.02,
            "inventory_turnover_ratio": 1.15,
            "account_receivable_turnover_ratio": 14.74,
            "reinvestment_rate": 32.53,
            "research_to_sale_ratio": null,
            "price_fair": 188.89,
            "eps_avg_yearly": 5.4,
            "eps_latest_yearly": 2.84,
            "eps_growth_yearly": 78.87
        },
        "20101": {
            "year_quarter": 20101,
            "year": 2010,
            "quarter": 1,
            "eps": 0.77,
            "eps_growth_year": 5.48,
            "eps_4q": 2.67,
            "eps_4q_growth_year": 34.43,
            "roe": 3.08,
            "roe_4q": 11.25,
            "gross_profit": 854568,
            "gross_margin": 11.78,
            "gross_margin_4q_avg": 11.22,
            "net_income": 450306,
            "net_income_4q": null,
            "revenue": 7254405,
            "revenue_4q": null,
            "common_shares": 5815994,
            "book_valuer_per_share": 0,
            "book_valuer_per_share_4q_avg": 17.64,
            "equity": 14842419,
            "current_ratio": 166.34,
            "debt_ratio": 33.56,
            "inventory_turnover_ratio": 1.13,
            "account_receivable_turnover_ratio": 8.48,
            "reinvestment_rate": 25.74,
            "research_to_sale_ratio": 0.12,
            "price_fair": 187.06,
            "eps_avg_yearly": 5.34,
            "eps_latest_yearly": 3.08,
            "eps_growth_yearly": 72.06
        },
        "20102": {
            "year_quarter": 20102,
            "year": 2010,
            "quarter": 2,
            "eps": 1.32,
            "eps_growth_year": 158.02,
            "eps_4q": 3.47,
            "eps_4q_growth_year": null,
            "roe": 5.29,
            "roe_4q": 14.25,
            "gross_profit": 1330596,
            "gross_margin": 15.98,
            "gross_margin_4q_avg": 12.41,
            "net_income": 765321,
            "net_income_4q": null,
            "revenue": 8324011,
            "revenue_4q": null,
            "common_shares": 5815994,
            "book_valuer_per_share": 0,
            "book_valuer_per_share_4q_avg": 12.07,
            "equity": 14116286,
            "current_ratio": 152.53,
            "debt_ratio": 37.1,
            "inventory_turnover_ratio": 1.16,
            "account_receivable_turnover_ratio": 9.12,
            "reinvestment_rate": 18.88,
            "research_to_sale_ratio": 0.1,
            "price_fair": 185.88,
            "eps_avg_yearly": 5.31,
            "eps_latest_yearly": 5.28,
            "eps_growth_yearly": 78
        },
        "20103": {
            "year_quarter": 20103,
            "year": 2010,
            "quarter": 3,
            "eps": 0.89,
            "eps_growth_year": 32.18,
            "eps_4q": 3.69,
            "eps_4q_growth_year": null,
            "roe": 3.54,
            "roe_4q": 14.86,
            "gross_profit": 1067601,
            "gross_margin": 11.99,
            "gross_margin_4q_avg": 13.04,
            "net_income": 515083,
            "net_income_4q": null,
            "revenue": 8901300,
            "revenue_4q": null,
            "common_shares": 5815994,
            "book_valuer_per_share": 25.82,
            "book_valuer_per_share_4q_avg": 12.65,
            "equity": 15017524,
            "current_ratio": 162.9,
            "debt_ratio": 34.7,
            "inventory_turnover_ratio": 1.25,
            "account_receivable_turnover_ratio": 8.16,
            "reinvestment_rate": 15.84,
            "research_to_sale_ratio": 0.09,
            "price_fair": 183.08,
            "eps_avg_yearly": 5.23,
            "eps_latest_yearly": 3.56,
            "eps_growth_yearly": 74
        },
        "20104": {
            "year_quarter": 20104,
            "year": 2010,
            "quarter": 4,
            "eps": 1.09,
            "eps_growth_year": 53.12,
            "eps_4q": 4.06,
            "eps_4q_growth_year": 54.73,
            "roe": 4.11,
            "roe_4q": 16.020000000000003,
            "gross_profit": 1134790,
            "gross_margin": 11.91,
            "gross_margin_4q_avg": 12.92,
            "net_income": 632272,
            "net_income_4q": null,
            "revenue": 9528686,
            "revenue_4q": null,
            "common_shares": 5815994,
            "book_valuer_per_share": 27.14,
            "book_valuer_per_share_4q_avg": 13.24,
            "equity": 15783588,
            "current_ratio": 189.59,
            "debt_ratio": 29.54,
            "inventory_turnover_ratio": 1.42,
            "account_receivable_turnover_ratio": 8.01,
            "reinvestment_rate": 11.16,
            "research_to_sale_ratio": 0.1,
            "price_fair": 175,
            "eps_avg_yearly": 5,
            "eps_latest_yearly": 4.36,
            "eps_growth_yearly": 62.46
        },
        "20111": {
            "year_quarter": 20111,
            "year": 2011,
            "quarter": 1,
            "eps": 1.04,
            "eps_growth_year": 35.06,
            "eps_4q": 4.33,
            "eps_4q_growth_year": 61.93,
            "roe": 3.73,
            "roe_4q": 16.669999999999998,
            "gross_profit": 1089230,
            "gross_margin": 12.05,
            "gross_margin_4q_avg": 12.98,
            "net_income": 602974,
            "net_income_4q": null,
            "revenue": 9040297,
            "revenue_4q": null,
            "common_shares": 5815994,
            "book_valuer_per_share": 28.49,
            "book_valuer_per_share_4q_avg": 20.36,
            "equity": 16571223,
            "current_ratio": 184.13,
            "debt_ratio": 32.88,
            "inventory_turnover_ratio": 1.2,
            "account_receivable_turnover_ratio": 7.49,
            "reinvestment_rate": 3.82,
            "research_to_sale_ratio": 0.11,
            "price_fair": 173.92,
            "eps_avg_yearly": 4.97,
            "eps_latest_yearly": 4.16,
            "eps_growth_yearly": 72.75
        },
        "20112": {
            "year_quarter": 20112,
            "year": 2011,
            "quarter": 2,
            "eps": 1.59,
            "eps_growth_year": 20.54,
            "eps_4q": 4.6,
            "eps_4q_growth_year": 32.34,
            "roe": 5.69,
            "roe_4q": 17.07,
            "gross_profit": 1498136,
            "gross_margin": 14.91,
            "gross_margin_4q_avg": 12.72,
            "net_income": 922552,
            "net_income_4q": null,
            "revenue": 10049694,
            "revenue_4q": null,
            "common_shares": 5815994,
            "book_valuer_per_share": 27.22,
            "book_valuer_per_share_4q_avg": 27.17,
            "equity": 15832442,
            "current_ratio": 180.68,
            "debt_ratio": 32.98,
            "inventory_turnover_ratio": 1.2,
            "account_receivable_turnover_ratio": 7.09,
            "reinvestment_rate": 2.53,
            "research_to_sale_ratio": 0.09,
            "price_fair": 177.91,
            "eps_avg_yearly": 5.08,
            "eps_latest_yearly": 6.36,
            "eps_growth_yearly": 86.86
        },
        "20113": {
            "year_quarter": 20113,
            "year": 2011,
            "quarter": 3,
            "eps": 1.32,
            "eps_growth_year": 49.04,
            "eps_4q": 5.03,
            "eps_4q_growth_year": 36.4,
            "roe": 4.79,
            "roe_4q": 18.32,
            "gross_profit": 1049044,
            "gross_margin": 11.16,
            "gross_margin_4q_avg": 12.51,
            "net_income": 767690,
            "net_income_4q": null,
            "revenue": 9399622,
            "revenue_4q": null,
            "common_shares": 5815994,
            "book_valuer_per_share": 27.92,
            "book_valuer_per_share_4q_avg": 27.69,
            "equity": 16240303,
            "current_ratio": 192.88,
            "debt_ratio": 31,
            "inventory_turnover_ratio": 1.2,
            "account_receivable_turnover_ratio": 6.65,
            "reinvestment_rate": -1.91,
            "research_to_sale_ratio": 0.11,
            "price_fair": 179.31,
            "eps_avg_yearly": 5.12,
            "eps_latest_yearly": 5.28,
            "eps_growth_yearly": 82.4
        },
        "20114": {
            "year_quarter": 20114,
            "year": 2011,
            "quarter": 4,
            "eps": 0.65,
            "eps_growth_year": -40.4,
            "eps_4q": 4.59,
            "eps_4q_growth_year": 12.99,
            "roe": 2.3,
            "roe_4q": 16.51,
            "gross_profit": 872507,
            "gross_margin": 8.63,
            "gross_margin_4q_avg": 11.69,
            "net_income": 376823,
            "net_income_4q": null,
            "revenue": 10113003,
            "revenue_4q": null,
            "common_shares": 5815994,
            "book_valuer_per_share": 28.32,
            "book_valuer_per_share_4q_avg": 27.99,
            "equity": 16468835,
            "current_ratio": 183.52,
            "debt_ratio": 33.45,
            "inventory_turnover_ratio": 1.18,
            "account_receivable_turnover_ratio": 6.91,
            "reinvestment_rate": -0.94,
            "research_to_sale_ratio": 0.11,
            "price_fair": 175.22,
            "eps_avg_yearly": 5.01,
            "eps_latest_yearly": 2.6,
            "eps_growth_yearly": 70.92
        },
        "20121": {
            "year_quarter": 20121,
            "year": 2012,
            "quarter": 1,
            "eps": 0.58,
            "eps_growth_year": -44.23,
            "eps_4q": 4.14,
            "eps_4q_growth_year": -4.32,
            "roe": 2.03,
            "roe_4q": 14.810000000000002,
            "gross_profit": 720464,
            "gross_margin": 8.05,
            "gross_margin_4q_avg": 10.69,
            "net_income": 339797,
            "net_income_4q": null,
            "revenue": 8954072,
            "revenue_4q": null,
            "common_shares": 5815994,
            "book_valuer_per_share": 29.17,
            "book_valuer_per_share_4q_avg": 28.16,
            "equity": 16965100,
            "current_ratio": 207.98,
            "debt_ratio": 29.79,
            "inventory_turnover_ratio": 1.03,
            "account_receivable_turnover_ratio": 5.26,
            "reinvestment_rate": -4.08,
            "research_to_sale_ratio": 0.12,
            "price_fair": 157.66,
            "eps_avg_yearly": 4.5,
            "eps_latest_yearly": 2.32,
            "eps_growth_yearly": 32.35
        },
        "20122": {
            "year_quarter": 20122,
            "year": 2012,
            "quarter": 2,
            "eps": 1.23,
            "eps_growth_year": -22.31,
            "eps_4q": 3.78,
            "eps_4q_growth_year": -17.65,
            "roe": 4.41,
            "roe_4q": 13.529999999999998,
            "gross_profit": 1144653,
            "gross_margin": 12.14,
            "gross_margin_4q_avg": 10,
            "net_income": 716724,
            "net_income_4q": null,
            "revenue": 9428439,
            "revenue_4q": null,
            "common_shares": 5815994,
            "book_valuer_per_share": 26.78,
            "book_valuer_per_share_4q_avg": 28.05,
            "equity": 15573209,
            "current_ratio": 184.89,
            "debt_ratio": 32.68,
            "inventory_turnover_ratio": 1.13,
            "account_receivable_turnover_ratio": 5.97,
            "reinvestment_rate": -9.28,
            "research_to_sale_ratio": 0.11,
            "price_fair": 133.22,
            "eps_avg_yearly": 3.81,
            "eps_latest_yearly": 4.92,
            "eps_growth_yearly": 48.87
        },
        "20123": {
            "year_quarter": 20123,
            "year": 2012,
            "quarter": 3,
            "eps": 0.34,
            "eps_growth_year": -74.24,
            "eps_4q": 2.8,
            "eps_4q_growth_year": -44.24,
            "roe": 1.27,
            "roe_4q": 10.009999999999998,
            "gross_profit": 241347,
            "gross_margin": 3.19,
            "gross_margin_4q_avg": 8,
            "net_income": 197770,
            "net_income_4q": null,
            "revenue": 7557337,
            "revenue_4q": null,
            "common_shares": 5815994,
            "book_valuer_per_share": 26.82,
            "book_valuer_per_share_4q_avg": 27.77,
            "equity": 15596596,
            "current_ratio": 223.56,
            "debt_ratio": 23.97,
            "inventory_turnover_ratio": 1.05,
            "account_receivable_turnover_ratio": 6.71,
            "reinvestment_rate": -4.98,
            "research_to_sale_ratio": 0.12,
            "price_fair": 126.04,
            "eps_avg_yearly": 3.63,
            "eps_latest_yearly": 1.36,
            "eps_growth_yearly": 24.71
        },
        "20124": {
            "year_quarter": 20124,
            "year": 2012,
            "quarter": 4,
            "eps": 0.63,
            "eps_growth_year": -3.09,
            "eps_4q": 2.78,
            "eps_4q_growth_year": -39.35,
            "roe": 2.31,
            "roe_4q": 10.02,
            "gross_profit": 811150,
            "gross_margin": 9.82,
            "gross_margin_4q_avg": 8.3,
            "net_income": 365195,
            "net_income_4q": null,
            "revenue": 8259808,
            "revenue_4q": null,
            "common_shares": 5815994,
            "book_valuer_per_share": 27.44,
            "book_valuer_per_share_4q_avg": 27.55,
            "equity": 15960733,
            "current_ratio": 266.58,
            "debt_ratio": 20.19,
            "inventory_turnover_ratio": 1.23,
            "account_receivable_turnover_ratio": 9.75,
            "reinvestment_rate": -7.81,
            "research_to_sale_ratio": 0.15,
            "price_fair": 124.51,
            "eps_avg_yearly": 3.56,
            "eps_latest_yearly": 2.52,
            "eps_growth_yearly": 45.81
        },
        "20131": {
            "year_quarter": 20131,
            "year": 2013,
            "quarter": 1,
            "eps": 0.72,
            "eps_growth_year": 24.14,
            "eps_4q": 2.92,
            "eps_4q_growth_year": -29.49,
            "roe": 2.59,
            "roe_4q": 10.58,
            "gross_profit": 632675,
            "gross_margin": 8.32,
            "gross_margin_4q_avg": 8.37,
            "net_income": 417314,
            "net_income_4q": null,
            "revenue": 7600694,
            "revenue_4q": null,
            "common_shares": 5815994,
            "book_valuer_per_share": 27.99,
            "book_valuer_per_share_4q_avg": 27.26,
            "equity": 16279361,
            "current_ratio": 342.45,
            "debt_ratio": 18.52,
            "inventory_turnover_ratio": 1.2,
            "account_receivable_turnover_ratio": 8.78,
            "reinvestment_rate": -1.78,
            "research_to_sale_ratio": 0.14,
            "price_fair": 123.03,
            "eps_avg_yearly": 3.52,
            "eps_latest_yearly": 2.88,
            "eps_growth_yearly": 46.52
        },
        "20132": {
            "year_quarter": 20132,
            "year": 2013,
            "quarter": 2,
            "eps": 0.46,
            "eps_growth_year": -62.67,
            "eps_4q": 2.14,
            "eps_4q_growth_year": -43.38,
            "roe": 1.7,
            "roe_4q": 7.869999999999999,
            "gross_profit": 463507,
            "gross_margin": 6.35,
            "gross_margin_4q_avg": 6.92,
            "net_income": 265983,
            "net_income_4q": null,
            "revenue": 7294965,
            "revenue_4q": null,
            "common_shares": 5815994,
            "book_valuer_per_share": 25.97,
            "book_valuer_per_share_4q_avg": 27.06,
            "equity": 15101460,
            "current_ratio": 262.42,
            "debt_ratio": 23.07,
            "inventory_turnover_ratio": 1.1,
            "account_receivable_turnover_ratio": 7.75,
            "reinvestment_rate": -1.89,
            "research_to_sale_ratio": 0.14,
            "price_fair": 122.59,
            "eps_avg_yearly": 3.5,
            "eps_latest_yearly": 1.84,
            "eps_growth_yearly": 45.02
        },
        "20133": {
            "year_quarter": 20133,
            "year": 2013,
            "quarter": 3,
            "eps": 0.56,
            "eps_growth_year": 64.68,
            "eps_4q": 2.37,
            "eps_4q_growth_year": -15.63,
            "roe": 2.15,
            "roe_4q": 8.75,
            "gross_profit": 510931,
            "gross_margin": 7.06,
            "gross_margin_4q_avg": 7.89,
            "net_income": 327670,
            "net_income_4q": null,
            "revenue": 7239331,
            "revenue_4q": null,
            "common_shares": 5815994,
            "book_valuer_per_share": 26.51,
            "book_valuer_per_share_4q_avg": 26.98,
            "equity": 15416345,
            "current_ratio": 326.19,
            "debt_ratio": 19.17,
            "inventory_turnover_ratio": 1.22,
            "account_receivable_turnover_ratio": 7.56,
            "reinvestment_rate": -0.68,
            "research_to_sale_ratio": 0.14,
            "price_fair": 121.63,
            "eps_avg_yearly": 3.48,
            "eps_latest_yearly": 2.24,
            "eps_growth_yearly": 42.61
        },
        "20134": {
            "year_quarter": 20134,
            "year": 2013,
            "quarter": 4,
            "eps": 0.75,
            "eps_growth_year": 19.21,
            "eps_4q": 2.49,
            "eps_4q_growth_year": -10.69,
            "roe": 2.78,
            "roe_4q": 9.219999999999999,
            "gross_profit": 703974,
            "gross_margin": 9.07,
            "gross_margin_4q_avg": 7.7,
            "net_income": 435364,
            "net_income_4q": null,
            "revenue": 7764598,
            "revenue_4q": null,
            "common_shares": 5815994,
            "book_valuer_per_share": 27.29,
            "book_valuer_per_share_4q_avg": 26.94,
            "equity": 15869364,
            "current_ratio": 334.82,
            "debt_ratio": 19.02,
            "inventory_turnover_ratio": 1.34,
            "account_receivable_turnover_ratio": 7.88,
            "reinvestment_rate": -6.42,
            "research_to_sale_ratio": 0.16,
            "price_fair": 121.98,
            "eps_avg_yearly": 3.49,
            "eps_latest_yearly": 3,
            "eps_growth_yearly": 49.6
        },
        "20141": {
            "year_quarter": 20141,
            "year": 2014,
            "quarter": 1,
            "eps": 0.65,
            "eps_growth_year": -9.72,
            "eps_4q": 2.42,
            "eps_4q_growth_year": -17.23,
            "roe": 2.34,
            "roe_4q": 8.969999999999999,
            "gross_profit": 590017,
            "gross_margin": 8,
            "gross_margin_4q_avg": 7.62,
            "net_income": 375556,
            "net_income_4q": null,
            "revenue": 7379818,
            "revenue_4q": null,
            "common_shares": 5815994,
            "book_valuer_per_share": 27.93,
            "book_valuer_per_share_4q_avg": 26.93,
            "equity": 16241370,
            "current_ratio": 407.89,
            "debt_ratio": 16.21,
            "inventory_turnover_ratio": 1.29,
            "account_receivable_turnover_ratio": 5.13,
            "reinvestment_rate": -4.37,
            "research_to_sale_ratio": 0.16,
            "price_fair": 120.93,
            "eps_avg_yearly": 3.46,
            "eps_latest_yearly": 2.6,
            "eps_growth_yearly": 44.16
        },
        "20142": {
            "year_quarter": 20142,
            "year": 2014,
            "quarter": 2,
            "eps": 0.72,
            "eps_growth_year": 56.52,
            "eps_4q": 2.68,
            "eps_4q_growth_year": 25,
            "roe": 2.69,
            "roe_4q": 9.959999999999999,
            "gross_profit": 673471,
            "gross_margin": 8.29,
            "gross_margin_4q_avg": 8.11,
            "net_income": 419209,
            "net_income_4q": null,
            "revenue": 8120061,
            "revenue_4q": null,
            "common_shares": 5815994,
            "book_valuer_per_share": 25.65,
            "book_valuer_per_share_4q_avg": 26.85,
            "equity": 14915125,
            "current_ratio": 239.25,
            "debt_ratio": 25.55,
            "inventory_turnover_ratio": 1.47,
            "account_receivable_turnover_ratio": 4.64,
            "reinvestment_rate": -3.64,
            "research_to_sale_ratio": 0.14,
            "price_fair": 115.68,
            "eps_avg_yearly": 3.31,
            "eps_latest_yearly": 2.88,
            "eps_growth_yearly": 28.99
        },
        "20143": {
            "year_quarter": 20143,
            "year": 2014,
            "quarter": 3,
            "eps": 0.66,
            "eps_growth_year": 17.86,
            "eps_4q": 2.77,
            "eps_4q_growth_year": 17.11,
            "roe": 2.53,
            "roe_4q": 10.34,
            "gross_profit": 569849,
            "gross_margin": 7.93,
            "gross_margin_4q_avg": 8.32,
            "net_income": 381554,
            "net_income_4q": null,
            "revenue": 7187936,
            "revenue_4q": null,
            "common_shares": 5815994,
            "book_valuer_per_share": 26.23,
            "book_valuer_per_share_4q_avg": 26.78,
            "equity": 15252583,
            "current_ratio": 289.64,
            "debt_ratio": 20.59,
            "inventory_turnover_ratio": 1.27,
            "account_receivable_turnover_ratio": 4.55,
            "reinvestment_rate": -6.62,
            "research_to_sale_ratio": 0.13,
            "price_fair": 113.66,
            "eps_avg_yearly": 3.25,
            "eps_latest_yearly": 2.64,
            "eps_growth_yearly": 35.05
        },
        "20144": {
            "year_quarter": 20144,
            "year": 2014,
            "quarter": 4,
            "eps": 0.85,
            "eps_growth_year": 12.97,
            "eps_4q": 2.87,
            "eps_4q_growth_year": 15.34,
            "roe": 3.17,
            "roe_4q": 10.729999999999999,
            "gross_profit": 730207,
            "gross_margin": 9.76,
            "gross_margin_4q_avg": 8.5,
            "net_income": 491812,
            "net_income_4q": null,
            "revenue": 7483653,
            "revenue_4q": null,
            "common_shares": 5815994,
            "book_valuer_per_share": 27.12,
            "book_valuer_per_share_4q_avg": 26.73,
            "equity": 15774329,
            "current_ratio": 332.94,
            "debt_ratio": 18.29,
            "inventory_turnover_ratio": 1.36,
            "account_receivable_turnover_ratio": 4.67,
            "reinvestment_rate": 0.25,
            "research_to_sale_ratio": 0.15,
            "price_fair": 111.56,
            "eps_avg_yearly": 3.19,
            "eps_latest_yearly": 3.4,
            "eps_growth_yearly": 36.63
        },
        "20151": {
            "year_quarter": 20151,
            "year": 2015,
            "quarter": 1,
            "eps": 0.81,
            "eps_growth_year": 24.62,
            "eps_4q": 3.04,
            "eps_4q_growth_year": 25.74,
            "roe": 2.96,
            "roe_4q": 11.35,
            "gross_profit": 727825,
            "gross_margin": 10.48,
            "gross_margin_4q_avg": 9.12,
            "net_income": 473601,
            "net_income_4q": null,
            "revenue": 6942698,
            "revenue_4q": null,
            "common_shares": 5815994,
            "book_valuer_per_share": 27.96,
            "book_valuer_per_share_4q_avg": 26.74,
            "equity": 16260469,
            "current_ratio": 379.45,
            "debt_ratio": 16.54,
            "inventory_turnover_ratio": 1.44,
            "account_receivable_turnover_ratio": 4,
            "reinvestment_rate": 2.39,
            "research_to_sale_ratio": 0.14,
            "price_fair": 109.55,
            "eps_avg_yearly": 3.13,
            "eps_latest_yearly": 3.24,
            "eps_growth_yearly": 36.6
        },
        "20152": {
            "year_quarter": 20152,
            "year": 2015,
            "quarter": 2,
            "eps": 0.95,
            "eps_growth_year": 31.94,
            "eps_4q": 3.27,
            "eps_4q_growth_year": 21.9,
            "roe": 3.49,
            "roe_4q": 12.15,
            "gross_profit": 805506,
            "gross_margin": 13.71,
            "gross_margin_4q_avg": 10.47,
            "net_income": 552016,
            "net_income_4q": null,
            "revenue": 5875816,
            "revenue_4q": null,
            "common_shares": 5815994,
            "book_valuer_per_share": 26.39,
            "book_valuer_per_share_4q_avg": 26.93,
            "equity": 15345832,
            "current_ratio": 275.53,
            "debt_ratio": 21.33,
            "inventory_turnover_ratio": 1.2,
            "account_receivable_turnover_ratio": 4.16,
            "reinvestment_rate": 5.41,
            "research_to_sale_ratio": 0.16,
            "price_fair": 103.95,
            "eps_avg_yearly": 2.97,
            "eps_latest_yearly": 3.8,
            "eps_growth_yearly": 27.7
        },
        "20153": {
            "year_quarter": 20153,
            "year": 2015,
            "quarter": 3,
            "eps": 0.64,
            "eps_growth_year": -3.03,
            "eps_4q": 3.25,
            "eps_4q_growth_year": 17.25,
            "roe": 2.4,
            "roe_4q": 12.020000000000001,
            "gross_profit": 533541,
            "gross_margin": 10.43,
            "gross_margin_4q_avg": 11.1,
            "net_income": 372233,
            "net_income_4q": null,
            "revenue": 5117215,
            "revenue_4q": null,
            "common_shares": 5815994,
            "book_valuer_per_share": 26.97,
            "book_valuer_per_share_4q_avg": 27.11,
            "equity": 15686197,
            "current_ratio": 448.78,
            "debt_ratio": 13.89,
            "inventory_turnover_ratio": 1.26,
            "account_receivable_turnover_ratio": 4.77,
            "reinvestment_rate": 8.9,
            "research_to_sale_ratio": 0.17,
            "price_fair": 94.61,
            "eps_avg_yearly": 2.8,
            "eps_latest_yearly": 2.56,
            "eps_growth_yearly": 23.79
        },
        "20154": {
            "year_quarter": 20154,
            "year": 2015,
            "quarter": 4,
            "eps": 1.04,
            "eps_growth_year": 23.17,
            "eps_4q": 3.45,
            "eps_4q_growth_year": 20.11,
            "roe": 3.79,
            "roe_4q": 12.64,
            "gross_profit": 949319,
            "gross_margin": 17.44,
            "gross_margin_4q_avg": 13.02,
            "net_income": 605785,
            "net_income_4q": null,
            "revenue": 5444460,
            "revenue_4q": null,
            "common_shares": 5815994,
            "book_valuer_per_share": 28.01,
            "book_valuer_per_share_4q_avg": 27.33,
            "equity": 16291330,
            "current_ratio": 330.13,
            "debt_ratio": 14.45,
            "inventory_turnover_ratio": 1.65,
            "account_receivable_turnover_ratio": 5.12,
            "reinvestment_rate": 13.45,
            "research_to_sale_ratio": 0.2,
            "price_fair": 101.41,
            "eps_avg_yearly": 2.9,
            "eps_latest_yearly": 4.16,
            "eps_growth_yearly": 52.1
        },
        "20161": {
            "year_quarter": 20161,
            "year": 2016,
            "quarter": 1,
            "eps": 0.81,
            "eps_growth_year": 0,
            "eps_4q": 3.44,
            "eps_4q_growth_year": 13.25,
            "roe": 2.84,
            "roe_4q": 12.52,
            "gross_profit": 732684,
            "gross_margin": 16.16,
            "gross_margin_4q_avg": 14.44,
            "net_income": 470142,
            "net_income_4q": null,
            "revenue": 4533952,
            "revenue_4q": null,
            "common_shares": 5815994,
            "book_valuer_per_share": 28.92,
            "book_valuer_per_share_4q_avg": 27.57,
            "equity": 16817361,
            "current_ratio": 354.03,
            "debt_ratio": 14.11,
            "inventory_turnover_ratio": 1.59,
            "account_receivable_turnover_ratio": 4.08,
            "reinvestment_rate": 13.65,
            "research_to_sale_ratio": 0.22,
            "price_fair": 103.43,
            "eps_avg_yearly": 2.96,
            "eps_latest_yearly": 3.24,
            "eps_growth_yearly": 49.27
        },
        "20162": {
            "year_quarter": 20162,
            "year": 2016,
            "quarter": 2,
            "eps": 0.84,
            "eps_growth_year": -11.58,
            "eps_4q": 3.33,
            "eps_4q_growth_year": 2.07,
            "roe": 3,
            "roe_4q": 12.03,
            "gross_profit": 829830,
            "gross_margin": 15.4,
            "gross_margin_4q_avg": 14.86,
            "net_income": 490133,
            "net_income_4q": null,
            "revenue": 5389918,
            "revenue_4q": null,
            "common_shares": 5815994,
            "book_valuer_per_share": 27.2,
            "book_valuer_per_share_4q_avg": 27.78,
            "equity": 15817977,
            "current_ratio": 252.49,
            "debt_ratio": 20.23,
            "inventory_turnover_ratio": 1.75,
            "account_receivable_turnover_ratio": 5.42,
            "reinvestment_rate": 8.1,
            "research_to_sale_ratio": 0.19,
            "price_fair": 91.94,
            "eps_avg_yearly": 2.86,
            "eps_latest_yearly": 3.36,
            "eps_growth_yearly": 22.18
        },
        "20163": {
            "year_quarter": 20163,
            "year": 2016,
            "quarter": 3,
            "eps": 0.89,
            "eps_growth_year": 39.06,
            "eps_4q": 3.58,
            "eps_4q_growth_year": 10.22,
            "roe": 3.22,
            "roe_4q": 12.850000000000001,
            "gross_profit": 759914,
            "gross_margin": 15.18,
            "gross_margin_4q_avg": 16.05,
            "net_income": 516715,
            "net_income_4q": null,
            "revenue": 5006638,
            "revenue_4q": null,
            "common_shares": 5815994,
            "book_valuer_per_share": 28.05,
            "book_valuer_per_share_4q_avg": 28.05,
            "equity": 16313034,
            "current_ratio": 386.61,
            "debt_ratio": 13.17,
            "inventory_turnover_ratio": 1.35,
            "account_receivable_turnover_ratio": 5.72,
            "reinvestment_rate": 0.62,
            "research_to_sale_ratio": 0.2,
            "price_fair": 104.83,
            "eps_avg_yearly": 3,
            "eps_latest_yearly": 3.56,
            "eps_growth_yearly": 41.75
        },
        "20164": {
            "year_quarter": 20164,
            "year": 2016,
            "quarter": 4,
            "eps": 0.58,
            "eps_growth_year": -44.07,
            "eps_4q": 3.12,
            "eps_4q_growth_year": -9.38,
            "roe": 2.06,
            "roe_4q": 11.120000000000001,
            "gross_profit": 840483,
            "gross_margin": 14,
            "gross_margin_4q_avg": 15.19,
            "net_income": 338804,
            "net_income_4q": null,
            "revenue": 6002142,
            "revenue_4q": null,
            "common_shares": 5815994,
            "book_valuer_per_share": 28.51,
            "book_valuer_per_share_4q_avg": 28.17,
            "equity": 16583623,
            "current_ratio": 335.98,
            "debt_ratio": 15.55,
            "inventory_turnover_ratio": 1.61,
            "account_receivable_turnover_ratio": 6.5,
            "reinvestment_rate": -1.56,
            "research_to_sale_ratio": 0.23,
            "price_fair": 64.79,
            "eps_avg_yearly": 2.98,
            "eps_latest_yearly": 2.32,
            "eps_growth_yearly": 11.72
        },
        "20171": {
            "year_quarter": 20171,
            "year": 2017,
            "quarter": 1,
            "eps": 1.24,
            "eps_growth_year": 53.09,
            "eps_4q": 3.55,
            "eps_4q_growth_year": 3.26,
            "roe": 4.25,
            "roe_4q": 12.530000000000001,
            "gross_profit": 1045745,
            "gross_margin": 16.65,
            "gross_margin_4q_avg": 15.31,
            "net_income": 719671,
            "net_income_4q": null,
            "revenue": 6282303,
            "revenue_4q": null,
            "common_shares": 5815994,
            "book_valuer_per_share": 29.76,
            "book_valuer_per_share_4q_avg": 28.38,
            "equity": 17307753,
            "current_ratio": 327.85,
            "debt_ratio": 15.87,
            "inventory_turnover_ratio": 1.57,
            "account_receivable_turnover_ratio": 5.27,
            "reinvestment_rate": -4.46,
            "research_to_sale_ratio": 0.18,
            "price_fair": 108.94,
            "eps_avg_yearly": 3.11,
            "eps_latest_yearly": 4.96,
            "eps_growth_yearly": 36.6
        },
        "20172": {
            "year_quarter": 20172,
            "year": 2017,
            "quarter": 2,
            "eps": 0.99,
            "eps_growth_year": 17.86,
            "eps_4q": 3.7,
            "eps_4q_growth_year": 11.01,
            "roe": 3.44,
            "roe_4q": 12.97,
            "gross_profit": 826955,
            "gross_margin": 13.53,
            "gross_margin_4q_avg": 14.84,
            "net_income": 576453,
            "net_income_4q": null,
            "revenue": 6110160,
            "revenue_4q": null,
            "common_shares": 5815994,
            "book_valuer_per_share": 27.82,
            "book_valuer_per_share_4q_avg": 28.54,
            "equity": 16182860,
            "current_ratio": 201.31,
            "debt_ratio": 21.98,
            "inventory_turnover_ratio": 1.52,
            "account_receivable_turnover_ratio": 5.07,
            "reinvestment_rate": 9.86,
            "research_to_sale_ratio": 0.18,
            "price_fair": 113.58,
            "eps_avg_yearly": 3.25,
            "eps_latest_yearly": 3.96,
            "eps_growth_yearly": 40.59
        },
        "20173": {
            "year_quarter": 20173,
            "year": 2017,
            "quarter": 3,
            "eps": 0.87,
            "eps_growth_year": -2.25,
            "eps_4q": 3.68,
            "eps_4q_growth_year": 2.89,
            "roe": 3.09,
            "roe_4q": 12.84,
            "gross_profit": 661540,
            "gross_margin": 12.9,
            "gross_margin_4q_avg": 14.27,
            "net_income": 508098,
            "net_income_4q": null,
            "revenue": 5129728,
            "revenue_4q": null,
            "common_shares": 5815994,
            "book_valuer_per_share": 28.71,
            "book_valuer_per_share_4q_avg": 28.7,
            "equity": 16696165,
            "current_ratio": 289.49,
            "debt_ratio": 13.43,
            "inventory_turnover_ratio": 1.22,
            "account_receivable_turnover_ratio": 4.88,
            "reinvestment_rate": 15.61,
            "research_to_sale_ratio": 0.2,
            "price_fair": 116.29,
            "eps_avg_yearly": 3.32,
            "eps_latest_yearly": 3.48,
            "eps_growth_yearly": 32.12
        },
        "20174": {
            "year_quarter": 20174,
            "year": 2017,
            "quarter": 4,
            "eps": 1.58,
            "eps_growth_year": 171.76,
            "eps_4q": 4.69,
            "eps_4q_growth_year": 50.07,
            "roe": 5.37,
            "roe_4q": 16.15,
            "gross_profit": 1281084,
            "gross_margin": 17.74,
            "gross_margin_4q_avg": 15.21,
            "net_income": 920735,
            "net_income_4q": null,
            "revenue": 7219746,
            "revenue_4q": null,
            "common_shares": 5815994,
            "book_valuer_per_share": 30.27,
            "book_valuer_per_share_4q_avg": 29.14,
            "equity": 17606296,
            "current_ratio": 268.96,
            "debt_ratio": 14.82,
            "inventory_turnover_ratio": 1.55,
            "account_receivable_turnover_ratio": 5.45,
            "reinvestment_rate": 25.03,
            "research_to_sale_ratio": 0.17,
            "price_fair": 123.55,
            "eps_avg_yearly": 3.53,
            "eps_latest_yearly": 6.32,
            "eps_growth_yearly": 44.04
        },
        "20181": {
            "year_quarter": 20181,
            "year": 2018,
            "quarter": 1,
            "eps": 1.15,
            "eps_growth_year": -7.26,
            "eps_4q": 4.6,
            "eps_4q_growth_year": 29.58,
            "roe": 3.73,
            "roe_4q": 15.629999999999999,
            "gross_profit": 941029,
            "gross_margin": 13.92,
            "gross_margin_4q_avg": 14.52,
            "net_income": 671031,
            "net_income_4q": null,
            "revenue": 6761587,
            "revenue_4q": null,
            "common_shares": 5815994,
            "book_valuer_per_share": 31.66,
            "book_valuer_per_share_4q_avg": 29.62,
            "equity": 18414663,
            "current_ratio": 243.07,
            "debt_ratio": 16.98,
            "inventory_turnover_ratio": 1.31,
            "account_receivable_turnover_ratio": 5.21,
            "reinvestment_rate": 28.95,
            "research_to_sale_ratio": 0.18,
            "price_fair": 127.93,
            "eps_avg_yearly": 3.66,
            "eps_latest_yearly": 4.6,
            "eps_growth_yearly": 40.57
        },
        "20182": {
            "year_quarter": 20182,
            "year": 2018,
            "quarter": 2,
            "eps": 1.2,
            "eps_growth_year": 21.21,
            "eps_4q": 4.81,
            "eps_4q_growth_year": 30.04,
            "roe": 3.93,
            "roe_4q": 16.12,
            "gross_profit": 1035311,
            "gross_margin": 12.61,
            "gross_margin_4q_avg": 14.29,
            "net_income": 698152,
            "net_income_4q": null,
            "revenue": 8208297,
            "revenue_4q": null,
            "common_shares": 5815994,
            "book_valuer_per_share": 29.39,
            "book_valuer_per_share_4q_avg": 30.01,
            "equity": 17093714,
            "current_ratio": 185.08,
            "debt_ratio": 22.27,
            "inventory_turnover_ratio": 1.35,
            "account_receivable_turnover_ratio": 6.51,
            "reinvestment_rate": 26.41,
            "research_to_sale_ratio": 0.14,
            "price_fair": 132.13,
            "eps_avg_yearly": 3.78,
            "eps_latest_yearly": 4.8,
            "eps_growth_yearly": 38.97
        },
        "20183": {
            "year_quarter": 20183,
            "year": 2018,
            "quarter": 3,
            "eps": 1.3,
            "eps_growth_year": 49.43,
            "eps_4q": 5.23,
            "eps_4q_growth_year": 42,
            "roe": 4.31,
            "roe_4q": 17.34,
            "gross_profit": 1099751,
            "gross_margin": 14.06,
            "gross_margin_4q_avg": 14.58,
            "net_income": 753254,
            "net_income_4q": null,
            "revenue": 7819251,
            "revenue_4q": null,
            "common_shares": 5815994,
            "book_valuer_per_share": 30.78,
            "book_valuer_per_share_4q_avg": 30.53,
            "equity": 17899371,
            "current_ratio": 240.41,
            "debt_ratio": 16.64,
            "inventory_turnover_ratio": 1.36,
            "account_receivable_turnover_ratio": 5.65,
            "reinvestment_rate": 24.97,
            "research_to_sale_ratio": 0.16,
            "price_fair": 137.73,
            "eps_avg_yearly": 3.94,
            "eps_latest_yearly": 5.2,
            "eps_growth_yearly": 43.13
        },
        "20184": {
            "year_quarter": 20184,
            "year": 2018,
            "quarter": 4,
            "eps": 1.41,
            "eps_growth_year": -10.94,
            "eps_4q": 5.06,
            "eps_4q_growth_year": 7.98,
            "roe": 4.49,
            "roe_4q": 16.46,
            "gross_profit": 1094969,
            "gross_margin": 13.56,
            "gross_margin_4q_avg": 13.54,
            "net_income": 819978,
            "net_income_4q": null,
            "revenue": 8076512,
            "revenue_4q": null,
            "common_shares": 5815994,
            "book_valuer_per_share": 32.05,
            "book_valuer_per_share_4q_avg": 30.97,
            "equity": 18638167,
            "current_ratio": 243.03,
            "debt_ratio": 18.26,
            "inventory_turnover_ratio": 1.23,
            "account_receivable_turnover_ratio": 5.96,
            "reinvestment_rate": 21.34,
            "research_to_sale_ratio": 0.13,
            "price_fair": 142.63,
            "eps_avg_yearly": 4.08,
            "eps_latest_yearly": 5.64,
            "eps_growth_yearly": 38.05
        },
        "20191": {
            "year_quarter": 20191,
            "year": 2019,
            "quarter": 1,
            "eps": 1.17,
            "eps_growth_year": 1.74,
            "eps_4q": 5.07,
            "eps_4q_growth_year": 10.26,
            "roe": 3.58,
            "roe_4q": 16.31,
            "gross_profit": 777241,
            "gross_margin": 11.06,
            "gross_margin_4q_avg": 12.82,
            "net_income": 679490,
            "net_income_4q": null,
            "revenue": 7026507,
            "revenue_4q": null,
            "common_shares": 5815994,
            "book_valuer_per_share": 33.24,
            "book_valuer_per_share_4q_avg": 31.37,
            "equity": 19331013,
            "current_ratio": 312.04,
            "debt_ratio": 14.82,
            "inventory_turnover_ratio": 1.02,
            "account_receivable_turnover_ratio": 5.33,
            "reinvestment_rate": 21.83,
            "research_to_sale_ratio": 0.17,
            "price_fair": 145.78,
            "eps_avg_yearly": 4.17,
            "eps_latest_yearly": 4.68,
            "eps_growth_yearly": 34.97
        },
        "20192": {
            "year_quarter": 20192,
            "year": 2019,
            "quarter": 2,
            "eps": 0.76,
            "eps_growth_year": -36.67,
            "eps_4q": 4.63,
            "eps_4q_growth_year": -3.66,
            "roe": 2.41,
            "roe_4q": 14.79,
            "gross_profit": 684194,
            "gross_margin": 9.92,
            "gross_margin_4q_avg": 12.15,
            "net_income": 442836,
            "net_income_4q": null,
            "revenue": 6898454,
            "revenue_4q": null,
            "common_shares": 5815994,
            "book_valuer_per_share": 29.98,
            "book_valuer_per_share_4q_avg": 31.51,
            "equity": 17436161,
            "current_ratio": 202.48,
            "debt_ratio": 22.93,
            "inventory_turnover_ratio": 1.14,
            "account_receivable_turnover_ratio": 5.21,
            "reinvestment_rate": 16,
            "research_to_sale_ratio": 0.16,
            "price_fair": 131.31,
            "eps_avg_yearly": 4.12,
            "eps_latest_yearly": 3.04,
            "eps_growth_yearly": 21.89
        },
        "20193": {
            "year_quarter": 20193,
            "year": 2019,
            "quarter": 3,
            "eps": 0.62,
            "eps_growth_year": -52.31,
            "eps_4q": 3.96,
            "eps_4q_growth_year": -24.3,
            "roe": 2.05,
            "roe_4q": 12.53,
            "gross_profit": 623115,
            "gross_margin": 9.32,
            "gross_margin_4q_avg": 10.97,
            "net_income": 361528,
            "net_income_4q": null,
            "revenue": 6686245,
            "revenue_4q": null,
            "common_shares": 5815994,
            "book_valuer_per_share": 30.54,
            "book_valuer_per_share_4q_avg": 31.45,
            "equity": 17759238,
            "current_ratio": 243,
            "debt_ratio": 17.95,
            "inventory_turnover_ratio": 1.16,
            "account_receivable_turnover_ratio": 5.09,
            "reinvestment_rate": 18.5,
            "research_to_sale_ratio": 0.17,
            "price_fair": 143.94,
            "eps_avg_yearly": 4.11,
            "eps_latest_yearly": 2.48,
            "eps_growth_yearly": 25.44
        },
        "20194": {
            "year_quarter": 20194,
            "year": 2019,
            "quarter": 4,
            "eps": 0.82,
            "eps_growth_year": -41.64,
            "eps_4q": 3.37,
            "eps_4q_growth_year": -33.31,
            "roe": 2.65,
            "roe_4q": 10.69,
            "gross_profit": 781027,
            "gross_margin": 10.96,
            "gross_margin_4q_avg": 10.32,
            "net_income": 478501,
            "net_income_4q": null,
            "revenue": 7124405,
            "revenue_4q": null,
            "common_shares": 5815994,
            "book_valuer_per_share": 31.44,
            "book_valuer_per_share_4q_avg": 31.3,
            "equity": 18287014,
            "current_ratio": 297.05,
            "debt_ratio": 14.81,
            "inventory_turnover_ratio": 1.35,
            "account_receivable_turnover_ratio": 5.25,
            "reinvestment_rate": 12.04,
            "research_to_sale_ratio": 0.16,
            "price_fair": 113.13,
            "eps_avg_yearly": 4.06,
            "eps_latest_yearly": 3.28,
            "eps_growth_yearly": 17.88
        },
        "20201": {
            "year_quarter": 20201,
            "year": 2020,
            "quarter": 1,
            "eps": 0.88,
            "eps_growth_year": -24.79,
            "eps_4q": 3.09,
            "eps_4q_growth_year": -39.19,
            "roe": 2.76,
            "roe_4q": 9.870000000000001,
            "gross_profit": 824360,
            "gross_margin": 12.65,
            "gross_margin_4q_avg": 10.71,
            "net_income": 511499,
            "net_income_4q": null,
            "revenue": 6515187,
            "revenue_4q": null,
            "common_shares": 5815994,
            "book_valuer_per_share": 32.19,
            "book_valuer_per_share_4q_avg": 31.04,
            "equity": 18722571,
            "current_ratio": 329.25,
            "debt_ratio": 14.01,
            "inventory_turnover_ratio": 1.28,
            "account_receivable_turnover_ratio": 4.52,
            "reinvestment_rate": 10.64,
            "research_to_sale_ratio": 0.19,
            "price_fair": 142.63,
            "eps_avg_yearly": 4.08,
            "eps_latest_yearly": 3.52,
            "eps_growth_yearly": 25.24
        },
        "20202": {
            "year_quarter": 20202,
            "year": 2020,
            "quarter": 2,
            "eps": 1.1,
            "eps_growth_year": 44.74,
            "eps_4q": 3.42,
            "eps_4q_growth_year": -26.14,
            "roe": 3.5,
            "roe_4q": 10.96,
            "gross_profit": 946949,
            "gross_margin": 14.3,
            "gross_margin_4q_avg": 11.81,
            "net_income": 639491,
            "net_income_4q": null,
            "revenue": 6622880,
            "revenue_4q": null,
            "common_shares": 5815994,
            "book_valuer_per_share": 30.62,
            "book_valuer_per_share_4q_avg": 31.2,
            "equity": 17810307,
            "current_ratio": 225.94,
            "debt_ratio": 20.65,
            "inventory_turnover_ratio": 1.28,
            "account_receivable_turnover_ratio": 4.94,
            "reinvestment_rate": 12.99,
            "research_to_sale_ratio": 0.16,
            "price_fair": 144.9,
            "eps_avg_yearly": 4.14,
            "eps_latest_yearly": 4.4,
            "eps_growth_yearly": 30.56
        },
        "20203": {
            "year_quarter": 20203,
            "year": 2020,
            "quarter": 3,
            "eps": 1.31,
            "eps_growth_year": 111.29,
            "eps_4q": 4.12,
            "eps_4q_growth_year": 3.89,
            "roe": 4.2,
            "roe_4q": 13.110000000000001,
            "gross_profit": 1063275,
            "gross_margin": 16.23,
            "gross_margin_4q_avg": 13.54,
            "net_income": 764014,
            "net_income_4q": null,
            "revenue": 6551923,
            "revenue_4q": null,
            "common_shares": 5815994,
            "book_valuer_per_share": 31.99,
            "book_valuer_per_share_4q_avg": 31.56,
            "equity": 18604808,
            "current_ratio": 331.47,
            "debt_ratio": 14.05,
            "inventory_turnover_ratio": 1.31,
            "account_receivable_turnover_ratio": 5.03,
            "reinvestment_rate": 13.36,
            "research_to_sale_ratio": 0.16,
            "price_fair": 148.58,
            "eps_avg_yearly": 4.25,
            "eps_latest_yearly": 5.24,
            "eps_growth_yearly": 33.85
        },
        "20204": {
            "year_quarter": 20204,
            "year": 2020,
            "quarter": 4,
            "eps": 1.21,
            "eps_growth_year": 47.21,
            "eps_4q": 4.5,
            "eps_4q_growth_year": 33.48,
            "roe": 3.7,
            "roe_4q": 14.16,
            "gross_profit": 1014705,
            "gross_margin": 13.34,
            "gross_margin_4q_avg": 14.13,
            "net_income": 704422,
            "net_income_4q": null,
            "revenue": 7608061,
            "revenue_4q": null,
            "common_shares": 5815994,
            "book_valuer_per_share": 33.47,
            "book_valuer_per_share_4q_avg": 32.07,
            "equity": 19468210,
            "current_ratio": 303.22,
            "debt_ratio": 15.41,
            "inventory_turnover_ratio": 1.77,
            "account_receivable_turnover_ratio": 5.56,
            "reinvestment_rate": 17.32,
            "research_to_sale_ratio": 0.14,
            "price_fair": 154.09,
            "eps_avg_yearly": 4.4,
            "eps_latest_yearly": 4.84,
            "eps_growth_yearly": 40.65
        },
        "20211": {
            "year_quarter": 20211,
            "year": 2021,
            "quarter": 1,
            "eps": 1.16,
            "eps_growth_year": 31.82,
            "eps_4q": 4.78,
            "eps_4q_growth_year": 55.09,
            "roe": 3.39,
            "roe_4q": 14.79,
            "gross_profit": 1034218,
            "gross_margin": 13.1,
            "gross_margin_4q_avg": 14.24,
            "net_income": 674923,
            "net_income_4q": null,
            "revenue": 7895674,
            "revenue_4q": null,
            "common_shares": 5815994,
            "book_valuer_per_share": 35.01,
            "book_valuer_per_share_4q_avg": 32.77,
            "equity": 20363278,
            "current_ratio": 280.07,
            "debt_ratio": 18.05,
            "inventory_turnover_ratio": 1.62,
            "account_receivable_turnover_ratio": 5.18,
            "reinvestment_rate": 16.41,
            "research_to_sale_ratio": 0.15,
            "price_fair": 92.77,
            "eps_avg_yearly": 4.38,
            "eps_latest_yearly": 4.64,
            "eps_growth_yearly": 11.17
        },
        "20212": {
            "year_quarter": 20212,
            "year": 2021,
            "quarter": 2,
            "eps": 1.76,
            "eps_growth_year": 60,
            "eps_4q": 5.44,
            "eps_4q_growth_year": 58.96,
            "roe": 4.83,
            "roe_4q": 16.12,
            "gross_profit": 1390473,
            "gross_margin": 14.17,
            "gross_margin_4q_avg": 14.21,
            "net_income": 1021571,
            "net_income_4q": null,
            "revenue": 9814630,
            "revenue_4q": null,
            "common_shares": 5815994,
            "book_valuer_per_share": 37.78,
            "book_valuer_per_share_4q_avg": 34.56,
            "equity": 21970472,
            "current_ratio": 289.24,
            "debt_ratio": 18.94,
            "inventory_turnover_ratio": 1.43,
            "account_receivable_turnover_ratio": 6.53,
            "reinvestment_rate": 5.93,
            "research_to_sale_ratio": 0.11,
            "price_fair": 160.13,
            "eps_avg_yearly": 4.58,
            "eps_latest_yearly": 7.04,
            "eps_growth_yearly": 29.14
        },
        "20213": {
            "year_quarter": 20213,
            "year": 2021,
            "quarter": 3,
            "eps": 1.93,
            "eps_growth_year": 47.33,
            "eps_4q": 6.06,
            "eps_4q_growth_year": 47.25,
            "roe": 5.23,
            "roe_4q": 17.150000000000002,
            "gross_profit": 1534190,
            "gross_margin": 15.79,
            "gross_margin_4q_avg": 14.1,
            "net_income": 1123464,
            "net_income_4q": null,
            "revenue": 9716551,
            "revenue_4q": null,
            "common_shares": 5815994,
            "book_valuer_per_share": 36.02,
            "book_valuer_per_share_4q_avg": 35.57,
            "equity": 20951247,
            "current_ratio": 261.15,
            "debt_ratio": 19.94,
            "inventory_turnover_ratio": 1.27,
            "account_receivable_turnover_ratio": 6.57,
            "reinvestment_rate": 2.28,
            "research_to_sale_ratio": 0.13,
            "price_fair": 169.4,
            "eps_avg_yearly": 4.84,
            "eps_latest_yearly": 7.72,
            "eps_growth_yearly": 34.58
        },
        "20214": {
            "year_quarter": 20214,
            "year": 2021,
            "quarter": 4,
            "eps": 2.09,
            "eps_growth_year": 72.43,
            "eps_4q": 6.94,
            "eps_4q_growth_year": 54.02,
            "roe": 5.64,
            "roe_4q": 19.09,
            "gross_profit": 1690042,
            "gross_margin": 15.46,
            "gross_margin_4q_avg": 14.63,
            "net_income": 1214607,
            "net_income_4q": null,
            "revenue": 10933551,
            "revenue_4q": null,
            "common_shares": 5815994,
            "book_valuer_per_share": 38,
            "book_valuer_per_share_4q_avg": 36.7,
            "equity": 22099800,
            "current_ratio": 301.77,
            "debt_ratio": 17.76,
            "inventory_turnover_ratio": 1.35,
            "account_receivable_turnover_ratio": 6.39,
            "reinvestment_rate": -5.71,
            "research_to_sale_ratio": 0.1,
            "price_fair": 130.42,
            "eps_avg_yearly": 4.97,
            "eps_latest_yearly": 8.36,
            "eps_growth_yearly": 16.25
        },
        "20221": {
            "year_quarter": 20221,
            "year": 2022,
            "quarter": 1,
            "eps": 1.51,
            "eps_growth_year": 30.17,
            "eps_4q": 7.28,
            "eps_4q_growth_year": 52.24,
            "roe": 4.15,
            "roe_4q": 19.85,
            "gross_profit": 1296586,
            "gross_margin": 13.03,
            "gross_margin_4q_avg": 14.61,
            "net_income": 877083,
            "net_income_4q": null,
            "revenue": 9948389,
            "revenue_4q": null,
            "common_shares": 5815994,
            "book_valuer_per_share": 34.72,
            "book_valuer_per_share_4q_avg": 36.63,
            "equity": 20191350,
            "current_ratio": 201.19,
            "debt_ratio": 27.14,
            "inventory_turnover_ratio": 1.17,
            "account_receivable_turnover_ratio": 5.06,
            "reinvestment_rate": -10.28,
            "research_to_sale_ratio": 0.13,
            "price_fair": 132.1,
            "eps_avg_yearly": 5.06,
            "eps_latest_yearly": 6.04,
            "eps_growth_yearly": 16.12
        },
        "20222": {
            "year_quarter": 20222,
            "year": 2022,
            "quarter": 2,
            "eps": 1.56,
            "eps_growth_year": -11.36,
            "eps_4q": 7.08,
            "eps_4q_growth_year": 30.19,
            "roe": 4.45,
            "roe_4q": 19.470000000000002,
            "gross_profit": 1179302,
            "gross_margin": 10.86,
            "gross_margin_4q_avg": 13.79,
            "net_income": 905132,
            "net_income_4q": null,
            "revenue": 10858158,
            "revenue_4q": null,
            "common_shares": 5815994,
            "book_valuer_per_share": 35.17,
            "book_valuer_per_share_4q_avg": 35.98,
            "equity": 20454387,
            "current_ratio": 240.59,
            "debt_ratio": 22.22,
            "inventory_turnover_ratio": 1.25,
            "account_receivable_turnover_ratio": 5.47,
            "reinvestment_rate": -6.71,
            "research_to_sale_ratio": 0.11,
            "price_fair": 133.12,
            "eps_avg_yearly": 5.15,
            "eps_latest_yearly": 6.24,
            "eps_growth_yearly": 15.86
        },
        "20223": {
            "year_quarter": 20223,
            "year": 2022,
            "quarter": 3,
            "eps": 1.01,
            "eps_growth_year": -47.67,
            "eps_4q": 6.16,
            "eps_4q_growth_year": 1.64,
            "roe": 2.84,
            "roe_4q": 17.080000000000002,
            "gross_profit": 710140,
            "gross_margin": 8.03,
            "gross_margin_4q_avg": 11.85,
            "net_income": 585500,
            "net_income_4q": null,
            "revenue": 8838836,
            "revenue_4q": null,
            "common_shares": 5815994,
            "book_valuer_per_share": 35.84,
            "book_valuer_per_share_4q_avg": 35.93,
            "equity": 20844440,
            "current_ratio": 300.33,
            "debt_ratio": 17.45,
            "inventory_turnover_ratio": 1.07,
            "account_receivable_turnover_ratio": 5.11,
            "reinvestment_rate": -8.12,
            "research_to_sale_ratio": 0.12,
            "price_fair": 75.94,
            "eps_avg_yearly": 5.08,
            "eps_latest_yearly": 4.04,
            "eps_growth_yearly": 4.96
        },
        "20224": {
            "year_quarter": 20224,
            "year": 2022,
            "quarter": 4,
            "eps": 1.21,
            "eps_growth_year": -41.9,
            "eps_4q": 5.28,
            "eps_4q_growth_year": -23.82,
            "roe": 3.31,
            "roe_4q": 14.750000000000002,
            "gross_profit": 994571,
            "gross_margin": 11.1,
            "gross_margin_4q_avg": 10.76,
            "net_income": 705680,
            "net_income_4q": null,
            "revenue": 8959546,
            "revenue_4q": null,
            "common_shares": 5815994,
            "book_valuer_per_share": 37.46,
            "book_valuer_per_share_4q_avg": 35.8,
            "equity": 21785442,
            "current_ratio": 345.71,
            "debt_ratio": 15.08,
            "inventory_turnover_ratio": 1.2,
            "account_receivable_turnover_ratio": 5.07,
            "reinvestment_rate": -6.22,
            "research_to_sale_ratio": 0.12,
            "price_fair": 89.44,
            "eps_avg_yearly": 5.03,
            "eps_latest_yearly": 4.84,
            "eps_growth_yearly": 7.8
        },
        "20231": {
            "year_quarter": 20231,
            "year": 2023,
            "quarter": 1,
            "eps": 1.01,
            "eps_growth_year": -33.11,
            "eps_4q": 4.79,
            "eps_4q_growth_year": -34.24,
            "roe": 2.81,
            "roe_4q": 13.41,
            "gross_profit": 919621,
            "gross_margin": 10.52,
            "gross_margin_4q_avg": 10.13,
            "net_income": 589904,
            "net_income_4q": null,
            "revenue": 8744846,
            "revenue_4q": null,
            "common_shares": 5815994,
            "book_valuer_per_share": 34.79,
            "book_valuer_per_share_4q_avg": 35.82,
            "equity": 20234246,
            "current_ratio": 221.52,
            "debt_ratio": 23.35,
            "inventory_turnover_ratio": 1.23,
            "account_receivable_turnover_ratio": 4.22,
            "reinvestment_rate": -8.3,
            "research_to_sale_ratio": 0.12,
            "price_fair": 89.34,
            "eps_avg_yearly": 4.99,
            "eps_latest_yearly": 4.04,
            "eps_growth_yearly": 7.92
        },
        "20232": {
            "year_quarter": 20232,
            "year": 2023,
            "quarter": 2,
            "eps": 1.06,
            "eps_growth_year": -32.05,
            "eps_4q": 4.29,
            "eps_4q_growth_year": -39.42,
            "roe": 3,
            "roe_4q": 11.96,
            "gross_profit": 871364,
            "gross_margin": 9.68,
            "gross_margin_4q_avg": 9.83,
            "net_income": 615025,
            "net_income_4q": null,
            "revenue": 8998152,
            "revenue_4q": null,
            "common_shares": 5815994,
            "book_valuer_per_share": 35.8,
            "book_valuer_per_share_4q_avg": 35.97,
            "equity": 20822207,
            "current_ratio": 262.5,
            "debt_ratio": 18.82,
            "inventory_turnover_ratio": 1.23,
            "account_receivable_turnover_ratio": 4.46,
            "reinvestment_rate": -0.6,
            "research_to_sale_ratio": 0.12,
            "price_fair": 141.27,
            "eps_avg_yearly": 5.06,
            "eps_latest_yearly": 4.24,
            "eps_growth_yearly": 17.92
        },
        "20233": {
            "year_quarter": 20233,
            "year": 2023,
            "quarter": 3,
            "eps": 0.91,
            "eps_growth_year": -9.9,
            "eps_4q": 4.19,
            "eps_4q_growth_year": -31.92,
            "roe": 2.51,
            "roe_4q": 11.63,
            "gross_profit": 782008,
            "gross_margin": 9.7,
            "gross_margin_4q_avg": 10.25,
            "net_income": 528113,
            "net_income_4q": null,
            "revenue": 8063338,
            "revenue_4q": null,
            "common_shares": 5815994,
            "book_valuer_per_share": 36.44,
            "book_valuer_per_share_4q_avg": 36.12,
            "equity": 21190611,
            "current_ratio": 276.19,
            "debt_ratio": 18.09,
            "inventory_turnover_ratio": 1.04,
            "account_receivable_turnover_ratio": 4.29,
            "reinvestment_rate": -2.19,
            "research_to_sale_ratio": 0.13,
            "price_fair": 148.78,
            "eps_avg_yearly": 5.13,
            "eps_latest_yearly": 3.64,
            "eps_growth_yearly": 18.99
        },
        "20234": {
            "year_quarter": 20234,
            "year": 2023,
            "quarter": 4,
            "eps": 1.1,
            "eps_growth_year": -8.96,
            "eps_4q": 4.08,
            "eps_4q_growth_year": -22.71,
            "roe": 2.98,
            "roe_4q": 11.3,
            "gross_profit": 982731,
            "gross_margin": 10.83,
            "gross_margin_4q_avg": 10.18,
            "net_income": 642449,
            "net_income_4q": null,
            "revenue": 9075687,
            "revenue_4q": null,
            "common_shares": 5815994,
            "book_valuer_per_share": 37.71,
            "book_valuer_per_share_4q_avg": 36.19,
            "equity": 21929217,
            "current_ratio": 275.86,
            "debt_ratio": 18.92,
            "inventory_turnover_ratio": 1.07,
            "account_receivable_turnover_ratio": 4.78,
            "reinvestment_rate": -0.82,
            "research_to_sale_ratio": 0.12,
            "price_fair": 136.01,
            "eps_avg_yearly": 5.2,
            "eps_latest_yearly": 4.4,
            "eps_growth_yearly": 16.14
        }
    },
    "months": {
        "2001-06": {
            "month": "2001-06",
            "price": "7.19",
            "revenue": 790108
        },
        "2001-07": {
            "month": "2001-07",
            "price": "6.43",
            "revenue": 826378
        },
        "2001-08": {
            "month": "2001-08",
            "price": "5.47",
            "revenue": 868694
        },
        "2001-09": {
            "month": "2001-09",
            "price": "5.28",
            "revenue": 789002
        },
        "2001-10": {
            "month": "2001-10",
            "price": "5.36",
            "revenue": 889939
        },
        "2001-11": {
            "month": "2001-11",
            "price": "5.64",
            "revenue": 932583
        },
        "2001-12": {
            "month": "2001-12",
            "price": "6.59",
            "revenue": 969261
        },
        "2002-01": {
            "month": "2002-01",
            "price": "7.56",
            "revenue": 1126774
        },
        "2002-02": {
            "month": "2002-02",
            "price": "8.49",
            "revenue": 682416
        },
        "2002-03": {
            "month": "2002-03",
            "price": "9.45",
            "revenue": 1043575
        },
        "2002-04": {
            "month": "2002-04",
            "price": "13.84",
            "revenue": 968830
        },
        "2002-05": {
            "month": "2002-05",
            "price": "15.40",
            "revenue": 1229495
        },
        "2002-06": {
            "month": "2002-06",
            "price": "17.70",
            "revenue": 1121897
        },
        "2002-07": {
            "month": "2002-07",
            "price": "16.96",
            "revenue": 1082387
        },
        "2002-08": {
            "month": "2002-08",
            "price": "14.84",
            "revenue": 1099122
        },
        "2002-09": {
            "month": "2002-09",
            "price": "12.80",
            "revenue": 1020626
        },
        "2002-10": {
            "month": "2002-10",
            "price": "13.62",
            "revenue": 1273024
        },
        "2002-11": {
            "month": "2002-11",
            "price": "17.95",
            "revenue": 1340316
        },
        "2002-12": {
            "month": "2002-12",
            "price": "21.31",
            "revenue": 1333705
        },
        "2003-01": {
            "month": "2003-01",
            "price": "26.24",
            "revenue": 1399242
        },
        "2003-02": {
            "month": "2003-02",
            "price": "22.98",
            "revenue": 1110106
        },
        "2003-03": {
            "month": "2003-03",
            "price": "19.57",
            "revenue": 1390204
        },
        "2003-04": {
            "month": "2003-04",
            "price": "18.35",
            "revenue": 1239154
        },
        "2003-05": {
            "month": "2003-05",
            "price": "15.65",
            "revenue": 1319355
        },
        "2003-06": {
            "month": "2003-06",
            "price": "19.94",
            "revenue": 1426856
        },
        "2003-07": {
            "month": "2003-07",
            "price": "25.77",
            "revenue": 1431069
        },
        "2003-08": {
            "month": "2003-08",
            "price": "25.00",
            "revenue": 1419696
        },
        "2003-09": {
            "month": "2003-09",
            "price": "22.22",
            "revenue": 1369851
        },
        "2003-10": {
            "month": "2003-10",
            "price": "23.77",
            "revenue": 1450830
        },
        "2003-11": {
            "month": "2003-11",
            "price": "23.56",
            "revenue": 1504740
        },
        "2003-12": {
            "month": "2003-12",
            "price": "25.30",
            "revenue": 1782393
        },
        "2004-01": {
            "month": "2004-01",
            "price": "27.20",
            "revenue": 1460596
        },
        "2004-02": {
            "month": "2004-02",
            "price": "28.92",
            "revenue": 1850280
        },
        "2004-03": {
            "month": "2004-03",
            "price": "30.73",
            "revenue": 2064660
        },
        "2004-04": {
            "month": "2004-04",
            "price": "30.57",
            "revenue": 2135646
        },
        "2004-05": {
            "month": "2004-05",
            "price": "27.89",
            "revenue": 2148814
        },
        "2004-06": {
            "month": "2004-06",
            "price": "29.97",
            "revenue": 2478921
        },
        "2004-07": {
            "month": "2004-07",
            "price": "34.21",
            "revenue": 2513563
        },
        "2004-08": {
            "month": "2004-08",
            "price": "33.89",
            "revenue": 1925165
        },
        "2004-09": {
            "month": "2004-09",
            "price": "42.30",
            "revenue": 2137090
        },
        "2004-10": {
            "month": "2004-10",
            "price": "43.60",
            "revenue": 2180294
        },
        "2004-11": {
            "month": "2004-11",
            "price": "37.41",
            "revenue": 1915322
        },
        "2004-12": {
            "month": "2004-12",
            "price": "39.26",
            "revenue": 2110156
        },
        "2005-01": {
            "month": "2005-01",
            "price": "39.61",
            "revenue": 2214380
        },
        "2005-02": {
            "month": "2005-02",
            "price": "41.85",
            "revenue": 1517470
        },
        "2005-03": {
            "month": "2005-03",
            "price": "40.15",
            "revenue": 2337012
        },
        "2005-04": {
            "month": "2005-04",
            "price": "35.61",
            "revenue": 2229041
        },
        "2005-05": {
            "month": "2005-05",
            "price": "31.84",
            "revenue": 2022837
        },
        "2005-06": {
            "month": "2005-06",
            "price": "32.24",
            "revenue": 1693581
        },
        "2005-07": {
            "month": "2005-07",
            "price": "28.59",
            "revenue": 1616837
        },
        "2005-08": {
            "month": "2005-08",
            "price": "27.25",
            "revenue": 1848723
        },
        "2005-09": {
            "month": "2005-09",
            "price": "29.05",
            "revenue": 2016008
        },
        "2005-10": {
            "month": "2005-10",
            "price": "24.50",
            "revenue": 1989966
        },
        "2005-11": {
            "month": "2005-11",
            "price": "23.15",
            "revenue": 2083490
        },
        "2005-12": {
            "month": "2005-12",
            "price": "22.57",
            "revenue": 1999619
        },
        "2006-01": {
            "month": "2006-01",
            "price": "23.58",
            "revenue": 1872934
        },
        "2006-02": {
            "month": "2006-02",
            "price": "26.86",
            "revenue": 1901661
        },
        "2006-03": {
            "month": "2006-03",
            "price": "27.17",
            "revenue": 2419981
        },
        "2006-04": {
            "month": "2006-04",
            "price": "34.92",
            "revenue": 2079553
        },
        "2006-05": {
            "month": "2006-05",
            "price": "33.55",
            "revenue": 2062196
        },
        "2006-06": {
            "month": "2006-06",
            "price": "31.09",
            "revenue": 1936999
        },
        "2006-07": {
            "month": "2006-07",
            "price": "29.83",
            "revenue": 2292444
        },
        "2006-08": {
            "month": "2006-08",
            "price": "28.83",
            "revenue": 2133023
        },
        "2006-09": {
            "month": "2006-09",
            "price": "30.00",
            "revenue": 2049759
        },
        "2006-10": {
            "month": "2006-10",
            "price": "32.58",
            "revenue": 2274332
        },
        "2006-11": {
            "month": "2006-11",
            "price": "34.31",
            "revenue": 2238772
        },
        "2006-12": {
            "month": "2006-12",
            "price": "36.61",
            "revenue": 2075597
        },
        "2007-01": {
            "month": "2007-01",
            "price": "40.28",
            "revenue": 2782441
        },
        "2007-02": {
            "month": "2007-02",
            "price": "43.07",
            "revenue": 1621869
        },
        "2007-03": {
            "month": "2007-03",
            "price": "43.91",
            "revenue": 2636829
        },
        "2007-04": {
            "month": "2007-04",
            "price": "44.03",
            "revenue": 2792818
        },
        "2007-05": {
            "month": "2007-05",
            "price": "41.16",
            "revenue": 2833103
        },
        "2007-06": {
            "month": "2007-06",
            "price": "40.62",
            "revenue": 2290996
        },
        "2007-07": {
            "month": "2007-07",
            "price": "40.81",
            "revenue": 2850267
        },
        "2007-08": {
            "month": "2007-08",
            "price": "41.46",
            "revenue": 2392445
        },
        "2007-09": {
            "month": "2007-09",
            "price": "47.55",
            "revenue": 2818321
        },
        "2007-10": {
            "month": "2007-10",
            "price": "53.20",
            "revenue": 2699110
        },
        "2007-11": {
            "month": "2007-11",
            "price": "49.00",
            "revenue": 2800702
        },
        "2007-12": {
            "month": "2007-12",
            "price": "51.78",
            "revenue": 2960418
        },
        "2008-01": {
            "month": "2008-01",
            "price": "51.95",
            "revenue": 3729971
        },
        "2008-02": {
            "month": "2008-02",
            "price": "55.64",
            "revenue": 2552168
        },
        "2008-03": {
            "month": "2008-03",
            "price": "64.13",
            "revenue": 3876158
        },
        "2008-04": {
            "month": "2008-04",
            "price": "78.30",
            "revenue": 3963153
        },
        "2008-05": {
            "month": "2008-05",
            "price": "94.41",
            "revenue": 4566604
        },
        "2008-06": {
            "month": "2008-06",
            "price": "87.52",
            "revenue": 3986231
        },
        "2008-07": {
            "month": "2008-07",
            "price": "80.72",
            "revenue": 3477887
        },
        "2008-08": {
            "month": "2008-08",
            "price": "64.95",
            "revenue": 3711608
        },
        "2008-09": {
            "month": "2008-09",
            "price": "53.18",
            "revenue": 2693757
        },
        "2008-10": {
            "month": "2008-10",
            "price": "29.28",
            "revenue": 2043749
        },
        "2008-11": {
            "month": "2008-11",
            "price": "28.54",
            "revenue": 1635481
        },
        "2008-12": {
            "month": "2008-12",
            "price": "29.52",
            "revenue": 1526066
        },
        "2009-01": {
            "month": "2009-01",
            "price": "35.19",
            "revenue": 1425695
        },
        "2009-02": {
            "month": "2009-02",
            "price": "35.28",
            "revenue": 1260348
        },
        "2009-03": {
            "month": "2009-03",
            "price": "35.80",
            "revenue": 1673146
        },
        "2009-04": {
            "month": "2009-04",
            "price": "40.76",
            "revenue": 1515226
        },
        "2009-05": {
            "month": "2009-05",
            "price": "47.86",
            "revenue": 1721301
        },
        "2009-06": {
            "month": "2009-06",
            "price": "48.92",
            "revenue": 1892116
        },
        "2009-07": {
            "month": "2009-07",
            "price": "50.01",
            "revenue": 1995272
        },
        "2009-08": {
            "month": "2009-08",
            "price": "55.32",
            "revenue": 2007925
        },
        "2009-09": {
            "month": "2009-09",
            "price": "53.12",
            "revenue": 2125034
        },
        "2009-10": {
            "month": "2009-10",
            "price": "52.17",
            "revenue": 2299770
        },
        "2009-11": {
            "month": "2009-11",
            "price": "51.04",
            "revenue": 1874298
        },
        "2009-12": {
            "month": "2009-12",
            "price": "52.07",
            "revenue": 2568353
        },
        "2010-01": {
            "month": "2010-01",
            "price": "55.95",
            "revenue": 2640813
        },
        "2010-02": {
            "month": "2010-02",
            "price": "51.06",
            "revenue": 1713754
        },
        "2010-03": {
            "month": "2010-03",
            "price": "53.48",
            "revenue": 2899837
        },
        "2010-04": {
            "month": "2010-04",
            "price": "54.63",
            "revenue": 2697831
        },
        "2010-05": {
            "month": "2010-05",
            "price": "47.54",
            "revenue": 2818486
        },
        "2010-06": {
            "month": "2010-06",
            "price": "43.86",
            "revenue": 2807694
        },
        "2010-07": {
            "month": "2010-07",
            "price": "44.70",
            "revenue": 2821803
        },
        "2010-08": {
            "month": "2010-08",
            "price": "49.31",
            "revenue": 3164957
        },
        "2010-09": {
            "month": "2010-09",
            "price": "51.95",
            "revenue": 2914540
        },
        "2010-10": {
            "month": "2010-10",
            "price": "51.00",
            "revenue": 3089134
        },
        "2010-11": {
            "month": "2010-11",
            "price": "51.68",
            "revenue": 3051463
        },
        "2010-12": {
            "month": "2010-12",
            "price": "55.08",
            "revenue": 3388088
        },
        "2011-01": {
            "month": "2011-01",
            "price": "56.54",
            "revenue": 3161838
        },
        "2011-02": {
            "month": "2011-02",
            "price": "53.88",
            "revenue": 2252529
        },
        "2011-03": {
            "month": "2011-03",
            "price": "50.96",
            "revenue": 3625931
        },
        "2011-04": {
            "month": "2011-04",
            "price": "51.86",
            "revenue": 3288885
        },
        "2011-05": {
            "month": "2011-05",
            "price": "51.38",
            "revenue": 3396830
        },
        "2011-06": {
            "month": "2011-06",
            "price": "52.19",
            "revenue": 3363978
        },
        "2011-07": {
            "month": "2011-07",
            "price": "52.49",
            "revenue": 3221983
        },
        "2011-08": {
            "month": "2011-08",
            "price": "54.10",
            "revenue": 3023840
        },
        "2011-09": {
            "month": "2011-09",
            "price": "54.93",
            "revenue": 3153801
        },
        "2011-10": {
            "month": "2011-10",
            "price": "51.95",
            "revenue": 3424357
        },
        "2011-11": {
            "month": "2011-11",
            "price": "50.14",
            "revenue": 3355053
        },
        "2011-12": {
            "month": "2011-12",
            "price": "47.31",
            "revenue": 3333594
        },
        "2012-01": {
            "month": "2012-01",
            "price": "47.87",
            "revenue": 2330678
        },
        "2012-02": {
            "month": "2012-02",
            "price": "50.28",
            "revenue": 3102281
        },
        "2012-03": {
            "month": "2012-03",
            "price": "51.48",
            "revenue": 3521114
        },
        "2012-04": {
            "month": "2012-04",
            "price": "50.96",
            "revenue": 3395069
        },
        "2012-05": {
            "month": "2012-05",
            "price": "49.68",
            "revenue": 3395418
        },
        "2012-06": {
            "month": "2012-06",
            "price": "49.65",
            "revenue": 2637953
        },
        "2012-07": {
            "month": "2012-07",
            "price": "48.66",
            "revenue": 2915022
        },
        "2012-08": {
            "month": "2012-08",
            "price": "48.42",
            "revenue": 2470021
        },
        "2012-09": {
            "month": "2012-09",
            "price": "48.78",
            "revenue": 2172295
        },
        "2012-10": {
            "month": "2012-10",
            "price": "48.53",
            "revenue": 2592348
        },
        "2012-11": {
            "month": "2012-11",
            "price": "48.17",
            "revenue": 2916567
        },
        "2012-12": {
            "month": "2012-12",
            "price": "50.44",
            "revenue": 2750892
        },
        "2013-01": {
            "month": "2013-01",
            "price": "52.62",
            "revenue": 3183047
        },
        "2013-02": {
            "month": "2013-02",
            "price": "52.60",
            "revenue": 1655992
        },
        "2013-03": {
            "month": "2013-03",
            "price": "52.05",
            "revenue": 2761655
        },
        "2013-04": {
            "month": "2013-04",
            "price": "51.98",
            "revenue": 2661878
        },
        "2013-05": {
            "month": "2013-05",
            "price": "53.83",
            "revenue": 2467758
        },
        "2013-06": {
            "month": "2013-06",
            "price": "53.53",
            "revenue": 2165329
        },
        "2013-07": {
            "month": "2013-07",
            "price": "53.07",
            "revenue": 2603812
        },
        "2013-08": {
            "month": "2013-08",
            "price": "52.00",
            "revenue": 2486815
        },
        "2013-09": {
            "month": "2013-09",
            "price": "52.46",
            "revenue": 2148704
        },
        "2013-10": {
            "month": "2013-10",
            "price": "53.31",
            "revenue": 2534423
        },
        "2013-11": {
            "month": "2013-11",
            "price": "53.21",
            "revenue": 2657314
        },
        "2013-12": {
            "month": "2013-12",
            "price": "53.69",
            "revenue": 2572861
        },
        "2014-01": {
            "month": "2014-01",
            "price": "53.40",
            "revenue": 2541639
        },
        "2014-02": {
            "month": "2014-02",
            "price": "50.98",
            "revenue": 2052713
        },
        "2014-03": {
            "month": "2014-03",
            "price": "50.66",
            "revenue": 2785467
        },
        "2014-04": {
            "month": "2014-04",
            "price": "51.18",
            "revenue": 2690409
        },
        "2014-05": {
            "month": "2014-05",
            "price": "46.80",
            "revenue": 2609225
        },
        "2014-06": {
            "month": "2014-06",
            "price": "42.42",
            "revenue": 2820426
        },
        "2014-07": {
            "month": "2014-07",
            "price": "40.60",
            "revenue": 2736061
        },
        "2014-08": {
            "month": "2014-08",
            "price": "42.40",
            "revenue": 2325425
        },
        "2014-09": {
            "month": "2014-09",
            "price": "42.26",
            "revenue": 2126450
        },
        "2014-10": {
            "month": "2014-10",
            "price": "38.74",
            "revenue": 2332683
        },
        "2014-11": {
            "month": "2014-11",
            "price": "37.71",
            "revenue": 2585929
        },
        "2014-12": {
            "month": "2014-12",
            "price": "38.31",
            "revenue": 2565041
        },
        "2015-01": {
            "month": "2015-01",
            "price": "38.65",
            "revenue": 2693305
        },
        "2015-02": {
            "month": "2015-02",
            "price": "38.99",
            "revenue": 1396632
        },
        "2015-03": {
            "month": "2015-03",
            "price": "38.90",
            "revenue": 2852761
        },
        "2015-04": {
            "month": "2015-04",
            "price": "40.72",
            "revenue": 2046764
        },
        "2015-05": {
            "month": "2015-05",
            "price": "41.31",
            "revenue": 1964918
        },
        "2015-06": {
            "month": "2015-06",
            "price": "40.00",
            "revenue": 1864133
        },
        "2015-07": {
            "month": "2015-07",
            "price": "37.65",
            "revenue": 1939389
        },
        "2015-08": {
            "month": "2015-08",
            "price": "35.85",
            "revenue": 1673189
        },
        "2015-09": {
            "month": "2015-09",
            "price": "36.00",
            "revenue": 1504637
        },
        "2015-10": {
            "month": "2015-10",
            "price": "37.88",
            "revenue": 1835556
        },
        "2015-11": {
            "month": "2015-11",
            "price": "38.18",
            "revenue": 1752032
        },
        "2015-12": {
            "month": "2015-12",
            "price": "37.79",
            "revenue": 1856872
        },
        "2016-01": {
            "month": "2016-01",
            "price": "37.13",
            "revenue": 1611231
        },
        "2016-02": {
            "month": "2016-02",
            "price": "38.65",
            "revenue": 1051729
        },
        "2016-03": {
            "month": "2016-03",
            "price": "41.23",
            "revenue": 1870913
        },
        "2016-04": {
            "month": "2016-04",
            "price": "44.86",
            "revenue": 1690820
        },
        "2016-05": {
            "month": "2016-05",
            "price": "42.68",
            "revenue": 1943459
        },
        "2016-06": {
            "month": "2016-06",
            "price": "42.40",
            "revenue": 1755719
        },
        "2016-07": {
            "month": "2016-07",
            "price": "41.68",
            "revenue": 1829854
        },
        "2016-08": {
            "month": "2016-08",
            "price": "41.37",
            "revenue": 1800553
        },
        "2016-09": {
            "month": "2016-09",
            "price": "41.02",
            "revenue": 1376231
        },
        "2016-10": {
            "month": "2016-10",
            "price": "41.33",
            "revenue": 1800717
        },
        "2016-11": {
            "month": "2016-11",
            "price": "44.15",
            "revenue": 2050043
        },
        "2016-12": {
            "month": "2016-12",
            "price": "44.89",
            "revenue": 2151383
        },
        "2017-01": {
            "month": "2017-01",
            "price": "46.28",
            "revenue": 1846625
        },
        "2017-02": {
            "month": "2017-02",
            "price": "49.96",
            "revenue": 1809343
        },
        "2017-03": {
            "month": "2017-03",
            "price": "51.50",
            "revenue": 2626334
        },
        "2017-04": {
            "month": "2017-04",
            "price": "51.27",
            "revenue": 1996382
        },
        "2017-05": {
            "month": "2017-05",
            "price": "51.16",
            "revenue": 2059793
        },
        "2017-06": {
            "month": "2017-06",
            "price": "51.60",
            "revenue": 2053986
        },
        "2017-07": {
            "month": "2017-07",
            "price": "51.10",
            "revenue": 1784391
        },
        "2017-08": {
            "month": "2017-08",
            "price": "52.37",
            "revenue": 1767767
        },
        "2017-09": {
            "month": "2017-09",
            "price": "52.63",
            "revenue": 1577570
        },
        "2017-10": {
            "month": "2017-10",
            "price": "52.34",
            "revenue": 2086519
        },
        "2017-11": {
            "month": "2017-11",
            "price": "52.15",
            "revenue": 2539396
        },
        "2017-12": {
            "month": "2017-12",
            "price": "52.89",
            "revenue": 2593832
        },
        "2018-01": {
            "month": "2018-01",
            "price": "59.35",
            "revenue": 2492993
        },
        "2018-02": {
            "month": "2018-02",
            "price": "60.37",
            "revenue": 1684692
        },
        "2018-03": {
            "month": "2018-03",
            "price": "59.29",
            "revenue": 2583902
        },
        "2018-04": {
            "month": "2018-04",
            "price": "59.02",
            "revenue": 2602543
        },
        "2018-05": {
            "month": "2018-05",
            "price": "58.87",
            "revenue": 3002684
        },
        "2018-06": {
            "month": "2018-06",
            "price": "58.60",
            "revenue": 2603070
        },
        "2018-07": {
            "month": "2018-07",
            "price": "55.04",
            "revenue": 2887660
        },
        "2018-08": {
            "month": "2018-08",
            "price": "56.97",
            "revenue": 2451249
        },
        "2018-09": {
            "month": "2018-09",
            "price": "58.78",
            "revenue": 2480343
        },
        "2018-10": {
            "month": "2018-10",
            "price": "58.90",
            "revenue": 3056020
        },
        "2018-11": {
            "month": "2018-11",
            "price": "59.34",
            "revenue": 2524444
        },
        "2018-12": {
            "month": "2018-12",
            "price": "58.44",
            "revenue": 2496048
        },
        "2019-01": {
            "month": "2019-01",
            "price": "57.93",
            "revenue": 2862920
        },
        "2019-02": {
            "month": "2019-02",
            "price": "58.75",
            "revenue": 1655722
        },
        "2019-03": {
            "month": "2019-03",
            "price": "60.06",
            "revenue": 2507866
        },
        "2019-04": {
            "month": "2019-04",
            "price": "60.58",
            "revenue": 2435220
        },
        "2019-05": {
            "month": "2019-05",
            "price": "62.22",
            "revenue": 2334235
        },
        "2019-06": {
            "month": "2019-06",
            "price": "63.37",
            "revenue": 2128998
        },
        "2019-07": {
            "month": "2019-07",
            "price": "57.66",
            "revenue": 2324140
        },
        "2019-08": {
            "month": "2019-08",
            "price": "56.09",
            "revenue": 2123693
        },
        "2019-09": {
            "month": "2019-09",
            "price": "54.02",
            "revenue": 2238412
        },
        "2019-10": {
            "month": "2019-10",
            "price": "51.99",
            "revenue": 2369544
        },
        "2019-11": {
            "month": "2019-11",
            "price": "53.32",
            "revenue": 2283608
        },
        "2019-12": {
            "month": "2019-12",
            "price": "53.72",
            "revenue": 2471252
        },
        "2020-01": {
            "month": "2020-01",
            "price": "53.96",
            "revenue": 1570644
        },
        "2020-02": {
            "month": "2020-02",
            "price": "53.68",
            "revenue": 2483310
        },
        "2020-03": {
            "month": "2020-03",
            "price": "49.11",
            "revenue": 2461233
        },
        "2020-04": {
            "month": "2020-04",
            "price": "49.29",
            "revenue": 2276903
        },
        "2020-05": {
            "month": "2020-05",
            "price": "51.97",
            "revenue": 2178457
        },
        "2020-06": {
            "month": "2020-06",
            "price": "54.20",
            "revenue": 2167521
        },
        "2020-07": {
            "month": "2020-07",
            "price": "52.69",
            "revenue": 2236686
        },
        "2020-08": {
            "month": "2020-08",
            "price": "55.60",
            "revenue": 2011691
        },
        "2020-09": {
            "month": "2020-09",
            "price": "56.85",
            "revenue": 2303545
        },
        "2020-10": {
            "month": "2020-10",
            "price": "56.74",
            "revenue": 2291325
        },
        "2020-11": {
            "month": "2020-11",
            "price": "57.85",
            "revenue": 2525123
        },
        "2020-12": {
            "month": "2020-12",
            "price": "65.53",
            "revenue": 2791614
        },
        "2021-01": {
            "month": "2021-01",
            "price": "66.80",
            "revenue": 2749552
        },
        "2021-02": {
            "month": "2021-02",
            "price": "67.72",
            "revenue": 1810343
        },
        "2021-03": {
            "month": "2021-03",
            "price": "70.60",
            "revenue": 3335779
        },
        "2021-04": {
            "month": "2021-04",
            "price": "80.83",
            "revenue": 2969908
        },
        "2021-05": {
            "month": "2021-05",
            "price": "76.07",
            "revenue": 3405947
        },
        "2021-06": {
            "month": "2021-06",
            "price": "75.40",
            "revenue": 3438774
        },
        "2021-07": {
            "month": "2021-07",
            "price": "80.98",
            "revenue": 3386863
        },
        "2021-08": {
            "month": "2021-08",
            "price": "77.05",
            "revenue": 3068031
        },
        "2021-09": {
            "month": "2021-09",
            "price": "80.24",
            "revenue": 3261658
        },
        "2021-10": {
            "month": "2021-10",
            "price": "76.26",
            "revenue": 3670689
        },
        "2021-11": {
            "month": "2021-11",
            "price": "78.67",
            "revenue": 3793073
        },
        "2021-12": {
            "month": "2021-12",
            "price": "81.95",
            "revenue": 3469789
        },
        "2022-01": {
            "month": "2022-01",
            "price": "82.63",
            "revenue": 3230383
        },
        "2022-02": {
            "month": "2022-02",
            "price": "84.84",
            "revenue": 2654317
        },
        "2022-03": {
            "month": "2022-03",
            "price": "92.02",
            "revenue": 4063689
        },
        "2022-04": {
            "month": "2022-04",
            "price": "88.81",
            "revenue": 3664177
        },
        "2022-05": {
            "month": "2022-05",
            "price": "76.90",
            "revenue": 3773304
        },
        "2022-06": {
            "month": "2022-06",
            "price": "74.22",
            "revenue": 3420677
        },
        "2022-07": {
            "month": "2022-07",
            "price": "66.22",
            "revenue": 3274243
        },
        "2022-08": {
            "month": "2022-08",
            "price": "66.76",
            "revenue": 2855817
        },
        "2022-09": {
            "month": "2022-09",
            "price": "63.79",
            "revenue": 2708776
        },
        "2022-10": {
            "month": "2022-10",
            "price": "58.74",
            "revenue": 2531442
        },
        "2022-11": {
            "month": "2022-11",
            "price": "60.45",
            "revenue": 3169502
        },
        "2022-12": {
            "month": "2022-12",
            "price": "65.64",
            "revenue": 3258602
        },
        "2023-01": {
            "month": "2023-01",
            "price": "65.63",
            "revenue": 2108507
        },
        "2023-02": {
            "month": "2023-02",
            "price": "70.82",
            "revenue": 2874776
        },
        "2023-03": {
            "month": "2023-03",
            "price": "73.05",
            "revenue": 3761563
        },
        "2023-04": {
            "month": "2023-04",
            "price": "68.50",
            "revenue": 2850876
        },
        "2023-05": {
            "month": "2023-05",
            "price": "67.76",
            "revenue": 3357092
        },
        "2023-06": {
            "month": "2023-06",
            "price": "70.00",
            "revenue": 2790184
        },
        "2023-07": {
            "month": "2023-07",
            "price": "69.62",
            "revenue": 2813757
        },
        "2023-08": {
            "month": "2023-08",
            "price": "68.15",
            "revenue": 2656385
        },
        "2023-09": {
            "month": "2023-09",
            "price": "67.34",
            "revenue": 2593196
        },
        "2023-10": {
            "month": "2023-10",
            "price": "64.34",
            "revenue": 3175793
        },
        "2023-11": {
            "month": "2023-11",
            "price": "65.09",
            "revenue": 2794630
        },
        "2023-12": {
            "month": "2023-12",
            "price": "67.50",
            "revenue": 3105264
        }
    }
}
