{
    "summary": {
        "stock_name": "官田鋼",
        "stock_id": "2017",
        "category": "鋼鐵",
        "main_business": "盤元線材、球化線材、鍍鋅鐵線及螺絲之生產及買賣",
        "website_url": "http://www.quintain.com.tw",
        "ceo": "謝政成",
        "pe_ratio": -31,
        "report_year_from": 2001,
        "report_year_to": 2023,
        "age": 23,
        "eps_negative_percentage": 48,
        "eps_growth_avg": {
            "last_all": -28.69,
            "last_2y": -21.49,
            "last_4y": -41.12,
            "last_8y": -23.71,
            "last_12y": -37.64,
            "last_16y": -22.34,
            "last_20y": -28.69,
            "at_2006_last_3y": -47.74,
            "at_2007_last_3y": -67.2,
            "at_2008_last_3y": -100,
            "at_2009_last_3y": null,
            "at_2010_last_3y": 100,
            "at_2011_last_3y": 20.59,
            "at_2012_last_3y": -19.61,
            "at_2013_last_3y": -19.61,
            "at_2014_last_3y": -79.41,
            "at_2015_last_3y": -100,
            "at_2016_last_3y": null,
            "at_2017_last_3y": 70.69,
            "at_2018_last_3y": 11.1,
            "at_2019_last_3y": -25.93,
            "at_2020_last_3y": -25.93,
            "at_2021_last_3y": -16.16,
            "at_2022_last_3y": -21.49,
            "at_2023_last_3y": -21.49,
            "at_2024_last_3y": -21.49,
            "at_2006_last_all": -47.74,
            "at_2007_last_all": -47.74,
            "at_2008_last_all": -47.74,
            "at_2009_last_all": -47.74,
            "at_2010_last_all": -10.81,
            "at_2011_last_all": -20.41,
            "at_2012_last_all": -33.68,
            "at_2013_last_all": -33.68,
            "at_2014_last_all": -33.68,
            "at_2015_last_all": -33.68,
            "at_2016_last_all": -33.68,
            "at_2017_last_all": -18.77,
            "at_2018_last_all": -22.48,
            "at_2019_last_all": -31.09,
            "at_2020_last_all": -31.09,
            "at_2021_last_all": -17.99,
            "at_2022_last_all": -22.21,
            "at_2023_last_all": -28.69,
            "at_2024_last_all": -28.69
        },
        "latest_eps": -0.48,
        "latest_price": 14.95,
        "latest_roe": -2.62,
        "latest_gross_margin": -2.09,
        "latest_equity": 6627747,
        "latest_revenue": 890863,
        "latest_gross_profit": -18607,
        "latest_net_income": -14441,
        "latest_debt_ratio": 43.48,
        "latest_current_ratio": 146.38,
        "latest_account_receivable_turnover_ratio": 3.25,
        "latest_inventory_turnover_ratio": 0.72,
        "latest_reinvestment_rate": 47.71,
        "latest_research_to_sale_ratio": 0.09
    },
    "eps_dividends": {
        "1991": {
            "cash": 0,
            "stock": 1.2,
            "eps": 0
        },
        "1992": {
            "cash": 0,
            "stock": 1.36,
            "eps": 0
        },
        "1993": {
            "cash": 0,
            "stock": 1.4,
            "eps": 0
        },
        "1994": {
            "cash": 0,
            "stock": 2,
            "eps": 0
        },
        "1995": {
            "cash": 0,
            "stock": 2,
            "eps": 0
        },
        "1996": {
            "cash": 0,
            "stock": 2,
            "eps": 0
        },
        "1997": {
            "cash": 0,
            "stock": 1,
            "eps": 0
        },
        "2001": {
            "cash": 0,
            "stock": 0,
            "eps": -0.33
        },
        "2002": {
            "cash": 0,
            "stock": 0,
            "eps": 1.02
        },
        "2003": {
            "cash": 0,
            "stock": 0,
            "eps": 0.93
        },
        "2004": {
            "cash": 0.2,
            "stock": 0,
            "eps": 0.61
        },
        "2005": {
            "cash": 0.3,
            "stock": 0,
            "eps": -0.64
        },
        "2006": {
            "cash": 0,
            "stock": 0,
            "eps": -0.24
        },
        "2007": {
            "cash": 0,
            "stock": 0,
            "eps": -2.08
        },
        "2008": {
            "cash": 0,
            "stock": 0,
            "eps": -1.51
        },
        "2009": {
            "cash": 0,
            "stock": 0,
            "eps": 0.15
        },
        "2010": {
            "cash": 0,
            "stock": 0,
            "eps": 1.02
        },
        "2011": {
            "cash": 0.29,
            "stock": 0,
            "eps": 0.42
        },
        "2012": {
            "cash": 0,
            "stock": 0,
            "eps": -0.82
        },
        "2013": {
            "cash": 0,
            "stock": 0,
            "eps": -0.33
        },
        "2014": {
            "cash": 0,
            "stock": 0,
            "eps": -0.43
        },
        "2015": {
            "cash": 0,
            "stock": 0,
            "eps": -0.53
        },
        "2016": {
            "cash": 0,
            "stock": 0,
            "eps": 0.58
        },
        "2017": {
            "cash": 0.35,
            "stock": 0,
            "eps": 0.99
        },
        "2018": {
            "cash": 0.45,
            "stock": 0.45,
            "eps": 0.51
        },
        "2019": {
            "cash": 0.4,
            "stock": 0,
            "eps": -0.5
        },
        "2020": {
            "cash": 0,
            "stock": 0,
            "eps": 0.04
        },
        "2021": {
            "cash": 0.3,
            "stock": 0,
            "eps": 1.97
        },
        "2022": {
            "cash": 0.6,
            "stock": 0.6,
            "eps": 0.7
        },
        "2023": {
            "cash": 0.4,
            "stock": 0.4,
            "eps": -0.51
        }
    },
    "dividends": {
        "1991-05-05": {
            "cash": 0,
            "stock": 1.2
        },
        "1992-04-02": {
            "cash": 0,
            "stock": 1.36
        },
        "1993-05-07": {
            "cash": 0,
            "stock": 1.4
        },
        "1994-05-25": {
            "cash": 0,
            "stock": 2
        },
        "1995-04-24": {
            "cash": 0,
            "stock": 2
        },
        "1996-05-06": {
            "cash": 0,
            "stock": 2
        },
        "1997-06-07": {
            "cash": 0,
            "stock": 1
        },
        "2004-03-18": {
            "cash": 0.2,
            "stock": 0
        },
        "2005-04-28": {
            "cash": 0.3,
            "stock": 0
        },
        "2011-01-01": {
            "cash": 0.29,
            "stock": 0
        },
        "2017-07-11": {
            "cash": 0.35,
            "stock": 0
        },
        "2018-07-06": {
            "cash": 0.45,
            "stock": 0.45
        },
        "2019-07-31": {
            "cash": 0.4,
            "stock": 0
        },
        "2021-09-27": {
            "cash": 0.3,
            "stock": 0
        },
        "2022-08-08": {
            "cash": 0.6,
            "stock": 0.6
        },
        "2023-09-01": {
            "cash": 0.4,
            "stock": 0.4
        }
    },
    "prices": {
        "200101": "1.56",
        "200102": "2.48",
        "200103": "2.64",
        "200104": "2.14",
        "200105": "1.69",
        "200106": "1.49",
        "200107": "1.37",
        "200108": "1.40",
        "200109": "1.22",
        "200110": "1.15",
        "200111": "1.28",
        "200112": "1.38",
        "200201": "1.84",
        "200202": "2.23",
        "200203": "3.37",
        "200204": "4.21",
        "200205": "4.19",
        "200206": "4.60",
        "200207": "4.99",
        "200208": "4.83",
        "200209": "4.79",
        "200210": "5.34",
        "200211": "6.51",
        "200212": "6.86",
        "200301": "7.69",
        "200302": "8.33",
        "200303": "7.10",
        "200304": "7.10",
        "200305": "6.60",
        "200306": "7.26",
        "200307": "8.34",
        "200308": "8.24",
        "200309": "7.75",
        "200310": "7.68",
        "200311": "7.78",
        "200312": "7.89",
        "200401": "9.55",
        "200402": "10.62",
        "200403": "14.15",
        "200404": "12.65",
        "200405": "10.27",
        "200406": "9.49",
        "200407": "9.00",
        "200408": "9.10",
        "200409": "12.95",
        "200410": "13.40",
        "200411": "12.08",
        "200412": "11.82",
        "200501": "10.76",
        "200502": "10.42",
        "200503": "9.88",
        "200504": "7.80",
        "200505": "6.48",
        "200506": "7.19",
        "200507": "6.99",
        "200508": "6.48",
        "200509": "6.20",
        "200510": "4.87",
        "200511": "4.02",
        "200512": "4.53",
        "200601": "4.70",
        "200602": "5.56",
        "200603": "5.09",
        "200604": "5.97",
        "200605": "5.95",
        "200606": "6.19",
        "200607": "5.89",
        "200608": "5.20",
        "200609": "4.90",
        "200610": "6.14",
        "200611": "6.08",
        "200612": "6.83",
        "200701": "6.25",
        "200702": "6.52",
        "200703": "8.19",
        "200704": "10.27",
        "200705": "10.03",
        "200706": "9.05",
        "200707": "9.70",
        "200708": "8.45",
        "200709": "8.28",
        "200710": "8.09",
        "200711": "7.02",
        "200712": "6.46",
        "200801": "6.51",
        "200802": "7.57",
        "200803": "8.19",
        "200804": "10.84",
        "200805": "15.45",
        "200806": "14.24",
        "200807": "12.72",
        "200808": "10.47",
        "200809": "7.76",
        "200810": "5.10",
        "200811": "4.55",
        "200812": "4.47",
        "200901": "5.00",
        "200902": "5.11",
        "200903": "5.44",
        "200904": "7.05",
        "200905": "6.87",
        "200906": "6.38",
        "200907": "6.32",
        "200908": "6.99",
        "200909": "6.57",
        "200910": "7.91",
        "200911": "8.64",
        "200912": "9.40",
        "201001": "10.95",
        "201002": "9.76",
        "201003": "10.39",
        "201004": "10.86",
        "201005": "10.02",
        "201006": "9.51",
        "201007": "9.56",
        "201008": "10.58",
        "201009": "11.42",
        "201010": "11.06",
        "201011": "10.43",
        "201012": "11.09",
        "201101": "12.08",
        "201102": "12.11",
        "201103": "11.62",
        "201104": "11.61",
        "201105": "10.78",
        "201106": "10.79",
        "201107": "10.56",
        "201108": "9.19",
        "201109": "8.50",
        "201110": "7.89",
        "201111": "7.15",
        "201112": "6.36",
        "201201": "6.79",
        "201202": "8.84",
        "201203": "10.30",
        "201204": "8.07",
        "201205": "7.28",
        "201206": "6.80",
        "201207": "6.77",
        "201208": "6.87",
        "201209": "7.12",
        "201210": "6.93",
        "201211": "6.42",
        "201212": "6.90",
        "201301": "8.02",
        "201302": "7.80",
        "201303": "7.31",
        "201304": "7.00",
        "201305": "7.21",
        "201306": "6.94",
        "201307": "6.90",
        "201308": "6.94",
        "201309": "6.87",
        "201310": "6.90",
        "201311": "6.56",
        "201312": "6.76",
        "201401": "7.16",
        "201402": "6.97",
        "201403": "6.80",
        "201404": "6.81",
        "201405": "6.54",
        "201406": "6.41",
        "201407": "6.47",
        "201408": "6.72",
        "201409": "6.68",
        "201410": "6.33",
        "201411": "6.11",
        "201412": "6.10",
        "201501": "6.09",
        "201502": "6.02",
        "201503": "5.82",
        "201504": "5.57",
        "201505": "5.58",
        "201506": "5.10",
        "201507": "4.94",
        "201508": "5.05",
        "201509": "5.40",
        "201510": "5.58",
        "201511": "5.56",
        "201512": "5.24",
        "201601": "6.40",
        "201602": "6.97",
        "201603": "7.45",
        "201604": "7.02",
        "201605": "6.45",
        "201606": "6.49",
        "201607": "7.26",
        "201608": "8.22",
        "201609": "8.39",
        "201610": "8.21",
        "201611": "8.52",
        "201612": "8.48",
        "201701": "8.66",
        "201702": "9.45",
        "201703": "10.12",
        "201704": "9.85",
        "201705": "9.30",
        "201706": "8.83",
        "201707": "8.78",
        "201708": "9.21",
        "201709": "9.07",
        "201710": "9.06",
        "201711": "9.43",
        "201712": "9.61",
        "201801": "10.68",
        "201802": "10.93",
        "201803": "10.87",
        "201804": "11.00",
        "201805": "10.60",
        "201806": "10.18",
        "201807": "9.30",
        "201808": "9.38",
        "201809": "9.19",
        "201810": "8.56",
        "201811": "8.24",
        "201812": "8.21",
        "201901": "8.08",
        "201902": "8.10",
        "201903": "8.12",
        "201904": "8.15",
        "201905": "8.09",
        "201906": "8.03",
        "201907": "7.54",
        "201908": "7.00",
        "201909": "6.92",
        "201910": "6.53",
        "201911": "6.59",
        "201912": "6.70",
        "202001": "6.64",
        "202002": "6.26",
        "202003": "6.32",
        "202004": "6.38",
        "202005": "6.78",
        "202006": "8.03",
        "202007": "7.74",
        "202008": "7.78",
        "202009": "8.66",
        "202010": "8.48",
        "202011": "8.72",
        "202012": "11.01",
        "202101": "10.98",
        "202102": "10.83",
        "202103": "11.92",
        "202104": "19.44",
        "202105": "20.88",
        "202106": "23.86",
        "202107": "30.77",
        "202108": "26.53",
        "202109": "23.50",
        "202110": "20.65",
        "202111": "20.20",
        "202112": "20.15",
        "202201": "18.44",
        "202202": "18.72",
        "202203": "19.47",
        "202204": "18.72",
        "202205": "15.85",
        "202206": "14.63",
        "202207": "12.43",
        "202208": "13.26",
        "202209": "13.38",
        "202210": "12.30",
        "202211": "12.71",
        "202212": "13.73",
        "202301": "14.18",
        "202302": "17.06",
        "202303": "18.70",
        "202304": "17.85",
        "202305": "17.39",
        "202306": "17.10",
        "202307": "17.11",
        "202308": "15.15",
        "202309": "14.45",
        "202310": "13.43",
        "202311": "13.71",
        "202312": "15.18"
    },
    "quarters": {
        "20011": {
            "year_quarter": 20011,
            "year": 2001,
            "quarter": 1,
            "eps": 0,
            "eps_growth_year": -100,
            "eps_4q": -0.81,
            "eps_4q_growth_year": null,
            "roe": -0.03,
            "roe_4q": -0.03,
            "gross_profit": 38183,
            "gross_margin": 5.26,
            "gross_margin_4q_avg": 5.26,
            "net_income": -1064,
            "net_income_4q": null,
            "revenue": 725639,
            "revenue_4q": null,
            "common_shares": 4507940,
            "book_valuer_per_share": 8.98,
            "book_valuer_per_share_4q_avg": 8.98,
            "equity": 4047824,
            "current_ratio": 99.54,
            "debt_ratio": 40.13,
            "inventory_turnover_ratio": 0.84,
            "account_receivable_turnover_ratio": null,
            "reinvestment_rate": null,
            "research_to_sale_ratio": null,
            "price_fair": 0,
            "eps_avg_yearly": 0,
            "eps_latest_yearly": 0,
            "eps_growth_yearly": 0
        },
        "20012": {
            "year_quarter": 20012,
            "year": 2001,
            "quarter": 2,
            "eps": -0.19,
            "eps_growth_year": -218.75,
            "eps_4q": -1.16,
            "eps_4q_growth_year": null,
            "roe": -2.21,
            "roe_4q": -2.2399999999999998,
            "gross_profit": 29614,
            "gross_margin": 3.67,
            "gross_margin_4q_avg": 4.47,
            "net_income": -87866,
            "net_income_4q": null,
            "revenue": 806126,
            "revenue_4q": null,
            "common_shares": 4507940,
            "book_valuer_per_share": 8.62,
            "book_valuer_per_share_4q_avg": 8.8,
            "equity": 3886519,
            "current_ratio": 92.64,
            "debt_ratio": 40.53,
            "inventory_turnover_ratio": 1.14,
            "account_receivable_turnover_ratio": null,
            "reinvestment_rate": null,
            "research_to_sale_ratio": null,
            "price_fair": 0,
            "eps_avg_yearly": 0,
            "eps_latest_yearly": 0,
            "eps_growth_yearly": 0
        },
        "20013": {
            "year_quarter": 20013,
            "year": 2001,
            "quarter": 3,
            "eps": -0.08,
            "eps_growth_year": null,
            "eps_4q": -0.54,
            "eps_4q_growth_year": null,
            "roe": -0.93,
            "roe_4q": -3.17,
            "gross_profit": 31695,
            "gross_margin": 3.66,
            "gross_margin_4q_avg": 4.2,
            "net_income": -35806,
            "net_income_4q": null,
            "revenue": 866705,
            "revenue_4q": null,
            "common_shares": 4507940,
            "book_valuer_per_share": 8.5,
            "book_valuer_per_share_4q_avg": 8.7,
            "equity": 3833007,
            "current_ratio": 84.14,
            "debt_ratio": 39.84,
            "inventory_turnover_ratio": 1.55,
            "account_receivable_turnover_ratio": null,
            "reinvestment_rate": null,
            "research_to_sale_ratio": null,
            "price_fair": 0,
            "eps_avg_yearly": 0,
            "eps_latest_yearly": 0,
            "eps_growth_yearly": 0
        },
        "20014": {
            "year_quarter": 20014,
            "year": 2001,
            "quarter": 4,
            "eps": -0.06,
            "eps_growth_year": null,
            "eps_4q": -0.33,
            "eps_4q_growth_year": null,
            "roe": -0.67,
            "roe_4q": -3.84,
            "gross_profit": 47650,
            "gross_margin": 5.1,
            "gross_margin_4q_avg": 4.42,
            "net_income": -25977,
            "net_income_4q": null,
            "revenue": 933859,
            "revenue_4q": null,
            "common_shares": 4507940,
            "book_valuer_per_share": 8.46,
            "book_valuer_per_share_4q_avg": 8.64,
            "equity": 3891886,
            "current_ratio": 83.48,
            "debt_ratio": 42.64,
            "inventory_turnover_ratio": 1.85,
            "account_receivable_turnover_ratio": null,
            "reinvestment_rate": null,
            "research_to_sale_ratio": null,
            "price_fair": 0,
            "eps_avg_yearly": 0,
            "eps_latest_yearly": 0,
            "eps_growth_yearly": 0
        },
        "20021": {
            "year_quarter": 20021,
            "year": 2002,
            "quarter": 1,
            "eps": 0.06,
            "eps_growth_year": null,
            "eps_4q": -0.32,
            "eps_4q_growth_year": null,
            "roe": 0.61,
            "roe_4q": -3.2,
            "gross_profit": 93281,
            "gross_margin": 9.59,
            "gross_margin_4q_avg": 5.51,
            "net_income": 23382,
            "net_income_4q": null,
            "revenue": 972384,
            "revenue_4q": null,
            "common_shares": 4507940,
            "book_valuer_per_share": 8.27,
            "book_valuer_per_share_4q_avg": 8.46,
            "equity": 3729518,
            "current_ratio": 104.33,
            "debt_ratio": 39.25,
            "inventory_turnover_ratio": 2.01,
            "account_receivable_turnover_ratio": null,
            "reinvestment_rate": null,
            "research_to_sale_ratio": null,
            "price_fair": 0,
            "eps_avg_yearly": 0,
            "eps_latest_yearly": 0,
            "eps_growth_yearly": 0
        },
        "20022": {
            "year_quarter": 20022,
            "year": 2002,
            "quarter": 2,
            "eps": 0.35,
            "eps_growth_year": null,
            "eps_4q": 0.24,
            "eps_4q_growth_year": null,
            "roe": 3.37,
            "roe_4q": 2.38,
            "gross_profit": 171530,
            "gross_margin": 15.39,
            "gross_margin_4q_avg": 8.44,
            "net_income": 127998,
            "net_income_4q": null,
            "revenue": 1114527,
            "revenue_4q": null,
            "common_shares": 4507940,
            "book_valuer_per_share": 8.56,
            "book_valuer_per_share_4q_avg": 8.45,
            "equity": 3857273,
            "current_ratio": 118.99,
            "debt_ratio": 35.71,
            "inventory_turnover_ratio": 2.9,
            "account_receivable_turnover_ratio": null,
            "reinvestment_rate": null,
            "research_to_sale_ratio": null,
            "price_fair": 49,
            "eps_avg_yearly": 1.4,
            "eps_latest_yearly": 1.4,
            "eps_growth_yearly": 1933.33
        },
        "20023": {
            "year_quarter": 20023,
            "year": 2002,
            "quarter": 3,
            "eps": 0.29,
            "eps_growth_year": null,
            "eps_4q": 0.63,
            "eps_4q_growth_year": null,
            "roe": 2.7,
            "roe_4q": 6.010000000000001,
            "gross_profit": 273724,
            "gross_margin": 20.78,
            "gross_margin_4q_avg": 12.72,
            "net_income": 105540,
            "net_income_4q": null,
            "revenue": 1317411,
            "revenue_4q": null,
            "common_shares": 4507940,
            "book_valuer_per_share": 8.79,
            "book_valuer_per_share_4q_avg": 8.52,
            "equity": 3963966,
            "current_ratio": 117.38,
            "debt_ratio": 36.94,
            "inventory_turnover_ratio": 2.89,
            "account_receivable_turnover_ratio": null,
            "reinvestment_rate": null,
            "research_to_sale_ratio": null,
            "price_fair": 44.8,
            "eps_avg_yearly": 1.28,
            "eps_latest_yearly": 1.16,
            "eps_growth_yearly": 932.38
        },
        "20024": {
            "year_quarter": 20024,
            "year": 2002,
            "quarter": 4,
            "eps": 0.32,
            "eps_growth_year": null,
            "eps_4q": 1.03,
            "eps_4q_growth_year": null,
            "roe": 2.83,
            "roe_4q": 9.51,
            "gross_profit": 201270,
            "gross_margin": 16.7,
            "gross_margin_4q_avg": 15.62,
            "net_income": 115302,
            "net_income_4q": null,
            "revenue": 1204967,
            "revenue_4q": null,
            "common_shares": 4507940,
            "book_valuer_per_share": 9.12,
            "book_valuer_per_share_4q_avg": 8.69,
            "equity": 4191532,
            "current_ratio": 118.83,
            "debt_ratio": 40.82,
            "inventory_turnover_ratio": 1.9,
            "account_receivable_turnover_ratio": null,
            "reinvestment_rate": null,
            "research_to_sale_ratio": null,
            "price_fair": 44.8,
            "eps_avg_yearly": 1.28,
            "eps_latest_yearly": 1.28,
            "eps_growth_yearly": 635.38
        },
        "20031": {
            "year_quarter": 20031,
            "year": 2003,
            "quarter": 1,
            "eps": 0.44,
            "eps_growth_year": 633.33,
            "eps_4q": 1.4,
            "eps_4q_growth_year": null,
            "roe": 3.79,
            "roe_4q": 12.690000000000001,
            "gross_profit": 226247,
            "gross_margin": 16.87,
            "gross_margin_4q_avg": 17.44,
            "net_income": 160251,
            "net_income_4q": null,
            "revenue": 1341381,
            "revenue_4q": null,
            "common_shares": 4507940,
            "book_valuer_per_share": 9.48,
            "book_valuer_per_share_4q_avg": 8.99,
            "equity": 4271739,
            "current_ratio": 149.38,
            "debt_ratio": 38.28,
            "inventory_turnover_ratio": 1.49,
            "account_receivable_turnover_ratio": null,
            "reinvestment_rate": null,
            "research_to_sale_ratio": null,
            "price_fair": 49,
            "eps_avg_yearly": 1.4,
            "eps_latest_yearly": 1.76,
            "eps_growth_yearly": 514.04
        },
        "20032": {
            "year_quarter": 20032,
            "year": 2003,
            "quarter": 2,
            "eps": 0.26,
            "eps_growth_year": -25.71,
            "eps_4q": 1.33,
            "eps_4q_growth_year": 443.33,
            "roe": 2.14,
            "roe_4q": 11.46,
            "gross_profit": 146996,
            "gross_margin": 15.2,
            "gross_margin_4q_avg": 17.39,
            "net_income": 92504,
            "net_income_4q": null,
            "revenue": 967123,
            "revenue_4q": null,
            "common_shares": 4507940,
            "book_valuer_per_share": 9.68,
            "book_valuer_per_share_4q_avg": 9.27,
            "equity": 4364582,
            "current_ratio": 153.8,
            "debt_ratio": 36.93,
            "inventory_turnover_ratio": 0.79,
            "account_receivable_turnover_ratio": null,
            "reinvestment_rate": -71.09,
            "research_to_sale_ratio": null,
            "price_fair": 46.48,
            "eps_avg_yearly": 1.33,
            "eps_latest_yearly": 1.04,
            "eps_growth_yearly": 378.5
        },
        "20033": {
            "year_quarter": 20033,
            "year": 2003,
            "quarter": 3,
            "eps": 0.2,
            "eps_growth_year": -31.03,
            "eps_4q": 1.22,
            "eps_4q_growth_year": 92.41,
            "roe": 1.64,
            "roe_4q": 10.4,
            "gross_profit": 70234,
            "gross_margin": 6.77,
            "gross_margin_4q_avg": 13.89,
            "net_income": 72096,
            "net_income_4q": null,
            "revenue": 1037471,
            "revenue_4q": null,
            "common_shares": 4507940,
            "book_valuer_per_share": 9.84,
            "book_valuer_per_share_4q_avg": 9.53,
            "equity": 4436374,
            "current_ratio": 138.55,
            "debt_ratio": 36.12,
            "inventory_turnover_ratio": 0.81,
            "account_receivable_turnover_ratio": null,
            "reinvestment_rate": -12.02,
            "research_to_sale_ratio": null,
            "price_fair": 43.4,
            "eps_avg_yearly": 1.24,
            "eps_latest_yearly": 0.8,
            "eps_growth_yearly": 300.03
        },
        "20034": {
            "year_quarter": 20034,
            "year": 2003,
            "quarter": 4,
            "eps": 0.03,
            "eps_growth_year": -90.62,
            "eps_4q": 0.95,
            "eps_4q_growth_year": -8.03,
            "roe": 0.24,
            "roe_4q": 7.81,
            "gross_profit": 72027,
            "gross_margin": 5.96,
            "gross_margin_4q_avg": 11.2,
            "net_income": 10592,
            "net_income_4q": null,
            "revenue": 1208105,
            "revenue_4q": null,
            "common_shares": 4507940,
            "book_valuer_per_share": 9.87,
            "book_valuer_per_share_4q_avg": 9.72,
            "equity": 4536741,
            "current_ratio": 115.51,
            "debt_ratio": 39.6,
            "inventory_turnover_ratio": 0.97,
            "account_receivable_turnover_ratio": null,
            "reinvestment_rate": 14.84,
            "research_to_sale_ratio": null,
            "price_fair": 37.8,
            "eps_avg_yearly": 1.08,
            "eps_latest_yearly": 0.12,
            "eps_growth_yearly": 208.6
        },
        "20041": {
            "year_quarter": 20041,
            "year": 2004,
            "quarter": 1,
            "eps": 0.62,
            "eps_growth_year": 40.91,
            "eps_4q": 1.1,
            "eps_4q_growth_year": -21.11,
            "roe": 4.88,
            "roe_4q": 8.9,
            "gross_profit": 296847,
            "gross_margin": 19.75,
            "gross_margin_4q_avg": 11.92,
            "net_income": 224979,
            "net_income_4q": null,
            "revenue": 1502914,
            "revenue_4q": null,
            "common_shares": 4507940,
            "book_valuer_per_share": 10.37,
            "book_valuer_per_share_4q_avg": 9.94,
            "equity": 4676148,
            "current_ratio": 148.32,
            "debt_ratio": 34.47,
            "inventory_turnover_ratio": 1.09,
            "account_receivable_turnover_ratio": null,
            "reinvestment_rate": -0.66,
            "research_to_sale_ratio": null,
            "price_fair": 43.93,
            "eps_avg_yearly": 1.26,
            "eps_latest_yearly": 2.48,
            "eps_growth_yearly": 1165.86
        },
        "20042": {
            "year_quarter": 20042,
            "year": 2004,
            "quarter": 2,
            "eps": 0.51,
            "eps_growth_year": 96.15,
            "eps_4q": 1.36,
            "eps_4q_growth_year": 1.97,
            "roe": 3.91,
            "roe_4q": 10.67,
            "gross_profit": 409711,
            "gross_margin": 26.88,
            "gross_margin_4q_avg": 14.84,
            "net_income": 185164,
            "net_income_4q": null,
            "revenue": 1523996,
            "revenue_4q": null,
            "common_shares": 4507940,
            "book_valuer_per_share": 10.63,
            "book_valuer_per_share_4q_avg": 10.18,
            "equity": 4792796,
            "current_ratio": 135.15,
            "debt_ratio": 39.6,
            "inventory_turnover_ratio": 0.94,
            "account_receivable_turnover_ratio": null,
            "reinvestment_rate": 1.83,
            "research_to_sale_ratio": null,
            "price_fair": 46.98,
            "eps_avg_yearly": 1.34,
            "eps_latest_yearly": 2.04,
            "eps_growth_yearly": 1028.43
        },
        "20043": {
            "year_quarter": 20043,
            "year": 2004,
            "quarter": 3,
            "eps": 0.55,
            "eps_growth_year": 175,
            "eps_4q": 1.72,
            "eps_4q_growth_year": 40.65,
            "roe": 4.05,
            "roe_4q": 13.08,
            "gross_profit": 300422,
            "gross_margin": 17.74,
            "gross_margin_4q_avg": 17.58,
            "net_income": 198233,
            "net_income_4q": null,
            "revenue": 1693398,
            "revenue_4q": null,
            "common_shares": 4507940,
            "book_valuer_per_share": 11.1,
            "book_valuer_per_share_4q_avg": 10.49,
            "equity": 5005001,
            "current_ratio": 142.26,
            "debt_ratio": 35.01,
            "inventory_turnover_ratio": 1.25,
            "account_receivable_turnover_ratio": null,
            "reinvestment_rate": 1.73,
            "research_to_sale_ratio": null,
            "price_fair": 49.98,
            "eps_avg_yearly": 1.43,
            "eps_latest_yearly": 2.2,
            "eps_growth_yearly": 928.73
        },
        "20044": {
            "year_quarter": 20044,
            "year": 2004,
            "quarter": 4,
            "eps": -1.07,
            "eps_growth_year": -3666.67,
            "eps_4q": 0.58,
            "eps_4q_growth_year": -39.4,
            "roe": -7.88,
            "roe_4q": 4.96,
            "gross_profit": 199493,
            "gross_margin": 13.34,
            "gross_margin_4q_avg": 19.43,
            "net_income": -384340,
            "net_income_4q": null,
            "revenue": 1496004,
            "revenue_4q": null,
            "common_shares": 4507940,
            "book_valuer_per_share": 10.3,
            "book_valuer_per_share_4q_avg": 10.6,
            "equity": 4745270,
            "current_ratio": 105.65,
            "debt_ratio": 43.5,
            "inventory_turnover_ratio": 1.01,
            "account_receivable_turnover_ratio": null,
            "reinvestment_rate": -10.37,
            "research_to_sale_ratio": null,
            "price_fair": 49.98,
            "eps_avg_yearly": 1.43,
            "eps_latest_yearly": 2.2,
            "eps_growth_yearly": 928.73
        },
        "20051": {
            "year_quarter": 20051,
            "year": 2005,
            "quarter": 1,
            "eps": 0.22,
            "eps_growth_year": -64.52,
            "eps_4q": 0.22,
            "eps_4q_growth_year": -80.29,
            "roe": 1.69,
            "roe_4q": 1.7700000000000005,
            "gross_profit": 141269,
            "gross_margin": 8.18,
            "gross_margin_4q_avg": 16.54,
            "net_income": 80128,
            "net_income_4q": null,
            "revenue": 1727921,
            "revenue_4q": null,
            "common_shares": 4507940,
            "book_valuer_per_share": 10.48,
            "book_valuer_per_share_4q_avg": 10.63,
            "equity": 4722346,
            "current_ratio": 124.27,
            "debt_ratio": 32.7,
            "inventory_turnover_ratio": 1.26,
            "account_receivable_turnover_ratio": null,
            "reinvestment_rate": 4.78,
            "research_to_sale_ratio": null,
            "price_fair": 49.98,
            "eps_avg_yearly": 1.43,
            "eps_latest_yearly": 2.2,
            "eps_growth_yearly": 928.73
        },
        "20052": {
            "year_quarter": 20052,
            "year": 2005,
            "quarter": 2,
            "eps": -0.15,
            "eps_growth_year": -129.41,
            "eps_4q": -0.36,
            "eps_4q_growth_year": -126.21,
            "roe": -1.18,
            "roe_4q": -3.3200000000000003,
            "gross_profit": 35934,
            "gross_margin": 2.8,
            "gross_margin_4q_avg": 10.52,
            "net_income": -54378,
            "net_income_4q": null,
            "revenue": 1281638,
            "revenue_4q": null,
            "common_shares": 4507940,
            "book_valuer_per_share": 10.05,
            "book_valuer_per_share_4q_avg": 10.48,
            "equity": 4529371,
            "current_ratio": 101.34,
            "debt_ratio": 41.94,
            "inventory_turnover_ratio": 0.97,
            "account_receivable_turnover_ratio": null,
            "reinvestment_rate": 5.09,
            "research_to_sale_ratio": null,
            "price_fair": 49.98,
            "eps_avg_yearly": 1.43,
            "eps_latest_yearly": 2.2,
            "eps_growth_yearly": 928.73
        },
        "20053": {
            "year_quarter": 20053,
            "year": 2005,
            "quarter": 3,
            "eps": -0.3,
            "eps_growth_year": -154.55,
            "eps_4q": -1.04,
            "eps_4q_growth_year": -160.36,
            "roe": -2.42,
            "roe_4q": -9.79,
            "gross_profit": -99460,
            "gross_margin": -9.79,
            "gross_margin_4q_avg": 3.63,
            "net_income": -108703,
            "net_income_4q": null,
            "revenue": 1015731,
            "revenue_4q": null,
            "common_shares": 4507940,
            "book_valuer_per_share": 9.84,
            "book_valuer_per_share_4q_avg": 10.17,
            "equity": 4437998,
            "current_ratio": 132.9,
            "debt_ratio": 45.91,
            "inventory_turnover_ratio": 0.63,
            "account_receivable_turnover_ratio": null,
            "reinvestment_rate": 5.7,
            "research_to_sale_ratio": null,
            "price_fair": 49.98,
            "eps_avg_yearly": 1.43,
            "eps_latest_yearly": 2.2,
            "eps_growth_yearly": 928.73
        },
        "20054": {
            "year_quarter": 20054,
            "year": 2005,
            "quarter": 4,
            "eps": -0.41,
            "eps_growth_year": null,
            "eps_4q": -0.67,
            "eps_4q_growth_year": -216.19,
            "roe": -3.32,
            "roe_4q": -5.23,
            "gross_profit": -88560,
            "gross_margin": -8.41,
            "gross_margin_4q_avg": -1.81,
            "net_income": -149294,
            "net_income_4q": null,
            "revenue": 1053577,
            "revenue_4q": null,
            "common_shares": 4507940,
            "book_valuer_per_share": 9.54,
            "book_valuer_per_share_4q_avg": 9.98,
            "equity": 4549683,
            "current_ratio": 117.02,
            "debt_ratio": 45.68,
            "inventory_turnover_ratio": 0.68,
            "account_receivable_turnover_ratio": null,
            "reinvestment_rate": 24.85,
            "research_to_sale_ratio": null,
            "price_fair": 49.98,
            "eps_avg_yearly": 1.43,
            "eps_latest_yearly": 2.2,
            "eps_growth_yearly": 928.73
        },
        "20061": {
            "year_quarter": 20061,
            "year": 2006,
            "quarter": 1,
            "eps": -0.33,
            "eps_growth_year": -250,
            "eps_4q": -1.2,
            "eps_4q_growth_year": -650.36,
            "roe": -2.73,
            "roe_4q": -9.649999999999999,
            "gross_profit": -58257,
            "gross_margin": -5.37,
            "gross_margin_4q_avg": -5.19,
            "net_income": -118960,
            "net_income_4q": null,
            "revenue": 1084817,
            "revenue_4q": null,
            "common_shares": 4507940,
            "book_valuer_per_share": 9.22,
            "book_valuer_per_share_4q_avg": 9.66,
            "equity": 4155334,
            "current_ratio": 118.92,
            "debt_ratio": 43.98,
            "inventory_turnover_ratio": 0.73,
            "account_receivable_turnover_ratio": null,
            "reinvestment_rate": 11.9,
            "research_to_sale_ratio": null,
            "price_fair": 49.98,
            "eps_avg_yearly": 1.43,
            "eps_latest_yearly": 2.2,
            "eps_growth_yearly": 928.73
        },
        "20062": {
            "year_quarter": 20062,
            "year": 2006,
            "quarter": 2,
            "eps": 0.36,
            "eps_growth_year": null,
            "eps_4q": -0.7,
            "eps_4q_growth_year": null,
            "roe": 3.03,
            "roe_4q": -5.4399999999999995,
            "gross_profit": 179311,
            "gross_margin": 12.03,
            "gross_margin_4q_avg": -2.89,
            "net_income": 128022,
            "net_income_4q": null,
            "revenue": 1490554,
            "revenue_4q": null,
            "common_shares": 4507940,
            "book_valuer_per_share": 9.5,
            "book_valuer_per_share_4q_avg": 9.53,
            "equity": 4283627,
            "current_ratio": 121.44,
            "debt_ratio": 45.13,
            "inventory_turnover_ratio": 0.75,
            "account_receivable_turnover_ratio": null,
            "reinvestment_rate": 9.76,
            "research_to_sale_ratio": null,
            "price_fair": 50.09,
            "eps_avg_yearly": 1.43,
            "eps_latest_yearly": 2.2,
            "eps_growth_yearly": 817.1
        },
        "20063": {
            "year_quarter": 20063,
            "year": 2006,
            "quarter": 3,
            "eps": -0.11,
            "eps_growth_year": null,
            "eps_4q": -0.4,
            "eps_4q_growth_year": null,
            "roe": -0.91,
            "roe_4q": -3.93,
            "gross_profit": 37036,
            "gross_margin": 3.4,
            "gross_margin_4q_avg": 0.41,
            "net_income": -38930,
            "net_income_4q": null,
            "revenue": 1088184,
            "revenue_4q": null,
            "common_shares": 4507940,
            "book_valuer_per_share": 9.43,
            "book_valuer_per_share_4q_avg": 9.42,
            "equity": 4250809,
            "current_ratio": 115.41,
            "debt_ratio": 47.74,
            "inventory_turnover_ratio": 0.5,
            "account_receivable_turnover_ratio": null,
            "reinvestment_rate": -119.99,
            "research_to_sale_ratio": null,
            "price_fair": 51.28,
            "eps_avg_yearly": 1.47,
            "eps_latest_yearly": 2.2,
            "eps_growth_yearly": 927.81
        },
        "20064": {
            "year_quarter": 20064,
            "year": 2006,
            "quarter": 4,
            "eps": -0.16,
            "eps_growth_year": null,
            "eps_4q": -0.35,
            "eps_4q_growth_year": null,
            "roe": -1.24,
            "roe_4q": -1.85,
            "gross_profit": 4304,
            "gross_margin": 0.35,
            "gross_margin_4q_avg": 2.6,
            "net_income": -56330,
            "net_income_4q": null,
            "revenue": 1213153,
            "revenue_4q": null,
            "common_shares": 4507940,
            "book_valuer_per_share": 9.37,
            "book_valuer_per_share_4q_avg": 9.38,
            "equity": 4845206,
            "current_ratio": 102.12,
            "debt_ratio": 46.51,
            "inventory_turnover_ratio": 0.58,
            "account_receivable_turnover_ratio": null,
            "reinvestment_rate": -41.12,
            "research_to_sale_ratio": null,
            "price_fair": 52.2,
            "eps_avg_yearly": 1.49,
            "eps_latest_yearly": 2.2,
            "eps_growth_yearly": 1054.45
        },
        "20071": {
            "year_quarter": 20071,
            "year": 2007,
            "quarter": 1,
            "eps": -0.22,
            "eps_growth_year": null,
            "eps_4q": -0.13,
            "eps_4q_growth_year": null,
            "roe": -1.87,
            "roe_4q": -0.9900000000000007,
            "gross_profit": 4612,
            "gross_margin": 0.33,
            "gross_margin_4q_avg": 4.03,
            "net_income": -83967,
            "net_income_4q": null,
            "revenue": 1393867,
            "revenue_4q": null,
            "common_shares": 4507940,
            "book_valuer_per_share": 9.2,
            "book_valuer_per_share_4q_avg": 9.38,
            "equity": 4148706,
            "current_ratio": 109.94,
            "debt_ratio": 44.8,
            "inventory_turnover_ratio": 0.75,
            "account_receivable_turnover_ratio": null,
            "reinvestment_rate": null,
            "research_to_sale_ratio": null,
            "price_fair": 50.63,
            "eps_avg_yearly": 1.45,
            "eps_latest_yearly": 2.2,
            "eps_growth_yearly": 1205.19
        },
        "20072": {
            "year_quarter": 20072,
            "year": 2007,
            "quarter": 2,
            "eps": -0.07,
            "eps_growth_year": -119.44,
            "eps_4q": -0.46,
            "eps_4q_growth_year": null,
            "roe": -0.63,
            "roe_4q": -4.65,
            "gross_profit": 34352,
            "gross_margin": 2.44,
            "gross_margin_4q_avg": 1.63,
            "net_income": -26009,
            "net_income_4q": null,
            "revenue": 1408569,
            "revenue_4q": null,
            "common_shares": 4507940,
            "book_valuer_per_share": 9.19,
            "book_valuer_per_share_4q_avg": 9.3,
            "equity": 4141705,
            "current_ratio": 107.02,
            "debt_ratio": 46.23,
            "inventory_turnover_ratio": 0.74,
            "account_receivable_turnover_ratio": null,
            "reinvestment_rate": null,
            "research_to_sale_ratio": null,
            "price_fair": 53.48,
            "eps_avg_yearly": 1.53,
            "eps_latest_yearly": 2.2,
            "eps_growth_yearly": 1478.95
        },
        "20073": {
            "year_quarter": 20073,
            "year": 2007,
            "quarter": 3,
            "eps": -1.27,
            "eps_growth_year": null,
            "eps_4q": -1.47,
            "eps_4q_growth_year": null,
            "roe": -11.49,
            "roe_4q": -15.230000000000002,
            "gross_profit": -39186,
            "gross_margin": -3.47,
            "gross_margin_4q_avg": -0.09,
            "net_income": -494847,
            "net_income_4q": null,
            "revenue": 1128305,
            "revenue_4q": null,
            "common_shares": 4507940,
            "book_valuer_per_share": 9.93,
            "book_valuer_per_share_4q_avg": 9.42,
            "equity": 4474764,
            "current_ratio": 89.91,
            "debt_ratio": 38.07,
            "inventory_turnover_ratio": 0.69,
            "account_receivable_turnover_ratio": null,
            "reinvestment_rate": null,
            "research_to_sale_ratio": null,
            "price_fair": 59.85,
            "eps_avg_yearly": 1.71,
            "eps_latest_yearly": 2.2,
            "eps_growth_yearly": 1871.77
        },
        "20074": {
            "year_quarter": 20074,
            "year": 2007,
            "quarter": 4,
            "eps": -0.52,
            "eps_growth_year": null,
            "eps_4q": -2.11,
            "eps_4q_growth_year": null,
            "roe": -4.41,
            "roe_4q": -18.400000000000002,
            "gross_profit": 46023,
            "gross_margin": 3.3,
            "gross_margin_4q_avg": 0.65,
            "net_income": -207894,
            "net_income_4q": null,
            "revenue": 1393706,
            "revenue_4q": null,
            "common_shares": 4507940,
            "book_valuer_per_share": 9.47,
            "book_valuer_per_share_4q_avg": 9.45,
            "equity": 4959110,
            "current_ratio": 84.61,
            "debt_ratio": 39.82,
            "inventory_turnover_ratio": 0.99,
            "account_receivable_turnover_ratio": null,
            "reinvestment_rate": null,
            "research_to_sale_ratio": null,
            "price_fair": 78.4,
            "eps_avg_yearly": 2.24,
            "eps_latest_yearly": 2.2,
            "eps_growth_yearly": 2609.02
        },
        "20081": {
            "year_quarter": 20081,
            "year": 2008,
            "quarter": 1,
            "eps": 0.67,
            "eps_growth_year": null,
            "eps_4q": -1.07,
            "eps_4q_growth_year": null,
            "roe": 5.42,
            "roe_4q": -11.110000000000001,
            "gross_profit": 347995,
            "gross_margin": 19.94,
            "gross_margin_4q_avg": 5.55,
            "net_income": 278325,
            "net_income_4q": null,
            "revenue": 1745114,
            "revenue_4q": null,
            "common_shares": 4507940,
            "book_valuer_per_share": 10.09,
            "book_valuer_per_share_4q_avg": 9.67,
            "equity": 5303460,
            "current_ratio": 95.61,
            "debt_ratio": 36.65,
            "inventory_turnover_ratio": 1.13,
            "account_receivable_turnover_ratio": null,
            "reinvestment_rate": null,
            "research_to_sale_ratio": null,
            "price_fair": 6.36,
            "eps_avg_yearly": 2.12,
            "eps_latest_yearly": 2.2,
            "eps_growth_yearly": -19.8
        },
        "20082": {
            "year_quarter": 20082,
            "year": 2008,
            "quarter": 2,
            "eps": 0.77,
            "eps_growth_year": null,
            "eps_4q": -0.24,
            "eps_4q_growth_year": null,
            "roe": 5.2,
            "roe_4q": -5.279999999999999,
            "gross_profit": 605288,
            "gross_margin": 27.54,
            "gross_margin_4q_avg": 11.83,
            "net_income": 285374,
            "net_income_4q": null,
            "revenue": 2197506,
            "revenue_4q": null,
            "common_shares": 4507940,
            "book_valuer_per_share": 10.79,
            "book_valuer_per_share_4q_avg": 10.07,
            "equity": 5663122,
            "current_ratio": 113.44,
            "debt_ratio": 31.61,
            "inventory_turnover_ratio": 1.26,
            "account_receivable_turnover_ratio": null,
            "reinvestment_rate": null,
            "research_to_sale_ratio": null,
            "price_fair": 92.4,
            "eps_avg_yearly": 2.64,
            "eps_latest_yearly": 3.08,
            "eps_growth_yearly": 45.54
        },
        "20083": {
            "year_quarter": 20083,
            "year": 2008,
            "quarter": 3,
            "eps": -0.54,
            "eps_growth_year": null,
            "eps_4q": 0.38,
            "eps_4q_growth_year": null,
            "roe": -3.26,
            "roe_4q": 2.95,
            "gross_profit": -7115,
            "gross_margin": -0.61,
            "gross_margin_4q_avg": 12.54,
            "net_income": -181214,
            "net_income_4q": null,
            "revenue": 1162802,
            "revenue_4q": null,
            "common_shares": 4507940,
            "book_valuer_per_share": 10.26,
            "book_valuer_per_share_4q_avg": 10.15,
            "equity": 5464759,
            "current_ratio": 172.09,
            "debt_ratio": 37.16,
            "inventory_turnover_ratio": 0.68,
            "account_receivable_turnover_ratio": null,
            "reinvestment_rate": null,
            "research_to_sale_ratio": null,
            "price_fair": 107.8,
            "eps_avg_yearly": 3.08,
            "eps_latest_yearly": 3.08,
            "eps_growth_yearly": 59.7
        },
        "20084": {
            "year_quarter": 20084,
            "year": 2008,
            "quarter": 4,
            "eps": -2.41,
            "eps_growth_year": null,
            "eps_4q": -1.5,
            "eps_4q_growth_year": null,
            "roe": -20.88,
            "roe_4q": -13.520000000000001,
            "gross_profit": -1026208,
            "gross_margin": -182.92,
            "gross_margin_4q_avg": -34.01,
            "net_income": -1031569,
            "net_income_4q": null,
            "revenue": 561009,
            "revenue_4q": null,
            "common_shares": 4507940,
            "book_valuer_per_share": 7.96,
            "book_valuer_per_share_4q_avg": 9.78,
            "equity": 4417608,
            "current_ratio": 108.8,
            "debt_ratio": 38.49,
            "inventory_turnover_ratio": 0.98,
            "account_receivable_turnover_ratio": 5.93,
            "reinvestment_rate": null,
            "research_to_sale_ratio": null,
            "price_fair": 107.8,
            "eps_avg_yearly": 3.08,
            "eps_latest_yearly": 3.08,
            "eps_growth_yearly": 59.7
        },
        "20091": {
            "year_quarter": 20091,
            "year": 2009,
            "quarter": 1,
            "eps": -0.32,
            "eps_growth_year": -147.76,
            "eps_4q": -2.37,
            "eps_4q_growth_year": null,
            "roe": -3.06,
            "roe_4q": -21.999999999999996,
            "gross_profit": 6466,
            "gross_margin": 0.79,
            "gross_margin_4q_avg": -38.8,
            "net_income": -133398,
            "net_income_4q": null,
            "revenue": 816747,
            "revenue_4q": null,
            "common_shares": 4507940,
            "book_valuer_per_share": 7.68,
            "book_valuer_per_share_4q_avg": 9.17,
            "equity": 4313270,
            "current_ratio": 109.48,
            "debt_ratio": 37.92,
            "inventory_turnover_ratio": 0.81,
            "account_receivable_turnover_ratio": 3.55,
            "reinvestment_rate": null,
            "research_to_sale_ratio": null,
            "price_fair": 107.8,
            "eps_avg_yearly": 3.08,
            "eps_latest_yearly": 3.08,
            "eps_growth_yearly": 59.7
        },
        "20092": {
            "year_quarter": 20092,
            "year": 2009,
            "quarter": 2,
            "eps": -0.14,
            "eps_growth_year": -118.18,
            "eps_4q": -3.2,
            "eps_4q_growth_year": null,
            "roe": -0.7,
            "roe_4q": -27.9,
            "gross_profit": 52355,
            "gross_margin": 4.71,
            "gross_margin_4q_avg": -44.51,
            "net_income": -30139,
            "net_income_4q": null,
            "revenue": 1112165,
            "revenue_4q": null,
            "common_shares": 4507940,
            "book_valuer_per_share": 7.61,
            "book_valuer_per_share_4q_avg": 8.38,
            "equity": 4291219,
            "current_ratio": 66.16,
            "debt_ratio": 39.63,
            "inventory_turnover_ratio": 1.13,
            "account_receivable_turnover_ratio": 3.4,
            "reinvestment_rate": null,
            "research_to_sale_ratio": null,
            "price_fair": 107.8,
            "eps_avg_yearly": 3.08,
            "eps_latest_yearly": 3.08,
            "eps_growth_yearly": 59.7
        },
        "20093": {
            "year_quarter": 20093,
            "year": 2009,
            "quarter": 3,
            "eps": 0.58,
            "eps_growth_year": null,
            "eps_4q": -2.62,
            "eps_4q_growth_year": -784.2,
            "roe": 5.09,
            "roe_4q": -19.55,
            "gross_profit": 305502,
            "gross_margin": 20.07,
            "gross_margin_4q_avg": -39.34,
            "net_income": 226103,
            "net_income_4q": null,
            "revenue": 1522222,
            "revenue_4q": null,
            "common_shares": 3380955,
            "book_valuer_per_share": 10.74,
            "book_valuer_per_share_4q_avg": 8.5,
            "equity": 4595915,
            "current_ratio": 73.19,
            "debt_ratio": 34.34,
            "inventory_turnover_ratio": 1.42,
            "account_receivable_turnover_ratio": 3.45,
            "reinvestment_rate": null,
            "research_to_sale_ratio": null,
            "price_fair": 107.8,
            "eps_avg_yearly": 3.08,
            "eps_latest_yearly": 3.08,
            "eps_growth_yearly": 59.7
        },
        "20094": {
            "year_quarter": 20094,
            "year": 2009,
            "quarter": 4,
            "eps": 0.03,
            "eps_growth_year": null,
            "eps_4q": 0.04,
            "eps_4q_growth_year": null,
            "roe": -0.57,
            "roe_4q": 0.7599999999999993,
            "gross_profit": 115688,
            "gross_margin": 8.94,
            "gross_margin_4q_avg": 8.63,
            "net_income": -25966,
            "net_income_4q": null,
            "revenue": 1294755,
            "revenue_4q": null,
            "common_shares": 3380955,
            "book_valuer_per_share": 11.41,
            "book_valuer_per_share_4q_avg": 9.36,
            "equity": 4545240,
            "current_ratio": 120.15,
            "debt_ratio": 37.83,
            "inventory_turnover_ratio": 1.33,
            "account_receivable_turnover_ratio": 5.51,
            "reinvestment_rate": null,
            "research_to_sale_ratio": null,
            "price_fair": 4.8,
            "eps_avg_yearly": 1.6,
            "eps_latest_yearly": 0.12,
            "eps_growth_yearly": -159.8
        },
        "20101": {
            "year_quarter": 20101,
            "year": 2010,
            "quarter": 1,
            "eps": 0.39,
            "eps_growth_year": null,
            "eps_4q": 0.86,
            "eps_4q_growth_year": null,
            "roe": 2.92,
            "roe_4q": 6.739999999999999,
            "gross_profit": 192976,
            "gross_margin": 13.6,
            "gross_margin_4q_avg": 11.83,
            "net_income": 135571,
            "net_income_4q": null,
            "revenue": 1418552,
            "revenue_4q": null,
            "common_shares": 3380955,
            "book_valuer_per_share": 11.79,
            "book_valuer_per_share_4q_avg": 10.39,
            "equity": 4728230,
            "current_ratio": 129.71,
            "debt_ratio": 36.05,
            "inventory_turnover_ratio": 1.12,
            "account_receivable_turnover_ratio": 3.08,
            "reinvestment_rate": null,
            "research_to_sale_ratio": 0.07,
            "price_fair": 55.53,
            "eps_avg_yearly": 1.59,
            "eps_latest_yearly": 1.56,
            "eps_growth_yearly": 1493.46
        },
        "20102": {
            "year_quarter": 20102,
            "year": 2010,
            "quarter": 2,
            "eps": 0.42,
            "eps_growth_year": null,
            "eps_4q": 1.43,
            "eps_4q_growth_year": null,
            "roe": 3.28,
            "roe_4q": 10.719999999999999,
            "gross_profit": 227986,
            "gross_margin": 14.65,
            "gross_margin_4q_avg": 14.32,
            "net_income": 158587,
            "net_income_4q": null,
            "revenue": 1556149,
            "revenue_4q": null,
            "common_shares": 3380955,
            "book_valuer_per_share": 12.17,
            "book_valuer_per_share_4q_avg": 11.53,
            "equity": 4932469,
            "current_ratio": 136,
            "debt_ratio": 39.97,
            "inventory_turnover_ratio": 0.94,
            "account_receivable_turnover_ratio": 3.41,
            "reinvestment_rate": null,
            "research_to_sale_ratio": 0.07,
            "price_fair": 56.35,
            "eps_avg_yearly": 1.61,
            "eps_latest_yearly": 1.68,
            "eps_growth_yearly": 1127.79
        },
        "20103": {
            "year_quarter": 20103,
            "year": 2010,
            "quarter": 3,
            "eps": 0.13,
            "eps_growth_year": -78.41,
            "eps_4q": 0.93,
            "eps_4q_growth_year": null,
            "roe": 2.1,
            "roe_4q": 7.73,
            "gross_profit": 244513,
            "gross_margin": 15.04,
            "gross_margin_4q_avg": 13.06,
            "net_income": 102794,
            "net_income_4q": null,
            "revenue": 1625341,
            "revenue_4q": null,
            "common_shares": 3380955,
            "book_valuer_per_share": 12.68,
            "book_valuer_per_share_4q_avg": 12.01,
            "equity": 4851055,
            "current_ratio": 124.19,
            "debt_ratio": 37.49,
            "inventory_turnover_ratio": 0.86,
            "account_receivable_turnover_ratio": 3.09,
            "reinvestment_rate": null,
            "research_to_sale_ratio": 0.09,
            "price_fair": 48.72,
            "eps_avg_yearly": 1.39,
            "eps_latest_yearly": 0.52,
            "eps_growth_yearly": 846.99
        },
        "20104": {
            "year_quarter": 20104,
            "year": 2010,
            "quarter": 4,
            "eps": 0.08,
            "eps_growth_year": 171.22,
            "eps_4q": 0.99,
            "eps_4q_growth_year": 2584.59,
            "roe": 0.91,
            "roe_4q": 9.21,
            "gross_profit": 62523,
            "gross_margin": 4.31,
            "gross_margin_4q_avg": 11.9,
            "net_income": 44514,
            "net_income_4q": null,
            "revenue": 1449681,
            "revenue_4q": null,
            "common_shares": 3380955,
            "book_valuer_per_share": 12.78,
            "book_valuer_per_share_4q_avg": 12.36,
            "equity": 4891757,
            "current_ratio": 127.8,
            "debt_ratio": 34.2,
            "inventory_turnover_ratio": 0.99,
            "account_receivable_turnover_ratio": 2.71,
            "reinvestment_rate": null,
            "research_to_sale_ratio": 0.1,
            "price_fair": 42.47,
            "eps_avg_yearly": 1.21,
            "eps_latest_yearly": 0.32,
            "eps_growth_yearly": 680.19
        },
        "20111": {
            "year_quarter": 20111,
            "year": 2011,
            "quarter": 1,
            "eps": 0.29,
            "eps_growth_year": -25.64,
            "eps_4q": 0.89,
            "eps_4q_growth_year": 3.65,
            "roe": 2.05,
            "roe_4q": 8.34,
            "gross_profit": 187175,
            "gross_margin": 10.51,
            "gross_margin_4q_avg": 11.13,
            "net_income": 101767,
            "net_income_4q": null,
            "revenue": 1780680,
            "revenue_4q": null,
            "common_shares": 3380955,
            "book_valuer_per_share": 13.08,
            "book_valuer_per_share_4q_avg": 12.68,
            "equity": 5018450,
            "current_ratio": 127.4,
            "debt_ratio": 35.85,
            "inventory_turnover_ratio": 1.15,
            "account_receivable_turnover_ratio": 3.14,
            "reinvestment_rate": null,
            "research_to_sale_ratio": 0.07,
            "price_fair": 42.2,
            "eps_avg_yearly": 1.21,
            "eps_latest_yearly": 1.16,
            "eps_growth_yearly": 733.02
        },
        "20112": {
            "year_quarter": 20112,
            "year": 2011,
            "quarter": 2,
            "eps": 0.17,
            "eps_growth_year": -60,
            "eps_4q": 0.66,
            "eps_4q_growth_year": -53.81,
            "roe": 1.49,
            "roe_4q": 6.550000000000001,
            "gross_profit": 182744,
            "gross_margin": 10.06,
            "gross_margin_4q_avg": 9.98,
            "net_income": 75406,
            "net_income_4q": null,
            "revenue": 1817134,
            "revenue_4q": null,
            "common_shares": 3380955,
            "book_valuer_per_share": 13.24,
            "book_valuer_per_share_4q_avg": 12.95,
            "equity": 5080577,
            "current_ratio": 159.1,
            "debt_ratio": 35.85,
            "inventory_turnover_ratio": 1.11,
            "account_receivable_turnover_ratio": 3.07,
            "reinvestment_rate": null,
            "research_to_sale_ratio": 0.06,
            "price_fair": 39.9,
            "eps_avg_yearly": 1.14,
            "eps_latest_yearly": 0.68,
            "eps_growth_yearly": 620.7
        },
        "20113": {
            "year_quarter": 20113,
            "year": 2011,
            "quarter": 3,
            "eps": 0.09,
            "eps_growth_year": -25.98,
            "eps_4q": 0.63,
            "eps_4q_growth_year": -32.88,
            "roe": 1.85,
            "roe_4q": 6.3,
            "gross_profit": 218420,
            "gross_margin": 11.97,
            "gross_margin_4q_avg": 9.21,
            "net_income": 94882,
            "net_income_4q": null,
            "revenue": 1825414,
            "revenue_4q": null,
            "common_shares": 3380955,
            "book_valuer_per_share": 13.28,
            "book_valuer_per_share_4q_avg": 13.1,
            "equity": 5159595,
            "current_ratio": 225.74,
            "debt_ratio": 34.27,
            "inventory_turnover_ratio": 1.1,
            "account_receivable_turnover_ratio": 3.5,
            "reinvestment_rate": null,
            "research_to_sale_ratio": 0.08,
            "price_fair": 36.87,
            "eps_avg_yearly": 1.05,
            "eps_latest_yearly": 0.36,
            "eps_growth_yearly": 530.82
        },
        "20114": {
            "year_quarter": 20114,
            "year": 2011,
            "quarter": 4,
            "eps": -0.13,
            "eps_growth_year": -256.7,
            "eps_4q": 0.42,
            "eps_4q_growth_year": -57.64,
            "roe": -0.75,
            "roe_4q": 4.64,
            "gross_profit": 40359,
            "gross_margin": 2.78,
            "gross_margin_4q_avg": 8.83,
            "net_income": -38520,
            "net_income_4q": null,
            "revenue": 1453802,
            "revenue_4q": null,
            "common_shares": 3380955,
            "book_valuer_per_share": 13.14,
            "book_valuer_per_share_4q_avg": 13.19,
            "equity": 5115467,
            "current_ratio": 230.49,
            "debt_ratio": 33.43,
            "inventory_turnover_ratio": 0.96,
            "account_receivable_turnover_ratio": 2.76,
            "reinvestment_rate": null,
            "research_to_sale_ratio": 0.1,
            "price_fair": 36.87,
            "eps_avg_yearly": 1.05,
            "eps_latest_yearly": 0.36,
            "eps_growth_yearly": 530.82
        },
        "20121": {
            "year_quarter": 20121,
            "year": 2012,
            "quarter": 1,
            "eps": 0.11,
            "eps_growth_year": -62.07,
            "eps_4q": 0.03,
            "eps_4q_growth_year": -96.99,
            "roe": -0.56,
            "roe_4q": 2.0300000000000002,
            "gross_profit": 47252,
            "gross_margin": 3.02,
            "gross_margin_4q_avg": 6.96,
            "net_income": -29294,
            "net_income_4q": null,
            "revenue": 1566066,
            "revenue_4q": null,
            "common_shares": 3380955,
            "book_valuer_per_share": 13.14,
            "book_valuer_per_share_4q_avg": 13.2,
            "equity": 5319013,
            "current_ratio": 220.64,
            "debt_ratio": 37.06,
            "inventory_turnover_ratio": 0.91,
            "account_receivable_turnover_ratio": 2.73,
            "reinvestment_rate": null,
            "research_to_sale_ratio": 0.09,
            "price_fair": 36.87,
            "eps_avg_yearly": 1.05,
            "eps_latest_yearly": 0.36,
            "eps_growth_yearly": 530.82
        },
        "20122": {
            "year_quarter": 20122,
            "year": 2012,
            "quarter": 2,
            "eps": -0.03,
            "eps_growth_year": -119.91,
            "eps_4q": -0.17,
            "eps_4q_growth_year": -125.81,
            "roe": 0.3,
            "roe_4q": 0.8400000000000001,
            "gross_profit": 135004,
            "gross_margin": 7.84,
            "gross_margin_4q_avg": 6.4,
            "net_income": 16044,
            "net_income_4q": null,
            "revenue": 1721962,
            "revenue_4q": null,
            "common_shares": 3380955,
            "book_valuer_per_share": 12.97,
            "book_valuer_per_share_4q_avg": 13.13,
            "equity": 5313692,
            "current_ratio": 198.99,
            "debt_ratio": 39.22,
            "inventory_turnover_ratio": 0.81,
            "account_receivable_turnover_ratio": 2.83,
            "reinvestment_rate": null,
            "research_to_sale_ratio": 0.09,
            "price_fair": 28,
            "eps_avg_yearly": 0.8,
            "eps_latest_yearly": 0.36,
            "eps_growth_yearly": 589.71
        },
        "20123": {
            "year_quarter": 20123,
            "year": 2012,
            "quarter": 3,
            "eps": -0.58,
            "eps_growth_year": -728.04,
            "eps_4q": -0.82,
            "eps_4q_growth_year": -230.41,
            "roe": -3.03,
            "roe_4q": -4.04,
            "gross_profit": -43128,
            "gross_margin": -2.94,
            "gross_margin_4q_avg": 2.68,
            "net_income": -160638,
            "net_income_4q": null,
            "revenue": 1468727,
            "revenue_4q": null,
            "common_shares": 3880955,
            "book_valuer_per_share": 11.38,
            "book_valuer_per_share_4q_avg": 12.66,
            "equity": 5280579,
            "current_ratio": 203.84,
            "debt_ratio": 35.21,
            "inventory_turnover_ratio": 0.8,
            "account_receivable_turnover_ratio": 2.7,
            "reinvestment_rate": null,
            "research_to_sale_ratio": 0.09,
            "price_fair": 28,
            "eps_avg_yearly": 0.8,
            "eps_latest_yearly": 0.36,
            "eps_growth_yearly": 589.71
        },
        "20124": {
            "year_quarter": 20124,
            "year": 2012,
            "quarter": 4,
            "eps": -0.32,
            "eps_growth_year": null,
            "eps_4q": -1.03,
            "eps_4q_growth_year": -346.46,
            "roe": -2.21,
            "roe_4q": -5.5,
            "gross_profit": -18745,
            "gross_margin": -1.26,
            "gross_margin_4q_avg": 1.67,
            "net_income": -115627,
            "net_income_4q": null,
            "revenue": 1485612,
            "revenue_4q": null,
            "common_shares": 3880955,
            "book_valuer_per_share": 11.06,
            "book_valuer_per_share_4q_avg": 12.14,
            "equity": 5163139,
            "current_ratio": 191.54,
            "debt_ratio": 34.97,
            "inventory_turnover_ratio": 0.94,
            "account_receivable_turnover_ratio": 2.98,
            "reinvestment_rate": 775.02,
            "research_to_sale_ratio": 0.1,
            "price_fair": 28,
            "eps_avg_yearly": 0.8,
            "eps_latest_yearly": 0.36,
            "eps_growth_yearly": 589.71
        },
        "20131": {
            "year_quarter": 20131,
            "year": 2013,
            "quarter": 1,
            "eps": 0.13,
            "eps_growth_year": 18.18,
            "eps_4q": -0.8,
            "eps_4q_growth_year": -3083.22,
            "roe": 1.11,
            "roe_4q": -3.83,
            "gross_profit": 152948,
            "gross_margin": 9.24,
            "gross_margin_4q_avg": 3.22,
            "net_income": 57516,
            "net_income_4q": null,
            "revenue": 1655638,
            "revenue_4q": null,
            "common_shares": 3880955,
            "book_valuer_per_share": 11.05,
            "book_valuer_per_share_4q_avg": 11.62,
            "equity": 5162183,
            "current_ratio": 151.07,
            "debt_ratio": 36.24,
            "inventory_turnover_ratio": 1.01,
            "account_receivable_turnover_ratio": 3.18,
            "reinvestment_rate": 232.54,
            "research_to_sale_ratio": 1.46,
            "price_fair": 28,
            "eps_avg_yearly": 0.8,
            "eps_latest_yearly": 0.36,
            "eps_growth_yearly": 589.71
        },
        "20132": {
            "year_quarter": 20132,
            "year": 2013,
            "quarter": 2,
            "eps": -0.42,
            "eps_growth_year": null,
            "eps_4q": -1.19,
            "eps_4q_growth_year": null,
            "roe": -2.44,
            "roe_4q": -6.57,
            "gross_profit": -6080,
            "gross_margin": -0.44,
            "gross_margin_4q_avg": 1.15,
            "net_income": -124097,
            "net_income_4q": null,
            "revenue": 1383400,
            "revenue_4q": null,
            "common_shares": 3880955,
            "book_valuer_per_share": 10.61,
            "book_valuer_per_share_4q_avg": 11.03,
            "equity": 4990649,
            "current_ratio": 134.5,
            "debt_ratio": 38.29,
            "inventory_turnover_ratio": 0.93,
            "account_receivable_turnover_ratio": 2.92,
            "reinvestment_rate": 391.31,
            "research_to_sale_ratio": 0.1,
            "price_fair": 28,
            "eps_avg_yearly": 0.8,
            "eps_latest_yearly": 0.36,
            "eps_growth_yearly": 589.71
        },
        "20133": {
            "year_quarter": 20133,
            "year": 2013,
            "quarter": 3,
            "eps": 0.01,
            "eps_growth_year": null,
            "eps_4q": -0.6,
            "eps_4q_growth_year": null,
            "roe": 1.46,
            "roe_4q": -2.08,
            "gross_profit": 188107,
            "gross_margin": 12.55,
            "gross_margin_4q_avg": 5.02,
            "net_income": 73635,
            "net_income_4q": null,
            "revenue": 1498887,
            "revenue_4q": null,
            "common_shares": 3880955,
            "book_valuer_per_share": 10.64,
            "book_valuer_per_share_4q_avg": 10.84,
            "equity": 5070165,
            "current_ratio": 168.28,
            "debt_ratio": 36.13,
            "inventory_turnover_ratio": 0.89,
            "account_receivable_turnover_ratio": 3.45,
            "reinvestment_rate": null,
            "research_to_sale_ratio": 0.09,
            "price_fair": 28,
            "eps_avg_yearly": 0.8,
            "eps_latest_yearly": 0.36,
            "eps_growth_yearly": 589.71
        },
        "20134": {
            "year_quarter": 20134,
            "year": 2013,
            "quarter": 4,
            "eps": -0.05,
            "eps_growth_year": null,
            "eps_4q": -0.32,
            "eps_4q_growth_year": null,
            "roe": -0.5,
            "roe_4q": -0.3699999999999999,
            "gross_profit": 32144,
            "gross_margin": 2.38,
            "gross_margin_4q_avg": 5.93,
            "net_income": -25088,
            "net_income_4q": null,
            "revenue": 1347881,
            "revenue_4q": null,
            "common_shares": 3880955,
            "book_valuer_per_share": 10.61,
            "book_valuer_per_share_4q_avg": 10.73,
            "equity": 5049670,
            "current_ratio": 130.61,
            "debt_ratio": 36.81,
            "inventory_turnover_ratio": 0.89,
            "account_receivable_turnover_ratio": 3.48,
            "reinvestment_rate": null,
            "research_to_sale_ratio": 0.09,
            "price_fair": 31.4,
            "eps_avg_yearly": 0.9,
            "eps_latest_yearly": 0.36,
            "eps_growth_yearly": 728.14
        },
        "20141": {
            "year_quarter": 20141,
            "year": 2014,
            "quarter": 1,
            "eps": -0.14,
            "eps_growth_year": -207.69,
            "eps_4q": -0.59,
            "eps_4q_growth_year": null,
            "roe": -0.9,
            "roe_4q": -2.38,
            "gross_profit": 51492,
            "gross_margin": 3.51,
            "gross_margin_4q_avg": 4.5,
            "net_income": -45032,
            "net_income_4q": null,
            "revenue": 1468645,
            "revenue_4q": null,
            "common_shares": 3880955,
            "book_valuer_per_share": 10.46,
            "book_valuer_per_share_4q_avg": 10.58,
            "equity": 4993335,
            "current_ratio": 138.23,
            "debt_ratio": 35.21,
            "inventory_turnover_ratio": 1.03,
            "account_receivable_turnover_ratio": 4,
            "reinvestment_rate": null,
            "research_to_sale_ratio": 0.09,
            "price_fair": 27.53,
            "eps_avg_yearly": 0.79,
            "eps_latest_yearly": 0.36,
            "eps_growth_yearly": 49.5
        },
        "20142": {
            "year_quarter": 20142,
            "year": 2014,
            "quarter": 2,
            "eps": -0.06,
            "eps_growth_year": null,
            "eps_4q": -0.24,
            "eps_4q_growth_year": null,
            "roe": 0.25,
            "roe_4q": 0.31000000000000005,
            "gross_profit": 128053,
            "gross_margin": 8.64,
            "gross_margin_4q_avg": 6.77,
            "net_income": 12395,
            "net_income_4q": null,
            "revenue": 1482634,
            "revenue_4q": null,
            "common_shares": 3880955,
            "book_valuer_per_share": 10.41,
            "book_valuer_per_share_4q_avg": 10.53,
            "equity": 4944241,
            "current_ratio": 108.62,
            "debt_ratio": 37.77,
            "inventory_turnover_ratio": 1.04,
            "account_receivable_turnover_ratio": 3.89,
            "reinvestment_rate": null,
            "research_to_sale_ratio": 0.09,
            "price_fair": 21.28,
            "eps_avg_yearly": 0.61,
            "eps_latest_yearly": 0.36,
            "eps_growth_yearly": 53.24
        },
        "20143": {
            "year_quarter": 20143,
            "year": 2014,
            "quarter": 3,
            "eps": -0.09,
            "eps_growth_year": -1000,
            "eps_4q": -0.34,
            "eps_4q_growth_year": null,
            "roe": 0.75,
            "roe_4q": -0.4,
            "gross_profit": 163468,
            "gross_margin": 10.26,
            "gross_margin_4q_avg": 6.2,
            "net_income": 37157,
            "net_income_4q": null,
            "revenue": 1593465,
            "revenue_4q": null,
            "common_shares": 3848775,
            "book_valuer_per_share": 10.32,
            "book_valuer_per_share_4q_avg": 10.45,
            "equity": 4980831,
            "current_ratio": 121.21,
            "debt_ratio": 38.16,
            "inventory_turnover_ratio": 1.01,
            "account_receivable_turnover_ratio": 4.53,
            "reinvestment_rate": null,
            "research_to_sale_ratio": 0.08,
            "price_fair": 22.05,
            "eps_avg_yearly": 0.63,
            "eps_latest_yearly": 0.36,
            "eps_growth_yearly": 135.6
        },
        "20144": {
            "year_quarter": 20144,
            "year": 2014,
            "quarter": 4,
            "eps": -0.14,
            "eps_growth_year": null,
            "eps_4q": -0.44,
            "eps_4q_growth_year": null,
            "roe": -0.92,
            "roe_4q": -0.8200000000000001,
            "gross_profit": 24226,
            "gross_margin": 1.79,
            "gross_margin_4q_avg": 6.05,
            "net_income": -45861,
            "net_income_4q": null,
            "revenue": 1355664,
            "revenue_4q": null,
            "common_shares": 3848775,
            "book_valuer_per_share": 10.2,
            "book_valuer_per_share_4q_avg": 10.35,
            "equity": 5002142,
            "current_ratio": 105.04,
            "debt_ratio": 42.06,
            "inventory_turnover_ratio": 0.81,
            "account_receivable_turnover_ratio": 3.64,
            "reinvestment_rate": null,
            "research_to_sale_ratio": 0.09,
            "price_fair": 25.67,
            "eps_avg_yearly": 0.73,
            "eps_latest_yearly": 0.36,
            "eps_growth_yearly": 232.08
        },
        "20151": {
            "year_quarter": 20151,
            "year": 2015,
            "quarter": 1,
            "eps": -0.18,
            "eps_growth_year": null,
            "eps_4q": -0.48,
            "eps_4q_growth_year": null,
            "roe": -1.15,
            "roe_4q": -1.0699999999999998,
            "gross_profit": 50335,
            "gross_margin": 3.65,
            "gross_margin_4q_avg": 6.09,
            "net_income": -57394,
            "net_income_4q": null,
            "revenue": 1378182,
            "revenue_4q": null,
            "common_shares": 3848775,
            "book_valuer_per_share": 10.02,
            "book_valuer_per_share_4q_avg": 10.24,
            "equity": 4948437,
            "current_ratio": 97.17,
            "debt_ratio": 40.97,
            "inventory_turnover_ratio": 0.78,
            "account_receivable_turnover_ratio": 3.32,
            "reinvestment_rate": null,
            "research_to_sale_ratio": 0.09,
            "price_fair": 1.56,
            "eps_avg_yearly": 0.52,
            "eps_latest_yearly": 0.36,
            "eps_growth_yearly": -176.88
        },
        "20152": {
            "year_quarter": 20152,
            "year": 2015,
            "quarter": 2,
            "eps": 0.05,
            "eps_growth_year": null,
            "eps_4q": -0.37,
            "eps_4q_growth_year": null,
            "roe": 1.06,
            "roe_4q": -0.2599999999999998,
            "gross_profit": 164688,
            "gross_margin": 12.39,
            "gross_margin_4q_avg": 7.02,
            "net_income": 52388,
            "net_income_4q": null,
            "revenue": 1328950,
            "revenue_4q": null,
            "common_shares": 3848775,
            "book_valuer_per_share": 10.06,
            "book_valuer_per_share_4q_avg": 10.15,
            "equity": 4967231,
            "current_ratio": 104.71,
            "debt_ratio": 41.97,
            "inventory_turnover_ratio": 0.7,
            "account_receivable_turnover_ratio": 3.24,
            "reinvestment_rate": null,
            "research_to_sale_ratio": 0.08,
            "price_fair": 1.08,
            "eps_avg_yearly": 0.36,
            "eps_latest_yearly": 0.36,
            "eps_growth_yearly": -188.24
        },
        "20153": {
            "year_quarter": 20153,
            "year": 2015,
            "quarter": 3,
            "eps": -0.17,
            "eps_growth_year": null,
            "eps_4q": -0.44,
            "eps_4q_growth_year": null,
            "roe": 0,
            "roe_4q": -1.0099999999999998,
            "gross_profit": 146312,
            "gross_margin": 12.89,
            "gross_margin_4q_avg": 7.68,
            "net_income": 89,
            "net_income_4q": null,
            "revenue": 1135014,
            "revenue_4q": null,
            "common_shares": 3848775,
            "book_valuer_per_share": 9.89,
            "book_valuer_per_share_4q_avg": 10.04,
            "equity": 4968504,
            "current_ratio": 82.68,
            "debt_ratio": 38.66,
            "inventory_turnover_ratio": 0.59,
            "account_receivable_turnover_ratio": 3.15,
            "reinvestment_rate": null,
            "research_to_sale_ratio": 0.1,
            "price_fair": 0,
            "eps_avg_yearly": 0,
            "eps_latest_yearly": 0,
            "eps_growth_yearly": 0
        },
        "20154": {
            "year_quarter": 20154,
            "year": 2015,
            "quarter": 4,
            "eps": -0.23,
            "eps_growth_year": null,
            "eps_4q": -0.59,
            "eps_4q_growth_year": null,
            "roe": -1.32,
            "roe_4q": -1.41,
            "gross_profit": -499,
            "gross_margin": -0.05,
            "gross_margin_4q_avg": 7.22,
            "net_income": -64910,
            "net_income_4q": null,
            "revenue": 955583,
            "revenue_4q": null,
            "common_shares": 3271459,
            "book_valuer_per_share": 11.39,
            "book_valuer_per_share_4q_avg": 10.34,
            "equity": 4900440,
            "current_ratio": 131.23,
            "debt_ratio": 36.35,
            "inventory_turnover_ratio": 0.69,
            "account_receivable_turnover_ratio": 2.79,
            "reinvestment_rate": null,
            "research_to_sale_ratio": 0.11,
            "price_fair": 0,
            "eps_avg_yearly": 0,
            "eps_latest_yearly": 0,
            "eps_growth_yearly": 0
        },
        "20161": {
            "year_quarter": 20161,
            "year": 2016,
            "quarter": 1,
            "eps": -0.09,
            "eps_growth_year": null,
            "eps_4q": -0.47,
            "eps_4q_growth_year": null,
            "roe": -0.33,
            "roe_4q": -0.5900000000000001,
            "gross_profit": 89123,
            "gross_margin": 8.64,
            "gross_margin_4q_avg": 8.47,
            "net_income": -16138,
            "net_income_4q": null,
            "revenue": 1030974,
            "revenue_4q": null,
            "common_shares": 3271459,
            "book_valuer_per_share": 11.31,
            "book_valuer_per_share_4q_avg": 10.66,
            "equity": 4885227,
            "current_ratio": 114.62,
            "debt_ratio": 36.17,
            "inventory_turnover_ratio": 0.81,
            "account_receivable_turnover_ratio": 2.83,
            "reinvestment_rate": null,
            "research_to_sale_ratio": 0.11,
            "price_fair": 0,
            "eps_avg_yearly": 0,
            "eps_latest_yearly": 0,
            "eps_growth_yearly": 0
        },
        "20162": {
            "year_quarter": 20162,
            "year": 2016,
            "quarter": 2,
            "eps": 0.43,
            "eps_growth_year": 760,
            "eps_4q": -0.1,
            "eps_4q_growth_year": null,
            "roe": 3.46,
            "roe_4q": 1.8099999999999998,
            "gross_profit": 283079,
            "gross_margin": 22.69,
            "gross_margin_4q_avg": 11.04,
            "net_income": 171543,
            "net_income_4q": null,
            "revenue": 1247644,
            "revenue_4q": null,
            "common_shares": 3271459,
            "book_valuer_per_share": 11.74,
            "book_valuer_per_share_4q_avg": 11.08,
            "equity": 5023139,
            "current_ratio": 128.57,
            "debt_ratio": 38.82,
            "inventory_turnover_ratio": 0.72,
            "account_receivable_turnover_ratio": 3.24,
            "reinvestment_rate": null,
            "research_to_sale_ratio": 0.13,
            "price_fair": 0,
            "eps_avg_yearly": 0,
            "eps_latest_yearly": 0,
            "eps_growth_yearly": 0
        },
        "20163": {
            "year_quarter": 20163,
            "year": 2016,
            "quarter": 3,
            "eps": 0.1,
            "eps_growth_year": null,
            "eps_4q": 0.2,
            "eps_4q_growth_year": null,
            "roe": 1.58,
            "roe_4q": 3.3899999999999997,
            "gross_profit": 209841,
            "gross_margin": 19.53,
            "gross_margin_4q_avg": 12.7,
            "net_income": 79987,
            "net_income_4q": null,
            "revenue": 1074523,
            "revenue_4q": null,
            "common_shares": 3271459,
            "book_valuer_per_share": 11.84,
            "book_valuer_per_share_4q_avg": 11.57,
            "equity": 5104120,
            "current_ratio": 128.52,
            "debt_ratio": 36.02,
            "inventory_turnover_ratio": 0.59,
            "account_receivable_turnover_ratio": 2.83,
            "reinvestment_rate": null,
            "research_to_sale_ratio": 0.14,
            "price_fair": 1.2,
            "eps_avg_yearly": 0.4,
            "eps_latest_yearly": 0.4,
            "eps_growth_yearly": -306.98
        },
        "20164": {
            "year_quarter": 20164,
            "year": 2016,
            "quarter": 4,
            "eps": 0.14,
            "eps_growth_year": null,
            "eps_4q": 0.57,
            "eps_4q_growth_year": null,
            "roe": 0.95,
            "roe_4q": 5.66,
            "gross_profit": 150390,
            "gross_margin": 14.3,
            "gross_margin_4q_avg": 16.29,
            "net_income": 48578,
            "net_income_4q": null,
            "revenue": 1051476,
            "revenue_4q": null,
            "common_shares": 3271459,
            "book_valuer_per_share": 11.95,
            "book_valuer_per_share_4q_avg": 11.71,
            "equity": 5144067,
            "current_ratio": 119.01,
            "debt_ratio": 35.92,
            "inventory_turnover_ratio": 0.65,
            "account_receivable_turnover_ratio": 2.66,
            "reinvestment_rate": null,
            "research_to_sale_ratio": 0.14,
            "price_fair": 1.44,
            "eps_avg_yearly": 0.48,
            "eps_latest_yearly": 0.56,
            "eps_growth_yearly": -73.49
        },
        "20171": {
            "year_quarter": 20171,
            "year": 2017,
            "quarter": 1,
            "eps": 0.47,
            "eps_growth_year": null,
            "eps_4q": 1.13,
            "eps_4q_growth_year": null,
            "roe": 2.86,
            "roe_4q": 8.85,
            "gross_profit": 216473,
            "gross_margin": 18.53,
            "gross_margin_4q_avg": 18.76,
            "net_income": 149498,
            "net_income_4q": null,
            "revenue": 1168009,
            "revenue_4q": null,
            "common_shares": 3271459,
            "book_valuer_per_share": 12.42,
            "book_valuer_per_share_4q_avg": 11.99,
            "equity": 5311195,
            "current_ratio": 134.16,
            "debt_ratio": 34.07,
            "inventory_turnover_ratio": 0.67,
            "account_receivable_turnover_ratio": 2.76,
            "reinvestment_rate": null,
            "research_to_sale_ratio": 0.13,
            "price_fair": 33.13,
            "eps_avg_yearly": 0.95,
            "eps_latest_yearly": 1.88,
            "eps_growth_yearly": 265.29
        },
        "20172": {
            "year_quarter": 20172,
            "year": 2017,
            "quarter": 2,
            "eps": 0.08,
            "eps_growth_year": -81.4,
            "eps_4q": 0.78,
            "eps_4q_growth_year": null,
            "roe": 0.87,
            "roe_4q": 6.26,
            "gross_profit": 147317,
            "gross_margin": 17.38,
            "gross_margin_4q_avg": 17.44,
            "net_income": 45734,
            "net_income_4q": null,
            "revenue": 847852,
            "revenue_4q": null,
            "common_shares": 3271459,
            "book_valuer_per_share": 12.15,
            "book_valuer_per_share_4q_avg": 12.09,
            "equity": 5207969,
            "current_ratio": 127.94,
            "debt_ratio": 35.81,
            "inventory_turnover_ratio": 0.45,
            "account_receivable_turnover_ratio": 2.56,
            "reinvestment_rate": null,
            "research_to_sale_ratio": 0.17,
            "price_fair": 27.65,
            "eps_avg_yearly": 0.79,
            "eps_latest_yearly": 0.32,
            "eps_growth_yearly": 115.99
        },
        "20173": {
            "year_quarter": 20173,
            "year": 2017,
            "quarter": 3,
            "eps": 0.18,
            "eps_growth_year": 80,
            "eps_4q": 0.87,
            "eps_4q_growth_year": 331.34,
            "roe": 1.91,
            "roe_4q": 6.59,
            "gross_profit": 217168,
            "gross_margin": 17.03,
            "gross_margin_4q_avg": 16.81,
            "net_income": 100644,
            "net_income_4q": null,
            "revenue": 1275546,
            "revenue_4q": null,
            "common_shares": 3271459,
            "book_valuer_per_share": 12.33,
            "book_valuer_per_share_4q_avg": 12.21,
            "equity": 5308844,
            "current_ratio": 129.27,
            "debt_ratio": 32.01,
            "inventory_turnover_ratio": 0.73,
            "account_receivable_turnover_ratio": 3.96,
            "reinvestment_rate": 398.83,
            "research_to_sale_ratio": 0.1,
            "price_fair": 27.16,
            "eps_avg_yearly": 0.78,
            "eps_latest_yearly": 0.72,
            "eps_growth_yearly": 192.79
        },
        "20174": {
            "year_quarter": 20174,
            "year": 2017,
            "quarter": 4,
            "eps": 0.26,
            "eps_growth_year": 94.24,
            "eps_4q": 1,
            "eps_4q_growth_year": 75.59,
            "roe": 1.42,
            "roe_4q": 7.0600000000000005,
            "gross_profit": 167824,
            "gross_margin": 15.23,
            "gross_margin_4q_avg": 17.04,
            "net_income": 76108,
            "net_income_4q": null,
            "revenue": 1101597,
            "revenue_4q": null,
            "common_shares": 3271459,
            "book_valuer_per_share": 12.59,
            "book_valuer_per_share_4q_avg": 12.37,
            "equity": 5381622,
            "current_ratio": 135.21,
            "debt_ratio": 33.27,
            "inventory_turnover_ratio": 0.74,
            "account_receivable_turnover_ratio": 2.62,
            "reinvestment_rate": 127.23,
            "research_to_sale_ratio": 0.11,
            "price_fair": 28.7,
            "eps_avg_yearly": 0.82,
            "eps_latest_yearly": 1.04,
            "eps_growth_yearly": 190.29
        },
        "20181": {
            "year_quarter": 20181,
            "year": 2018,
            "quarter": 1,
            "eps": 0.19,
            "eps_growth_year": -59.57,
            "eps_4q": 0.73,
            "eps_4q_growth_year": -35.65,
            "roe": 0.73,
            "roe_4q": 4.93,
            "gross_profit": 135523,
            "gross_margin": 12.07,
            "gross_margin_4q_avg": 15.43,
            "net_income": 39119,
            "net_income_4q": null,
            "revenue": 1122501,
            "revenue_4q": null,
            "common_shares": 3271459,
            "book_valuer_per_share": 12.8,
            "book_valuer_per_share_4q_avg": 12.47,
            "equity": 5357414,
            "current_ratio": 129.09,
            "debt_ratio": 33.84,
            "inventory_turnover_ratio": 0.73,
            "account_receivable_turnover_ratio": 2.7,
            "reinvestment_rate": 40.69,
            "research_to_sale_ratio": 0.12,
            "price_fair": 28.4,
            "eps_avg_yearly": 0.81,
            "eps_latest_yearly": 0.76,
            "eps_growth_yearly": 147.72
        },
        "20182": {
            "year_quarter": 20182,
            "year": 2018,
            "quarter": 2,
            "eps": 0.1,
            "eps_growth_year": 25,
            "eps_4q": 0.72,
            "eps_4q_growth_year": -8.11,
            "roe": 0.22,
            "roe_4q": 4.28,
            "gross_profit": 130533,
            "gross_margin": 10.54,
            "gross_margin_4q_avg": 13.72,
            "net_income": 11843,
            "net_income_4q": null,
            "revenue": 1238922,
            "revenue_4q": null,
            "common_shares": 3418675,
            "book_valuer_per_share": 12.07,
            "book_valuer_per_share_4q_avg": 12.45,
            "equity": 5257172,
            "current_ratio": 117.07,
            "debt_ratio": 38.44,
            "inventory_turnover_ratio": 0.75,
            "account_receivable_turnover_ratio": 3.14,
            "reinvestment_rate": 38.13,
            "research_to_sale_ratio": 0.11,
            "price_fair": 26.6,
            "eps_avg_yearly": 0.76,
            "eps_latest_yearly": 0.4,
            "eps_growth_yearly": 105.57
        },
        "20183": {
            "year_quarter": 20183,
            "year": 2018,
            "quarter": 3,
            "eps": 0.1,
            "eps_growth_year": -44.44,
            "eps_4q": 0.64,
            "eps_4q_growth_year": -26.21,
            "roe": 0.86,
            "roe_4q": 3.23,
            "gross_profit": 170144,
            "gross_margin": 12.21,
            "gross_margin_4q_avg": 12.51,
            "net_income": 45177,
            "net_income_4q": null,
            "revenue": 1393824,
            "revenue_4q": null,
            "common_shares": 3418675,
            "book_valuer_per_share": 12.05,
            "book_valuer_per_share_4q_avg": 12.38,
            "equity": 5297192,
            "current_ratio": 110.76,
            "debt_ratio": 37.76,
            "inventory_turnover_ratio": 0.83,
            "account_receivable_turnover_ratio": 3.36,
            "reinvestment_rate": 116.12,
            "research_to_sale_ratio": 0.1,
            "price_fair": 25.2,
            "eps_avg_yearly": 0.72,
            "eps_latest_yearly": 0.4,
            "eps_growth_yearly": 93.84
        },
        "20184": {
            "year_quarter": 20184,
            "year": 2018,
            "quarter": 4,
            "eps": 0.12,
            "eps_growth_year": -53.56,
            "eps_4q": 0.51,
            "eps_4q_growth_year": -48.83,
            "roe": 0.97,
            "roe_4q": 2.7800000000000002,
            "gross_profit": 102679,
            "gross_margin": 8.31,
            "gross_margin_4q_avg": 10.78,
            "net_income": 51626,
            "net_income_4q": null,
            "revenue": 1235854,
            "revenue_4q": null,
            "common_shares": 3418675,
            "book_valuer_per_share": 12.1,
            "book_valuer_per_share_4q_avg": 12.26,
            "equity": 5327480,
            "current_ratio": 116.58,
            "debt_ratio": 38.92,
            "inventory_turnover_ratio": 0.8,
            "account_receivable_turnover_ratio": 3.21,
            "reinvestment_rate": 54.86,
            "research_to_sale_ratio": 0.13,
            "price_fair": 24.36,
            "eps_avg_yearly": 0.7,
            "eps_latest_yearly": 0.48,
            "eps_growth_yearly": 92.46
        },
        "20191": {
            "year_quarter": 20191,
            "year": 2019,
            "quarter": 1,
            "eps": -0.1,
            "eps_growth_year": -152.63,
            "eps_4q": 0.23,
            "eps_4q_growth_year": -68.49,
            "roe": -0.84,
            "roe_4q": 1.21,
            "gross_profit": 71082,
            "gross_margin": 6.32,
            "gross_margin_4q_avg": 9.35,
            "net_income": -44582,
            "net_income_4q": null,
            "revenue": 1125415,
            "revenue_4q": null,
            "common_shares": 3418675,
            "book_valuer_per_share": 12.07,
            "book_valuer_per_share_4q_avg": 12.07,
            "equity": 5309870,
            "current_ratio": 118.32,
            "debt_ratio": 38.06,
            "inventory_turnover_ratio": 0.79,
            "account_receivable_turnover_ratio": 2.92,
            "reinvestment_rate": 52.67,
            "research_to_sale_ratio": 0.16,
            "price_fair": 24.36,
            "eps_avg_yearly": 0.7,
            "eps_latest_yearly": 0.48,
            "eps_growth_yearly": 92.46
        },
        "20192": {
            "year_quarter": 20192,
            "year": 2019,
            "quarter": 2,
            "eps": -0.05,
            "eps_growth_year": -150,
            "eps_4q": 0.07,
            "eps_4q_growth_year": -89.84,
            "roe": -0.24,
            "roe_4q": 0.7499999999999999,
            "gross_profit": 90234,
            "gross_margin": 8.85,
            "gross_margin_4q_avg": 8.92,
            "net_income": -12341,
            "net_income_4q": null,
            "revenue": 1019075,
            "revenue_4q": null,
            "common_shares": 3418675,
            "book_valuer_per_share": 11.55,
            "book_valuer_per_share_4q_avg": 11.94,
            "equity": 5124950,
            "current_ratio": 115.88,
            "debt_ratio": 40.22,
            "inventory_turnover_ratio": 0.77,
            "account_receivable_turnover_ratio": 2.58,
            "reinvestment_rate": 85.61,
            "research_to_sale_ratio": 0.17,
            "price_fair": 24.36,
            "eps_avg_yearly": 0.7,
            "eps_latest_yearly": 0.48,
            "eps_growth_yearly": 92.46
        },
        "20193": {
            "year_quarter": 20193,
            "year": 2019,
            "quarter": 3,
            "eps": -0.14,
            "eps_growth_year": -240,
            "eps_4q": -0.16,
            "eps_4q_growth_year": -125.68,
            "roe": -0.52,
            "roe_4q": -0.6300000000000001,
            "gross_profit": 91585,
            "gross_margin": 9.53,
            "gross_margin_4q_avg": 8.25,
            "net_income": -26580,
            "net_income_4q": null,
            "revenue": 961233,
            "revenue_4q": null,
            "common_shares": 3418675,
            "book_valuer_per_share": 11.39,
            "book_valuer_per_share_4q_avg": 11.78,
            "equity": 5092982,
            "current_ratio": 102.84,
            "debt_ratio": 40.34,
            "inventory_turnover_ratio": 0.71,
            "account_receivable_turnover_ratio": 3.2,
            "reinvestment_rate": 96.07,
            "research_to_sale_ratio": 0.18,
            "price_fair": 24.36,
            "eps_avg_yearly": 0.7,
            "eps_latest_yearly": 0.48,
            "eps_growth_yearly": 92.46
        },
        "20194": {
            "year_quarter": 20194,
            "year": 2019,
            "quarter": 4,
            "eps": -0.21,
            "eps_growth_year": -271.59,
            "eps_4q": -0.5,
            "eps_4q_growth_year": -197.34,
            "roe": -1.4,
            "roe_4q": -3,
            "gross_profit": 6017,
            "gross_margin": 0.71,
            "gross_margin_4q_avg": 6.35,
            "net_income": -70694,
            "net_income_4q": null,
            "revenue": 848997,
            "revenue_4q": null,
            "common_shares": 3418675,
            "book_valuer_per_share": 11.22,
            "book_valuer_per_share_4q_avg": 11.56,
            "equity": 5029779,
            "current_ratio": 95.13,
            "debt_ratio": 39.89,
            "inventory_turnover_ratio": 0.77,
            "account_receivable_turnover_ratio": 3.07,
            "reinvestment_rate": 109.44,
            "research_to_sale_ratio": 0.2,
            "price_fair": 24.36,
            "eps_avg_yearly": 0.7,
            "eps_latest_yearly": 0.48,
            "eps_growth_yearly": 92.46
        },
        "20201": {
            "year_quarter": 20201,
            "year": 2020,
            "quarter": 1,
            "eps": -0.15,
            "eps_growth_year": null,
            "eps_4q": -0.55,
            "eps_4q_growth_year": -341.26,
            "roe": -1.25,
            "roe_4q": -3.41,
            "gross_profit": 20526,
            "gross_margin": 2.59,
            "gross_margin_4q_avg": 5.42,
            "net_income": -61964,
            "net_income_4q": null,
            "revenue": 793703,
            "revenue_4q": null,
            "common_shares": 3418675,
            "book_valuer_per_share": 10.85,
            "book_valuer_per_share_4q_avg": 11.25,
            "equity": 4861692,
            "current_ratio": 84.07,
            "debt_ratio": 40.97,
            "inventory_turnover_ratio": 0.82,
            "account_receivable_turnover_ratio": 2.76,
            "reinvestment_rate": 120.82,
            "research_to_sale_ratio": 0.22,
            "price_fair": 24.36,
            "eps_avg_yearly": 0.7,
            "eps_latest_yearly": 0.48,
            "eps_growth_yearly": 92.46
        },
        "20202": {
            "year_quarter": 20202,
            "year": 2020,
            "quarter": 2,
            "eps": -0.05,
            "eps_growth_year": null,
            "eps_4q": -0.55,
            "eps_4q_growth_year": -856.52,
            "roe": -0.34,
            "roe_4q": -3.5100000000000002,
            "gross_profit": 31550,
            "gross_margin": 4.46,
            "gross_margin_4q_avg": 4.32,
            "net_income": -16683,
            "net_income_4q": null,
            "revenue": 707434,
            "revenue_4q": null,
            "common_shares": 3418675,
            "book_valuer_per_share": 10.88,
            "book_valuer_per_share_4q_avg": 11.09,
            "equity": 4844752,
            "current_ratio": 82.93,
            "debt_ratio": 43.78,
            "inventory_turnover_ratio": 0.74,
            "account_receivable_turnover_ratio": 2.77,
            "reinvestment_rate": 159.45,
            "research_to_sale_ratio": 0.24,
            "price_fair": 24.36,
            "eps_avg_yearly": 0.7,
            "eps_latest_yearly": 0.48,
            "eps_growth_yearly": 92.46
        },
        "20203": {
            "year_quarter": 20203,
            "year": 2020,
            "quarter": 3,
            "eps": 0.03,
            "eps_growth_year": null,
            "eps_4q": -0.38,
            "eps_4q_growth_year": null,
            "roe": 1.4,
            "roe_4q": -1.59,
            "gross_profit": 170000,
            "gross_margin": 16.23,
            "gross_margin_4q_avg": 6,
            "net_income": 68437,
            "net_income_4q": null,
            "revenue": 1047214,
            "revenue_4q": null,
            "common_shares": 3418675,
            "book_valuer_per_share": 11,
            "book_valuer_per_share_4q_avg": 10.99,
            "equity": 4947973,
            "current_ratio": 91,
            "debt_ratio": 44.17,
            "inventory_turnover_ratio": 0.85,
            "account_receivable_turnover_ratio": 3.93,
            "reinvestment_rate": 167.63,
            "research_to_sale_ratio": 0.16,
            "price_fair": 25.51,
            "eps_avg_yearly": 0.73,
            "eps_latest_yearly": 0.48,
            "eps_growth_yearly": 136.84
        },
        "20204": {
            "year_quarter": 20204,
            "year": 2020,
            "quarter": 4,
            "eps": 0.21,
            "eps_growth_year": null,
            "eps_4q": 0.04,
            "eps_4q_growth_year": null,
            "roe": 1.49,
            "roe_4q": 1.2999999999999998,
            "gross_profit": 163696,
            "gross_margin": 16.29,
            "gross_margin_4q_avg": 9.89,
            "net_income": 76133,
            "net_income_4q": null,
            "revenue": 1005065,
            "revenue_4q": null,
            "common_shares": 3418675,
            "book_valuer_per_share": 12.04,
            "book_valuer_per_share_4q_avg": 11.19,
            "equity": 5271719,
            "current_ratio": 110.71,
            "debt_ratio": 43.84,
            "inventory_turnover_ratio": 0.75,
            "account_receivable_turnover_ratio": 3.44,
            "reinvestment_rate": -94.46,
            "research_to_sale_ratio": 0.11,
            "price_fair": 26.6,
            "eps_avg_yearly": 0.76,
            "eps_latest_yearly": 0.84,
            "eps_growth_yearly": 385.73
        },
        "20211": {
            "year_quarter": 20211,
            "year": 2021,
            "quarter": 1,
            "eps": 0.48,
            "eps_growth_year": null,
            "eps_4q": 0.68,
            "eps_4q_growth_year": null,
            "roe": 3.06,
            "roe_4q": 5.609999999999999,
            "gross_profit": 243079,
            "gross_margin": 23.65,
            "gross_margin_4q_avg": 15.16,
            "net_income": 163443,
            "net_income_4q": null,
            "revenue": 1027727,
            "revenue_4q": null,
            "common_shares": 3418675,
            "book_valuer_per_share": 12.62,
            "book_valuer_per_share_4q_avg": 11.64,
            "equity": 5413002,
            "current_ratio": 125.97,
            "debt_ratio": 45.61,
            "inventory_turnover_ratio": 0.57,
            "account_receivable_turnover_ratio": 3.53,
            "reinvestment_rate": -107.33,
            "research_to_sale_ratio": 0.17,
            "price_fair": 26.76,
            "eps_avg_yearly": 0.76,
            "eps_latest_yearly": 1.92,
            "eps_growth_yearly": 338.11
        },
        "20212": {
            "year_quarter": 20212,
            "year": 2021,
            "quarter": 2,
            "eps": 0.73,
            "eps_growth_year": null,
            "eps_4q": 1.48,
            "eps_4q_growth_year": null,
            "roe": 3.9,
            "roe_4q": 9.85,
            "gross_profit": 263519,
            "gross_margin": 22.24,
            "gross_margin_4q_avg": 19.6,
            "net_income": 218205,
            "net_income_4q": null,
            "revenue": 1184645,
            "revenue_4q": null,
            "common_shares": 3418675,
            "book_valuer_per_share": 14.14,
            "book_valuer_per_share_4q_avg": 12.45,
            "equity": 5767329,
            "current_ratio": 146.23,
            "debt_ratio": 46.83,
            "inventory_turnover_ratio": 0.54,
            "account_receivable_turnover_ratio": 3.42,
            "reinvestment_rate": -31.19,
            "research_to_sale_ratio": 0.13,
            "price_fair": 36.87,
            "eps_avg_yearly": 1.05,
            "eps_latest_yearly": 2.92,
            "eps_growth_yearly": 398.14
        },
        "20213": {
            "year_quarter": 20213,
            "year": 2021,
            "quarter": 3,
            "eps": 0.43,
            "eps_growth_year": 1333.33,
            "eps_4q": 1.87,
            "eps_4q_growth_year": null,
            "roe": 2.26,
            "roe_4q": 10.71,
            "gross_profit": 198368,
            "gross_margin": 22.86,
            "gross_margin_4q_avg": 21.26,
            "net_income": 129129,
            "net_income_4q": null,
            "revenue": 867864,
            "revenue_4q": null,
            "common_shares": 3418675,
            "book_valuer_per_share": 13.69,
            "book_valuer_per_share_4q_avg": 13.12,
            "equity": 5664335,
            "current_ratio": 131.05,
            "debt_ratio": 47.05,
            "inventory_turnover_ratio": 0.33,
            "account_receivable_turnover_ratio": 2.62,
            "reinvestment_rate": -29.14,
            "research_to_sale_ratio": 0.18,
            "price_fair": 40.76,
            "eps_avg_yearly": 1.16,
            "eps_latest_yearly": 1.72,
            "eps_growth_yearly": 324.32
        },
        "20214": {
            "year_quarter": 20214,
            "year": 2021,
            "quarter": 4,
            "eps": 0.33,
            "eps_growth_year": 55.99,
            "eps_4q": 1.99,
            "eps_4q_growth_year": 4479.63,
            "roe": 2,
            "roe_4q": 11.22,
            "gross_profit": 210512,
            "gross_margin": 22.03,
            "gross_margin_4q_avg": 22.7,
            "net_income": 118063,
            "net_income_4q": null,
            "revenue": 955770,
            "revenue_4q": null,
            "common_shares": 3418675,
            "book_valuer_per_share": 15.08,
            "book_valuer_per_share_4q_avg": 13.88,
            "equity": 6155571,
            "current_ratio": 132.45,
            "debt_ratio": 45.6,
            "inventory_turnover_ratio": 0.32,
            "account_receivable_turnover_ratio": 3.37,
            "reinvestment_rate": -19.31,
            "research_to_sale_ratio": 0.15,
            "price_fair": 41.84,
            "eps_avg_yearly": 1.2,
            "eps_latest_yearly": 1.32,
            "eps_growth_yearly": 294.23
        },
        "20221": {
            "year_quarter": 20221,
            "year": 2022,
            "quarter": 1,
            "eps": 0.13,
            "eps_growth_year": -72.92,
            "eps_4q": 1.63,
            "eps_4q_growth_year": 139.31,
            "roe": 0.79,
            "roe_4q": 8.95,
            "gross_profit": 147174,
            "gross_margin": 14.83,
            "gross_margin_4q_avg": 20.49,
            "net_income": 48682,
            "net_income_4q": null,
            "revenue": 992540,
            "revenue_4q": null,
            "common_shares": 3418675,
            "book_valuer_per_share": 14.99,
            "book_valuer_per_share_4q_avg": 14.48,
            "equity": 6138847,
            "current_ratio": 126,
            "debt_ratio": 44.22,
            "inventory_turnover_ratio": 0.41,
            "account_receivable_turnover_ratio": 3.01,
            "reinvestment_rate": 1.41,
            "research_to_sale_ratio": 0.1,
            "price_fair": 40.91,
            "eps_avg_yearly": 1.17,
            "eps_latest_yearly": 0.52,
            "eps_growth_yearly": 279.26
        },
        "20222": {
            "year_quarter": 20222,
            "year": 2022,
            "quarter": 2,
            "eps": 0.38,
            "eps_growth_year": -47.95,
            "eps_4q": 1.22,
            "eps_4q_growth_year": -17.43,
            "roe": 2.29,
            "roe_4q": 7.34,
            "gross_profit": 217592,
            "gross_margin": 21.46,
            "gross_margin_4q_avg": 20.3,
            "net_income": 136569,
            "net_income_4q": null,
            "revenue": 1014069,
            "revenue_4q": null,
            "common_shares": 3418675,
            "book_valuer_per_share": 13.87,
            "book_valuer_per_share_4q_avg": 14.41,
            "equity": 5771798,
            "current_ratio": 91.81,
            "debt_ratio": 45.4,
            "inventory_turnover_ratio": 0.46,
            "account_receivable_turnover_ratio": 3.18,
            "reinvestment_rate": 56.09,
            "research_to_sale_ratio": 0.09,
            "price_fair": 45.27,
            "eps_avg_yearly": 1.29,
            "eps_latest_yearly": 1.52,
            "eps_growth_yearly": 385.78
        },
        "20223": {
            "year_quarter": 20223,
            "year": 2022,
            "quarter": 3,
            "eps": 0.27,
            "eps_growth_year": -37.21,
            "eps_4q": 1.09,
            "eps_4q_growth_year": -41.96,
            "roe": 2.81,
            "roe_4q": 7.89,
            "gross_profit": 258131,
            "gross_margin": 28.62,
            "gross_margin_4q_avg": 21.74,
            "net_income": 164378,
            "net_income_4q": null,
            "revenue": 901999,
            "revenue_4q": null,
            "common_shares": 3623795,
            "book_valuer_per_share": 13.25,
            "book_valuer_per_share_4q_avg": 14.3,
            "equity": 5908806,
            "current_ratio": 100.02,
            "debt_ratio": 46.4,
            "inventory_turnover_ratio": 0.34,
            "account_receivable_turnover_ratio": 3.3,
            "reinvestment_rate": 30.78,
            "research_to_sale_ratio": 0.11,
            "price_fair": 47.91,
            "eps_avg_yearly": 1.37,
            "eps_latest_yearly": 1.08,
            "eps_growth_yearly": 372.91
        },
        "20224": {
            "year_quarter": 20224,
            "year": 2022,
            "quarter": 4,
            "eps": -0.08,
            "eps_growth_year": -124.73,
            "eps_4q": 0.69,
            "eps_4q_growth_year": -65.28,
            "roe": -0.92,
            "roe_4q": 4.97,
            "gross_profit": 36457,
            "gross_margin": 5.61,
            "gross_margin_4q_avg": 17.63,
            "net_income": -53647,
            "net_income_4q": null,
            "revenue": 649835,
            "revenue_4q": null,
            "common_shares": 3623795,
            "book_valuer_per_share": 12.9,
            "book_valuer_per_share_4q_avg": 13.75,
            "equity": 5756672,
            "current_ratio": 108.18,
            "debt_ratio": 45.86,
            "inventory_turnover_ratio": 0.31,
            "account_receivable_turnover_ratio": 2.95,
            "reinvestment_rate": 34.74,
            "research_to_sale_ratio": 0.08,
            "price_fair": 51.8,
            "eps_avg_yearly": 1.48,
            "eps_latest_yearly": 1.08,
            "eps_growth_yearly": 409.53
        },
        "20231": {
            "year_quarter": 20231,
            "year": 2023,
            "quarter": 1,
            "eps": -0.13,
            "eps_growth_year": -200,
            "eps_4q": 0.44,
            "eps_4q_growth_year": -73.31,
            "roe": -0.48,
            "roe_4q": 3.7,
            "gross_profit": 33556,
            "gross_margin": 5.04,
            "gross_margin_4q_avg": 15.18,
            "net_income": -27751,
            "net_income_4q": null,
            "revenue": 665913,
            "revenue_4q": null,
            "common_shares": 3623795,
            "book_valuer_per_share": 13.25,
            "book_valuer_per_share_4q_avg": 13.32,
            "equity": 5924612,
            "current_ratio": 113.64,
            "debt_ratio": 45.03,
            "inventory_turnover_ratio": 0.36,
            "account_receivable_turnover_ratio": 3.07,
            "reinvestment_rate": 54.83,
            "research_to_sale_ratio": 0.1,
            "price_fair": 51.8,
            "eps_avg_yearly": 1.48,
            "eps_latest_yearly": 1.08,
            "eps_growth_yearly": 409.53
        },
        "20232": {
            "year_quarter": 20232,
            "year": 2023,
            "quarter": 2,
            "eps": -0.26,
            "eps_growth_year": -168.42,
            "eps_4q": -0.2,
            "eps_4q_growth_year": -116.05,
            "roe": -1.13,
            "roe_4q": 0.28000000000000025,
            "gross_profit": -23907,
            "gross_margin": -3.02,
            "gross_margin_4q_avg": 9.06,
            "net_income": -68591,
            "net_income_4q": null,
            "revenue": 791684,
            "revenue_4q": null,
            "common_shares": 3623795,
            "book_valuer_per_share": 14.04,
            "book_valuer_per_share_4q_avg": 13.36,
            "equity": 6208979,
            "current_ratio": 126.62,
            "debt_ratio": 44.18,
            "inventory_turnover_ratio": 0.53,
            "account_receivable_turnover_ratio": 3.53,
            "reinvestment_rate": 71.95,
            "research_to_sale_ratio": 0.08,
            "price_fair": 51.8,
            "eps_avg_yearly": 1.48,
            "eps_latest_yearly": 1.08,
            "eps_growth_yearly": 409.53
        },
        "20233": {
            "year_quarter": 20233,
            "year": 2023,
            "quarter": 3,
            "eps": -0.12,
            "eps_growth_year": -144.44,
            "eps_4q": -0.48,
            "eps_4q_growth_year": -144.21,
            "roe": -0.22,
            "roe_4q": -2.75,
            "gross_profit": -18607,
            "gross_margin": -2.09,
            "gross_margin_4q_avg": 1.39,
            "net_income": -14441,
            "net_income_4q": null,
            "revenue": 890863,
            "revenue_4q": null,
            "common_shares": 4468747,
            "book_valuer_per_share": 12.39,
            "book_valuer_per_share_4q_avg": 13.15,
            "equity": 6627747,
            "current_ratio": 146.38,
            "debt_ratio": 43.48,
            "inventory_turnover_ratio": 0.72,
            "account_receivable_turnover_ratio": 3.25,
            "reinvestment_rate": 47.71,
            "research_to_sale_ratio": 0.09,
            "price_fair": 51.8,
            "eps_avg_yearly": 1.48,
            "eps_latest_yearly": 1.08,
            "eps_growth_yearly": 409.53
        }
    },
    "months": {
        "2001-06": {
            "month": "2001-06",
            "price": "1.49",
            "revenue": 261849
        },
        "2001-07": {
            "month": "2001-07",
            "price": "1.37",
            "revenue": 303062
        },
        "2001-08": {
            "month": "2001-08",
            "price": "1.40",
            "revenue": 306703
        },
        "2001-09": {
            "month": "2001-09",
            "price": "1.22",
            "revenue": 256798
        },
        "2001-10": {
            "month": "2001-10",
            "price": "1.15",
            "revenue": 297385
        },
        "2001-11": {
            "month": "2001-11",
            "price": "1.28",
            "revenue": 294104
        },
        "2001-12": {
            "month": "2001-12",
            "price": "1.38",
            "revenue": 342369
        },
        "2002-01": {
            "month": "2002-01",
            "price": "1.84",
            "revenue": 322044
        },
        "2002-02": {
            "month": "2002-02",
            "price": "2.23",
            "revenue": 269771
        },
        "2002-03": {
            "month": "2002-03",
            "price": "3.37",
            "revenue": 380569
        },
        "2002-04": {
            "month": "2002-04",
            "price": "4.21",
            "revenue": 403223
        },
        "2002-05": {
            "month": "2002-05",
            "price": "4.19",
            "revenue": 393019
        },
        "2002-06": {
            "month": "2002-06",
            "price": "4.60",
            "revenue": 318287
        },
        "2002-07": {
            "month": "2002-07",
            "price": "4.99",
            "revenue": 478128
        },
        "2002-08": {
            "month": "2002-08",
            "price": "4.83",
            "revenue": 435762
        },
        "2002-09": {
            "month": "2002-09",
            "price": "4.79",
            "revenue": 403518
        },
        "2002-10": {
            "month": "2002-10",
            "price": "5.34",
            "revenue": 404253
        },
        "2002-11": {
            "month": "2002-11",
            "price": "6.51",
            "revenue": 341394
        },
        "2002-12": {
            "month": "2002-12",
            "price": "6.86",
            "revenue": 459321
        },
        "2003-01": {
            "month": "2003-01",
            "price": "7.69",
            "revenue": 466330
        },
        "2003-02": {
            "month": "2003-02",
            "price": "8.33",
            "revenue": 383390
        },
        "2003-03": {
            "month": "2003-03",
            "price": "7.10",
            "revenue": 491621
        },
        "2003-04": {
            "month": "2003-04",
            "price": "7.10",
            "revenue": 382371
        },
        "2003-05": {
            "month": "2003-05",
            "price": "6.60",
            "revenue": 280450
        },
        "2003-06": {
            "month": "2003-06",
            "price": "7.26",
            "revenue": 304303
        },
        "2003-07": {
            "month": "2003-07",
            "price": "8.34",
            "revenue": 373989
        },
        "2003-08": {
            "month": "2003-08",
            "price": "8.24",
            "revenue": 377320
        },
        "2003-09": {
            "month": "2003-09",
            "price": "7.75",
            "revenue": 286201
        },
        "2003-10": {
            "month": "2003-10",
            "price": "7.68",
            "revenue": 385368
        },
        "2003-11": {
            "month": "2003-11",
            "price": "7.78",
            "revenue": 367844
        },
        "2003-12": {
            "month": "2003-12",
            "price": "7.89",
            "revenue": 454893
        },
        "2004-01": {
            "month": "2004-01",
            "price": "9.55",
            "revenue": 461576
        },
        "2004-02": {
            "month": "2004-02",
            "price": "10.62",
            "revenue": 467268
        },
        "2004-03": {
            "month": "2004-03",
            "price": "14.15",
            "revenue": 574070
        },
        "2004-04": {
            "month": "2004-04",
            "price": "12.65",
            "revenue": 569556
        },
        "2004-05": {
            "month": "2004-05",
            "price": "10.27",
            "revenue": 477131
        },
        "2004-06": {
            "month": "2004-06",
            "price": "9.49",
            "revenue": 477309
        },
        "2004-07": {
            "month": "2004-07",
            "price": "9.00",
            "revenue": 597645
        },
        "2004-08": {
            "month": "2004-08",
            "price": "9.10",
            "revenue": 525948
        },
        "2004-09": {
            "month": "2004-09",
            "price": "12.95",
            "revenue": 569805
        },
        "2004-10": {
            "month": "2004-10",
            "price": "13.40",
            "revenue": 543016
        },
        "2004-11": {
            "month": "2004-11",
            "price": "12.08",
            "revenue": 473794
        },
        "2004-12": {
            "month": "2004-12",
            "price": "11.82",
            "revenue": 479193
        },
        "2005-01": {
            "month": "2005-01",
            "price": "10.76",
            "revenue": 632153
        },
        "2005-02": {
            "month": "2005-02",
            "price": "10.42",
            "revenue": 441570
        },
        "2005-03": {
            "month": "2005-03",
            "price": "9.88",
            "revenue": 654198
        },
        "2005-04": {
            "month": "2005-04",
            "price": "7.80",
            "revenue": 490223
        },
        "2005-05": {
            "month": "2005-05",
            "price": "6.48",
            "revenue": 364233
        },
        "2005-06": {
            "month": "2005-06",
            "price": "7.19",
            "revenue": 427183
        },
        "2005-07": {
            "month": "2005-07",
            "price": "6.99",
            "revenue": 389899
        },
        "2005-08": {
            "month": "2005-08",
            "price": "6.48",
            "revenue": 320570
        },
        "2005-09": {
            "month": "2005-09",
            "price": "6.20",
            "revenue": 305263
        },
        "2005-10": {
            "month": "2005-10",
            "price": "4.87",
            "revenue": 360232
        },
        "2005-11": {
            "month": "2005-11",
            "price": "4.02",
            "revenue": 366463
        },
        "2005-12": {
            "month": "2005-12",
            "price": "4.53",
            "revenue": 326882
        },
        "2006-01": {
            "month": "2006-01",
            "price": "4.70",
            "revenue": 380662
        },
        "2006-02": {
            "month": "2006-02",
            "price": "5.56",
            "revenue": 301095
        },
        "2006-03": {
            "month": "2006-03",
            "price": "5.09",
            "revenue": 403060
        },
        "2006-04": {
            "month": "2006-04",
            "price": "5.97",
            "revenue": 488469
        },
        "2006-05": {
            "month": "2006-05",
            "price": "5.95",
            "revenue": 497880
        },
        "2006-06": {
            "month": "2006-06",
            "price": "6.19",
            "revenue": 504205
        },
        "2006-07": {
            "month": "2006-07",
            "price": "5.89",
            "revenue": 330636
        },
        "2006-08": {
            "month": "2006-08",
            "price": "5.20",
            "revenue": 374838
        },
        "2006-09": {
            "month": "2006-09",
            "price": "4.90",
            "revenue": 382711
        },
        "2006-10": {
            "month": "2006-10",
            "price": "6.14",
            "revenue": 403340
        },
        "2006-11": {
            "month": "2006-11",
            "price": "6.08",
            "revenue": 459028
        },
        "2006-12": {
            "month": "2006-12",
            "price": "6.83",
            "revenue": 350784
        },
        "2007-01": {
            "month": "2007-01",
            "price": "6.25",
            "revenue": 480296
        },
        "2007-02": {
            "month": "2007-02",
            "price": "6.52",
            "revenue": 382609
        },
        "2007-03": {
            "month": "2007-03",
            "price": "8.19",
            "revenue": 530963
        },
        "2007-04": {
            "month": "2007-04",
            "price": "10.27",
            "revenue": 385492
        },
        "2007-05": {
            "month": "2007-05",
            "price": "10.03",
            "revenue": 521277
        },
        "2007-06": {
            "month": "2007-06",
            "price": "9.05",
            "revenue": 501800
        },
        "2007-07": {
            "month": "2007-07",
            "price": "9.70",
            "revenue": 359918
        },
        "2007-08": {
            "month": "2007-08",
            "price": "8.45",
            "revenue": 350089
        },
        "2007-09": {
            "month": "2007-09",
            "price": "8.28",
            "revenue": 418297
        },
        "2007-10": {
            "month": "2007-10",
            "price": "8.09",
            "revenue": 439911
        },
        "2007-11": {
            "month": "2007-11",
            "price": "7.02",
            "revenue": 455176
        },
        "2007-12": {
            "month": "2007-12",
            "price": "6.46",
            "revenue": 498619
        },
        "2008-01": {
            "month": "2008-01",
            "price": "6.51",
            "revenue": 523345
        },
        "2008-02": {
            "month": "2008-02",
            "price": "7.57",
            "revenue": 519854
        },
        "2008-03": {
            "month": "2008-03",
            "price": "8.19",
            "revenue": 633273
        },
        "2008-04": {
            "month": "2008-04",
            "price": "10.84",
            "revenue": 673249
        },
        "2008-05": {
            "month": "2008-05",
            "price": "15.45",
            "revenue": 700273
        },
        "2008-06": {
            "month": "2008-06",
            "price": "14.24",
            "revenue": 686475
        },
        "2008-07": {
            "month": "2008-07",
            "price": "12.72",
            "revenue": 484023
        },
        "2008-08": {
            "month": "2008-08",
            "price": "10.47",
            "revenue": 259324
        },
        "2008-09": {
            "month": "2008-09",
            "price": "7.76",
            "revenue": 217471
        },
        "2008-10": {
            "month": "2008-10",
            "price": "5.10",
            "revenue": 134611
        },
        "2008-11": {
            "month": "2008-11",
            "price": "4.55",
            "revenue": 150430
        },
        "2008-12": {
            "month": "2008-12",
            "price": "4.47",
            "revenue": 156338
        },
        "2009-01": {
            "month": "2009-01",
            "price": "5.00",
            "revenue": 250222
        },
        "2009-02": {
            "month": "2009-02",
            "price": "5.11",
            "revenue": 260069
        },
        "2009-03": {
            "month": "2009-03",
            "price": "5.44",
            "revenue": 199764
        },
        "2009-04": {
            "month": "2009-04",
            "price": "7.05",
            "revenue": 283582
        },
        "2009-05": {
            "month": "2009-05",
            "price": "6.87",
            "revenue": 318786
        },
        "2009-06": {
            "month": "2009-06",
            "price": "6.38",
            "revenue": 350695
        },
        "2009-07": {
            "month": "2009-07",
            "price": "6.32",
            "revenue": 415888
        },
        "2009-08": {
            "month": "2009-08",
            "price": "6.99",
            "revenue": 451105
        },
        "2009-09": {
            "month": "2009-09",
            "price": "6.57",
            "revenue": 470910
        },
        "2009-10": {
            "month": "2009-10",
            "price": "7.91",
            "revenue": 335373
        },
        "2009-11": {
            "month": "2009-11",
            "price": "8.64",
            "revenue": 405712
        },
        "2009-12": {
            "month": "2009-12",
            "price": "9.40",
            "revenue": 451975
        },
        "2010-01": {
            "month": "2010-01",
            "price": "10.95",
            "revenue": 441722
        },
        "2010-02": {
            "month": "2010-02",
            "price": "9.76",
            "revenue": 397525
        },
        "2010-03": {
            "month": "2010-03",
            "price": "10.39",
            "revenue": 465387
        },
        "2010-04": {
            "month": "2010-04",
            "price": "10.86",
            "revenue": 480927
        },
        "2010-05": {
            "month": "2010-05",
            "price": "10.02",
            "revenue": 488712
        },
        "2010-06": {
            "month": "2010-06",
            "price": "9.51",
            "revenue": 415918
        },
        "2010-07": {
            "month": "2010-07",
            "price": "9.56",
            "revenue": 434397
        },
        "2010-08": {
            "month": "2010-08",
            "price": "10.58",
            "revenue": 468073
        },
        "2010-09": {
            "month": "2010-09",
            "price": "11.42",
            "revenue": 476391
        },
        "2010-10": {
            "month": "2010-10",
            "price": "11.06",
            "revenue": 428299
        },
        "2010-11": {
            "month": "2010-11",
            "price": "10.43",
            "revenue": 444022
        },
        "2010-12": {
            "month": "2010-12",
            "price": "11.09",
            "revenue": 468063
        },
        "2011-01": {
            "month": "2011-01",
            "price": "12.08",
            "revenue": 528193
        },
        "2011-02": {
            "month": "2011-02",
            "price": "12.11",
            "revenue": 546497
        },
        "2011-03": {
            "month": "2011-03",
            "price": "11.62",
            "revenue": 599456
        },
        "2011-04": {
            "month": "2011-04",
            "price": "11.61",
            "revenue": 609519
        },
        "2011-05": {
            "month": "2011-05",
            "price": "10.78",
            "revenue": 507265
        },
        "2011-06": {
            "month": "2011-06",
            "price": "10.79",
            "revenue": 537782
        },
        "2011-07": {
            "month": "2011-07",
            "price": "10.56",
            "revenue": 512838
        },
        "2011-08": {
            "month": "2011-08",
            "price": "9.19",
            "revenue": 552348
        },
        "2011-09": {
            "month": "2011-09",
            "price": "8.50",
            "revenue": 529014
        },
        "2011-10": {
            "month": "2011-10",
            "price": "7.89",
            "revenue": 496564
        },
        "2011-11": {
            "month": "2011-11",
            "price": "7.15",
            "revenue": 427320
        },
        "2011-12": {
            "month": "2011-12",
            "price": "6.36",
            "revenue": 420695
        },
        "2012-01": {
            "month": "2012-01",
            "price": "6.79",
            "revenue": 423373
        },
        "2012-02": {
            "month": "2012-02",
            "price": "8.84",
            "revenue": 515964
        },
        "2012-03": {
            "month": "2012-03",
            "price": "10.30",
            "revenue": 516144
        },
        "2012-04": {
            "month": "2012-04",
            "price": "8.07",
            "revenue": 565309
        },
        "2012-05": {
            "month": "2012-05",
            "price": "7.28",
            "revenue": 498082
        },
        "2012-06": {
            "month": "2012-06",
            "price": "6.80",
            "revenue": 501518
        },
        "2012-07": {
            "month": "2012-07",
            "price": "6.77",
            "revenue": 413590
        },
        "2012-08": {
            "month": "2012-08",
            "price": "6.87",
            "revenue": 417385
        },
        "2012-09": {
            "month": "2012-09",
            "price": "7.12",
            "revenue": 404536
        },
        "2012-10": {
            "month": "2012-10",
            "price": "6.93",
            "revenue": 444702
        },
        "2012-11": {
            "month": "2012-11",
            "price": "6.42",
            "revenue": 440014
        },
        "2012-12": {
            "month": "2012-12",
            "price": "6.90",
            "revenue": 479866
        },
        "2013-01": {
            "month": "2013-01",
            "price": "8.02",
            "revenue": 523958
        },
        "2013-02": {
            "month": "2013-02",
            "price": "7.80",
            "revenue": 581963
        },
        "2013-03": {
            "month": "2013-03",
            "price": "7.31",
            "revenue": 549717
        },
        "2013-04": {
            "month": "2013-04",
            "price": "7.00",
            "revenue": 471070
        },
        "2013-05": {
            "month": "2013-05",
            "price": "7.21",
            "revenue": 453613
        },
        "2013-06": {
            "month": "2013-06",
            "price": "6.94",
            "revenue": 458716
        },
        "2013-07": {
            "month": "2013-07",
            "price": "6.90",
            "revenue": 523494
        },
        "2013-08": {
            "month": "2013-08",
            "price": "6.94",
            "revenue": 526441
        },
        "2013-09": {
            "month": "2013-09",
            "price": "6.87",
            "revenue": 448952
        },
        "2013-10": {
            "month": "2013-10",
            "price": "6.90",
            "revenue": 494902
        },
        "2013-11": {
            "month": "2013-11",
            "price": "6.56",
            "revenue": 426768
        },
        "2013-12": {
            "month": "2013-12",
            "price": "6.76",
            "revenue": 426175
        },
        "2014-01": {
            "month": "2014-01",
            "price": "7.16",
            "revenue": 448033
        },
        "2014-02": {
            "month": "2014-02",
            "price": "6.97",
            "revenue": 492749
        },
        "2014-03": {
            "month": "2014-03",
            "price": "6.80",
            "revenue": 527863
        },
        "2014-04": {
            "month": "2014-04",
            "price": "6.81",
            "revenue": 490552
        },
        "2014-05": {
            "month": "2014-05",
            "price": "6.54",
            "revenue": 482579
        },
        "2014-06": {
            "month": "2014-06",
            "price": "6.41",
            "revenue": 509502
        },
        "2014-07": {
            "month": "2014-07",
            "price": "6.47",
            "revenue": 532543
        },
        "2014-08": {
            "month": "2014-08",
            "price": "6.72",
            "revenue": 564289
        },
        "2014-09": {
            "month": "2014-09",
            "price": "6.68",
            "revenue": 496634
        },
        "2014-10": {
            "month": "2014-10",
            "price": "6.33",
            "revenue": 462454
        },
        "2014-11": {
            "month": "2014-11",
            "price": "6.11",
            "revenue": 451021
        },
        "2014-12": {
            "month": "2014-12",
            "price": "6.10",
            "revenue": 442191
        },
        "2015-01": {
            "month": "2015-01",
            "price": "6.09",
            "revenue": 471485
        },
        "2015-02": {
            "month": "2015-02",
            "price": "6.02",
            "revenue": 442279
        },
        "2015-03": {
            "month": "2015-03",
            "price": "5.82",
            "revenue": 464415
        },
        "2015-04": {
            "month": "2015-04",
            "price": "5.57",
            "revenue": 461520
        },
        "2015-05": {
            "month": "2015-05",
            "price": "5.58",
            "revenue": 438056
        },
        "2015-06": {
            "month": "2015-06",
            "price": "5.10",
            "revenue": 429376
        },
        "2015-07": {
            "month": "2015-07",
            "price": "4.94",
            "revenue": 413062
        },
        "2015-08": {
            "month": "2015-08",
            "price": "5.05",
            "revenue": 392860
        },
        "2015-09": {
            "month": "2015-09",
            "price": "5.40",
            "revenue": 329092
        },
        "2015-10": {
            "month": "2015-10",
            "price": "5.58",
            "revenue": 341432
        },
        "2015-11": {
            "month": "2015-11",
            "price": "5.56",
            "revenue": 302254
        },
        "2015-12": {
            "month": "2015-12",
            "price": "5.24",
            "revenue": 311790
        },
        "2016-01": {
            "month": "2016-01",
            "price": "6.40",
            "revenue": 320097
        },
        "2016-02": {
            "month": "2016-02",
            "price": "6.97",
            "revenue": 322553
        },
        "2016-03": {
            "month": "2016-03",
            "price": "7.45",
            "revenue": 388325
        },
        "2016-04": {
            "month": "2016-04",
            "price": "7.02",
            "revenue": 415622
        },
        "2016-05": {
            "month": "2016-05",
            "price": "6.45",
            "revenue": 446939
        },
        "2016-06": {
            "month": "2016-06",
            "price": "6.49",
            "revenue": 385083
        },
        "2016-07": {
            "month": "2016-07",
            "price": "7.26",
            "revenue": 369631
        },
        "2016-08": {
            "month": "2016-08",
            "price": "8.22",
            "revenue": 368669
        },
        "2016-09": {
            "month": "2016-09",
            "price": "8.39",
            "revenue": 336227
        },
        "2016-10": {
            "month": "2016-10",
            "price": "8.21",
            "revenue": 329060
        },
        "2016-11": {
            "month": "2016-11",
            "price": "8.52",
            "revenue": 352080
        },
        "2016-12": {
            "month": "2016-12",
            "price": "8.48",
            "revenue": 370333
        },
        "2017-01": {
            "month": "2017-01",
            "price": "8.66",
            "revenue": 377567
        },
        "2017-02": {
            "month": "2017-02",
            "price": "9.45",
            "revenue": 376011
        },
        "2017-03": {
            "month": "2017-03",
            "price": "10.12",
            "revenue": 414430
        },
        "2017-04": {
            "month": "2017-04",
            "price": "9.85",
            "revenue": 340420
        },
        "2017-05": {
            "month": "2017-05",
            "price": "9.30",
            "revenue": 246892
        },
        "2017-06": {
            "month": "2017-06",
            "price": "8.83",
            "revenue": 260550
        },
        "2017-07": {
            "month": "2017-07",
            "price": "8.78",
            "revenue": 310920
        },
        "2017-08": {
            "month": "2017-08",
            "price": "9.21",
            "revenue": 474537
        },
        "2017-09": {
            "month": "2017-09",
            "price": "9.07",
            "revenue": 490080
        },
        "2017-10": {
            "month": "2017-10",
            "price": "9.06",
            "revenue": 346986
        },
        "2017-11": {
            "month": "2017-11",
            "price": "9.43",
            "revenue": 335652
        },
        "2017-12": {
            "month": "2017-12",
            "price": "9.61",
            "revenue": 418959
        },
        "2018-01": {
            "month": "2018-01",
            "price": "10.68",
            "revenue": 370226
        },
        "2018-02": {
            "month": "2018-02",
            "price": "10.93",
            "revenue": 331285
        },
        "2018-03": {
            "month": "2018-03",
            "price": "10.87",
            "revenue": 421025
        },
        "2018-04": {
            "month": "2018-04",
            "price": "11.00",
            "revenue": 406935
        },
        "2018-05": {
            "month": "2018-05",
            "price": "10.60",
            "revenue": 409226
        },
        "2018-06": {
            "month": "2018-06",
            "price": "10.18",
            "revenue": 422585
        },
        "2018-07": {
            "month": "2018-07",
            "price": "9.30",
            "revenue": 445888
        },
        "2018-08": {
            "month": "2018-08",
            "price": "9.38",
            "revenue": 463994
        },
        "2018-09": {
            "month": "2018-09",
            "price": "9.19",
            "revenue": 483963
        },
        "2018-10": {
            "month": "2018-10",
            "price": "8.56",
            "revenue": 435245
        },
        "2018-11": {
            "month": "2018-11",
            "price": "8.24",
            "revenue": 450888
        },
        "2018-12": {
            "month": "2018-12",
            "price": "8.21",
            "revenue": 349856
        },
        "2019-01": {
            "month": "2019-01",
            "price": "8.08",
            "revenue": 344306
        },
        "2019-02": {
            "month": "2019-02",
            "price": "8.10",
            "revenue": 333185
        },
        "2019-03": {
            "month": "2019-03",
            "price": "8.12",
            "revenue": 447924
        },
        "2019-04": {
            "month": "2019-04",
            "price": "8.15",
            "revenue": 339243
        },
        "2019-05": {
            "month": "2019-05",
            "price": "8.09",
            "revenue": 321986
        },
        "2019-06": {
            "month": "2019-06",
            "price": "8.03",
            "revenue": 357850
        },
        "2019-07": {
            "month": "2019-07",
            "price": "7.54",
            "revenue": 335175
        },
        "2019-08": {
            "month": "2019-08",
            "price": "7.00",
            "revenue": 369620
        },
        "2019-09": {
            "month": "2019-09",
            "price": "6.92",
            "revenue": 256471
        },
        "2019-10": {
            "month": "2019-10",
            "price": "6.53",
            "revenue": 247303
        },
        "2019-11": {
            "month": "2019-11",
            "price": "6.59",
            "revenue": 311949
        },
        "2019-12": {
            "month": "2019-12",
            "price": "6.70",
            "revenue": 289754
        },
        "2020-01": {
            "month": "2020-01",
            "price": "6.64",
            "revenue": 232987
        },
        "2020-02": {
            "month": "2020-02",
            "price": "6.26",
            "revenue": 287832
        },
        "2020-03": {
            "month": "2020-03",
            "price": "6.32",
            "revenue": 272899
        },
        "2020-04": {
            "month": "2020-04",
            "price": "6.38",
            "revenue": 221852
        },
        "2020-05": {
            "month": "2020-05",
            "price": "6.78",
            "revenue": 232659
        },
        "2020-06": {
            "month": "2020-06",
            "price": "8.03",
            "revenue": 252864
        },
        "2020-07": {
            "month": "2020-07",
            "price": "7.74",
            "revenue": 294933
        },
        "2020-08": {
            "month": "2020-08",
            "price": "7.78",
            "revenue": 440394
        },
        "2020-09": {
            "month": "2020-09",
            "price": "8.66",
            "revenue": 337016
        },
        "2020-10": {
            "month": "2020-10",
            "price": "8.48",
            "revenue": 329038
        },
        "2020-11": {
            "month": "2020-11",
            "price": "8.72",
            "revenue": 310408
        },
        "2020-12": {
            "month": "2020-12",
            "price": "11.01",
            "revenue": 365613
        },
        "2021-01": {
            "month": "2021-01",
            "price": "10.98",
            "revenue": 340450
        },
        "2021-02": {
            "month": "2021-02",
            "price": "10.83",
            "revenue": 307501
        },
        "2021-03": {
            "month": "2021-03",
            "price": "11.92",
            "revenue": 379823
        },
        "2021-04": {
            "month": "2021-04",
            "price": "19.44",
            "revenue": 406409
        },
        "2021-05": {
            "month": "2021-05",
            "price": "20.88",
            "revenue": 369782
        },
        "2021-06": {
            "month": "2021-06",
            "price": "23.86",
            "revenue": 408357
        },
        "2021-07": {
            "month": "2021-07",
            "price": "30.77",
            "revenue": 308831
        },
        "2021-08": {
            "month": "2021-08",
            "price": "26.53",
            "revenue": 272160
        },
        "2021-09": {
            "month": "2021-09",
            "price": "23.50",
            "revenue": 286845
        },
        "2021-10": {
            "month": "2021-10",
            "price": "20.65",
            "revenue": 267296
        },
        "2021-11": {
            "month": "2021-11",
            "price": "20.20",
            "revenue": 330687
        },
        "2021-12": {
            "month": "2021-12",
            "price": "20.15",
            "revenue": 357864
        },
        "2022-01": {
            "month": "2022-01",
            "price": "18.44",
            "revenue": 318136
        },
        "2022-02": {
            "month": "2022-02",
            "price": "18.72",
            "revenue": 256202
        },
        "2022-03": {
            "month": "2022-03",
            "price": "19.47",
            "revenue": 418202
        },
        "2022-04": {
            "month": "2022-04",
            "price": "18.72",
            "revenue": 401303
        },
        "2022-05": {
            "month": "2022-05",
            "price": "15.85",
            "revenue": 346492
        },
        "2022-06": {
            "month": "2022-06",
            "price": "14.63",
            "revenue": 266274
        },
        "2022-07": {
            "month": "2022-07",
            "price": "12.43",
            "revenue": 341711
        },
        "2022-08": {
            "month": "2022-08",
            "price": "13.26",
            "revenue": 311272
        },
        "2022-09": {
            "month": "2022-09",
            "price": "13.38",
            "revenue": 249014
        },
        "2022-10": {
            "month": "2022-10",
            "price": "12.30",
            "revenue": 248687
        },
        "2022-11": {
            "month": "2022-11",
            "price": "12.71",
            "revenue": 206995
        },
        "2022-12": {
            "month": "2022-12",
            "price": "13.73",
            "revenue": 194155
        },
        "2023-01": {
            "month": "2023-01",
            "price": "14.18",
            "revenue": 214941
        },
        "2023-02": {
            "month": "2023-02",
            "price": "17.06",
            "revenue": 194955
        },
        "2023-03": {
            "month": "2023-03",
            "price": "18.70",
            "revenue": 255997
        },
        "2023-04": {
            "month": "2023-04",
            "price": "17.85",
            "revenue": 256161
        },
        "2023-05": {
            "month": "2023-05",
            "price": "17.39",
            "revenue": 272291
        },
        "2023-06": {
            "month": "2023-06",
            "price": "17.10",
            "revenue": 263163
        },
        "2023-07": {
            "month": "2023-07",
            "price": "17.11",
            "revenue": 281269
        },
        "2023-08": {
            "month": "2023-08",
            "price": "15.15",
            "revenue": 325181
        },
        "2023-09": {
            "month": "2023-09",
            "price": "14.45",
            "revenue": 284502
        },
        "2023-10": {
            "month": "2023-10",
            "price": "13.43",
            "revenue": 171397
        },
        "2023-11": {
            "month": "2023-11",
            "price": "13.71",
            "revenue": 227226
        },
        "2023-12": {
            "month": "2023-12",
            "price": "15.18",
            "revenue": 280714
        }
    }
}
