{
    "summary": {
        "stock_name": "美亞",
        "stock_id": "2020",
        "category": "鋼鐵",
        "main_business": "鋼管(板)製造及銷售",
        "website_url": "http://www.mayer.com.tw",
        "ceo": "蕭敏志",
        "pe_ratio": 10,
        "report_year_from": 2001,
        "report_year_to": 2023,
        "age": 23,
        "eps_negative_percentage": 13,
        "eps_growth_avg": {
            "last_all": 13.64,
            "last_2y": 44.6,
            "last_4y": 34.64,
            "last_8y": 6.5,
            "last_12y": 4.83,
            "last_16y": 4.54,
            "last_20y": 8.84,
            "at_2006_last_3y": 23.91,
            "at_2007_last_3y": 25.13,
            "at_2008_last_3y": -21.81,
            "at_2009_last_3y": 3.48,
            "at_2010_last_3y": 3.48,
            "at_2011_last_3y": -33.33,
            "at_2012_last_3y": 0,
            "at_2013_last_3y": 21.95,
            "at_2014_last_3y": 0.38,
            "at_2015_last_3y": 0.38,
            "at_2016_last_3y": 0.38,
            "at_2017_last_3y": -25.23,
            "at_2018_last_3y": -40.42,
            "at_2019_last_3y": 9.46,
            "at_2020_last_3y": 4.54,
            "at_2021_last_3y": 32.29,
            "at_2022_last_3y": 18.31,
            "at_2023_last_3y": 30.9,
            "at_2024_last_3y": 30.9,
            "at_2006_last_all": 39.13,
            "at_2007_last_all": 34.34,
            "at_2008_last_all": 15.15,
            "at_2009_last_all": 15.15,
            "at_2010_last_all": 25.76,
            "at_2011_last_all": 11.78,
            "at_2012_last_all": 11.78,
            "at_2013_last_all": 17.19,
            "at_2014_last_all": 18.84,
            "at_2015_last_all": 8.93,
            "at_2016_last_all": 8.93,
            "at_2017_last_all": 7.4,
            "at_2018_last_all": 6.14,
            "at_2019_last_all": 9.04,
            "at_2020_last_all": 7.84,
            "at_2021_last_all": 13.26,
            "at_2022_last_all": 8.84,
            "at_2023_last_all": 13.64,
            "at_2024_last_all": 13.64
        },
        "latest_eps": 3.19,
        "latest_price": 32.05,
        "latest_roe": 20.99,
        "latest_gross_margin": 10.08,
        "latest_equity": 3638976,
        "latest_revenue": 1819212,
        "latest_gross_profit": 183387,
        "latest_net_income": 321610,
        "latest_debt_ratio": 49.73,
        "latest_current_ratio": 142.5,
        "latest_account_receivable_turnover_ratio": 2.89,
        "latest_inventory_turnover_ratio": 0.82,
        "latest_reinvestment_rate": 5.23,
        "latest_research_to_sale_ratio": null
    },
    "eps_dividends": {
        "1993": {
            "cash": 0,
            "stock": 1.6,
            "eps": 0
        },
        "1994": {
            "cash": 0,
            "stock": 2,
            "eps": 0
        },
        "1995": {
            "cash": 0,
            "stock": 1.6,
            "eps": 0
        },
        "1996": {
            "cash": 0,
            "stock": 1.4,
            "eps": 0
        },
        "1998": {
            "cash": 0,
            "stock": 1,
            "eps": 0
        },
        "2001": {
            "cash": 0,
            "stock": 0,
            "eps": 0.44
        },
        "2002": {
            "cash": 0.3,
            "stock": 0,
            "eps": 2.17
        },
        "2003": {
            "cash": 1.6,
            "stock": 0,
            "eps": 2.29
        },
        "2004": {
            "cash": 1.5,
            "stock": 0,
            "eps": 4.3
        },
        "2005": {
            "cash": 2.5,
            "stock": 0,
            "eps": 0.1
        },
        "2006": {
            "cash": 0.2,
            "stock": 1,
            "eps": 3.45
        },
        "2007": {
            "cash": 3,
            "stock": 0,
            "eps": 3.81
        },
        "2008": {
            "cash": 2.65,
            "stock": 0,
            "eps": -2.16
        },
        "2009": {
            "cash": 0,
            "stock": 1,
            "eps": 0.89
        },
        "2010": {
            "cash": 0.45,
            "stock": 1,
            "eps": 1.97
        },
        "2011": {
            "cash": 0.8,
            "stock": 0.8,
            "eps": -1.41
        },
        "2012": {
            "cash": 0,
            "stock": 0,
            "eps": 0.41
        },
        "2013": {
            "cash": 0.2,
            "stock": 0,
            "eps": 0.68
        },
        "2014": {
            "cash": 0.5,
            "stock": 0,
            "eps": 0.92
        },
        "2015": {
            "cash": 0.8,
            "stock": 0,
            "eps": -1.43
        },
        "2016": {
            "cash": 0,
            "stock": 0,
            "eps": 1.64
        },
        "2017": {
            "cash": 0.8,
            "stock": 0,
            "eps": 1.46
        },
        "2018": {
            "cash": 1.42,
            "stock": 0,
            "eps": 1.31
        },
        "2019": {
            "cash": 1.4,
            "stock": 0,
            "eps": 1.96
        },
        "2020": {
            "cash": 1.85,
            "stock": 0,
            "eps": 1.76
        },
        "2021": {
            "cash": 1.7,
            "stock": 0,
            "eps": 3.52
        },
        "2022": {
            "cash": 3,
            "stock": 0,
            "eps": 1.19
        },
        "2023": {
            "cash": 2,
            "stock": 0,
            "eps": 2.89
        }
    },
    "dividends": {
        "1993-03-26": {
            "cash": 0,
            "stock": 1.6
        },
        "1994-06-06": {
            "cash": 0,
            "stock": 2
        },
        "1995-05-02": {
            "cash": 0,
            "stock": 1.6
        },
        "1996-06-06": {
            "cash": 0,
            "stock": 1.4
        },
        "1998-06-23": {
            "cash": 0,
            "stock": 1
        },
        "2002-06-18": {
            "cash": 0.3,
            "stock": 0
        },
        "2003-03-26": {
            "cash": 1.6,
            "stock": 0
        },
        "2004-04-22": {
            "cash": 1.5,
            "stock": 0
        },
        "2005-04-08": {
            "cash": 2.5,
            "stock": 0
        },
        "2006-04-21": {
            "cash": 0.2,
            "stock": 1
        },
        "2007-04-18": {
            "cash": 3,
            "stock": 0
        },
        "2008-04-03": {
            "cash": 2.65,
            "stock": 0
        },
        "2009-04-28": {
            "cash": 0,
            "stock": 1
        },
        "2010-04-19": {
            "cash": 0.45,
            "stock": 1
        },
        "2011-04-20": {
            "cash": 0.8,
            "stock": 0.8
        },
        "2013-05-03": {
            "cash": 0.2,
            "stock": 0
        },
        "2014-08-15": {
            "cash": 0.5,
            "stock": 0
        },
        "2015-07-31": {
            "cash": 0.8,
            "stock": 0
        },
        "2017-08-08": {
            "cash": 0.8,
            "stock": 0
        },
        "2018-08-08": {
            "cash": 1.42,
            "stock": 0
        },
        "2019-08-06": {
            "cash": 1.4,
            "stock": 0
        },
        "2020-07-10": {
            "cash": 1.85,
            "stock": 0
        },
        "2021-07-07": {
            "cash": 1.7,
            "stock": 0
        },
        "2022-07-08": {
            "cash": 3,
            "stock": 0
        },
        "2023-03-13": {
            "cash": 1,
            "stock": 0
        },
        "2023-07-06": {
            "cash": 1,
            "stock": 0
        }
    },
    "prices": {
        "200101": "7.36",
        "200102": "8.64",
        "200103": "8.58",
        "200104": "8.77",
        "200105": "8.18",
        "200106": "6.46",
        "200107": "6.05",
        "200108": "6.17",
        "200109": "5.89",
        "200110": "5.47",
        "200111": "5.35",
        "200112": "6.33",
        "200201": "6.49",
        "200202": "6.57",
        "200203": "6.78",
        "200204": "7.94",
        "200205": "8.28",
        "200206": "11.19",
        "200207": "13.11",
        "200208": "14.02",
        "200209": "12.40",
        "200210": "13.72",
        "200211": "16.87",
        "200212": "17.00",
        "200301": "19.07",
        "200302": "17.11",
        "200303": "15.67",
        "200304": "17.30",
        "200305": "16.72",
        "200306": "18.47",
        "200307": "18.53",
        "200308": "17.64",
        "200309": "17.48",
        "200310": "17.64",
        "200311": "17.73",
        "200312": "17.70",
        "200401": "18.44",
        "200402": "22.25",
        "200403": "28.53",
        "200404": "28.67",
        "200405": "23.64",
        "200406": "27.84",
        "200407": "26.31",
        "200408": "24.34",
        "200409": "30.18",
        "200410": "28.22",
        "200411": "25.06",
        "200412": "25.30",
        "200501": "24.54",
        "200502": "24.95",
        "200503": "23.68",
        "200504": "23.10",
        "200505": "22.02",
        "200506": "21.21",
        "200507": "19.56",
        "200508": "16.39",
        "200509": "15.18",
        "200510": "13.31",
        "200511": "12.98",
        "200512": "15.24",
        "200601": "16.10",
        "200602": "16.67",
        "200603": "16.36",
        "200604": "17.10",
        "200605": "18.50",
        "200606": "18.68",
        "200607": "18.87",
        "200608": "17.85",
        "200609": "16.51",
        "200610": "18.06",
        "200611": "19.99",
        "200612": "27.58",
        "200701": "27.76",
        "200702": "27.79",
        "200703": "28.19",
        "200704": "33.50",
        "200705": "37.55",
        "200706": "36.40",
        "200707": "41.40",
        "200708": "37.33",
        "200709": "35.63",
        "200710": "35.24",
        "200711": "31.72",
        "200712": "28.58",
        "200801": "28.51",
        "200802": "28.45",
        "200803": "29.70",
        "200804": "33.72",
        "200805": "33.70",
        "200806": "30.82",
        "200807": "27.84",
        "200808": "23.75",
        "200809": "22.30",
        "200810": "16.60",
        "200811": "15.47",
        "200812": "12.91",
        "200901": "12.28",
        "200902": "12.10",
        "200903": "12.97",
        "200904": "14.95",
        "200905": "17.76",
        "200906": "19.62",
        "200907": "19.60",
        "200908": "20.12",
        "200909": "18.09",
        "200910": "18.78",
        "200911": "19.15",
        "200912": "26.45",
        "201001": "26.06",
        "201002": "22.26",
        "201003": "23.27",
        "201004": "25.26",
        "201005": "23.55",
        "201006": "23.17",
        "201007": "23.46",
        "201008": "24.23",
        "201009": "24.80",
        "201010": "26.53",
        "201011": "26.13",
        "201012": "26.37",
        "201101": "24.53",
        "201102": "23.48",
        "201103": "21.46",
        "201104": "21.02",
        "201105": "21.20",
        "201106": "20.56",
        "201107": "20.54",
        "201108": "19.40",
        "201109": "16.69",
        "201110": "14.77",
        "201111": "14.56",
        "201112": "13.31",
        "201201": "13.77",
        "201202": "14.74",
        "201203": "14.03",
        "201204": "11.95",
        "201205": "12.24",
        "201206": "11.47",
        "201207": "11.72",
        "201208": "11.17",
        "201209": "11.74",
        "201210": "11.39",
        "201211": "11.41",
        "201212": "11.83",
        "201301": "12.67",
        "201302": "12.45",
        "201303": "12.21",
        "201304": "11.88",
        "201305": "12.63",
        "201306": "12.88",
        "201307": "12.78",
        "201308": "12.94",
        "201309": "13.56",
        "201310": "13.98",
        "201311": "13.73",
        "201312": "13.85",
        "201401": "13.81",
        "201402": "13.07",
        "201403": "12.90",
        "201404": "13.62",
        "201405": "13.53",
        "201406": "13.16",
        "201407": "13.57",
        "201408": "15.41",
        "201409": "15.36",
        "201410": "14.15",
        "201411": "14.57",
        "201412": "14.34",
        "201501": "14.22",
        "201502": "14.06",
        "201503": "14.43",
        "201504": "14.63",
        "201505": "14.15",
        "201506": "13.67",
        "201507": "13.80",
        "201508": "13.49",
        "201509": "12.95",
        "201510": "13.48",
        "201511": "13.09",
        "201512": "12.45",
        "201601": "12.42",
        "201602": "12.59",
        "201603": "12.47",
        "201604": "12.34",
        "201605": "12.46",
        "201606": "12.15",
        "201607": "12.51",
        "201608": "13.02",
        "201609": "13.34",
        "201610": "13.02",
        "201611": "14.17",
        "201612": "14.34",
        "201701": "13.68",
        "201702": "14.47",
        "201703": "14.51",
        "201704": "13.58",
        "201705": "13.22",
        "201706": "13.29",
        "201707": "13.45",
        "201708": "13.85",
        "201709": "13.87",
        "201710": "13.72",
        "201711": "13.70",
        "201712": "13.58",
        "201801": "14.18",
        "201802": "13.82",
        "201803": "14.47",
        "201804": "15.71",
        "201805": "15.77",
        "201806": "15.94",
        "201807": "14.74",
        "201808": "14.36",
        "201809": "14.58",
        "201810": "13.70",
        "201811": "14.28",
        "201812": "14.25",
        "201901": "14.22",
        "201902": "14.63",
        "201903": "15.25",
        "201904": "15.82",
        "201905": "16.33",
        "201906": "16.53",
        "201907": "15.75",
        "201908": "15.24",
        "201909": "14.94",
        "201910": "14.56",
        "201911": "15.16",
        "201912": "15.35",
        "202001": "15.59",
        "202002": "15.62",
        "202003": "15.03",
        "202004": "15.66",
        "202005": "17.88",
        "202006": "17.54",
        "202007": "15.80",
        "202008": "15.77",
        "202009": "16.27",
        "202010": "16.16",
        "202011": "16.79",
        "202012": "18.73",
        "202101": "19.10",
        "202102": "19.27",
        "202103": "21.57",
        "202104": "25.22",
        "202105": "31.08",
        "202106": "34.03",
        "202107": "37.58",
        "202108": "33.37",
        "202109": "31.74",
        "202110": "30.01",
        "202111": "31.15",
        "202112": "31.87",
        "202201": "30.69",
        "202202": "31.75",
        "202203": "33.04",
        "202204": "32.57",
        "202205": "31.21",
        "202206": "27.29",
        "202207": "21.80",
        "202208": "23.88",
        "202209": "25.52",
        "202210": "22.98",
        "202211": "22.96",
        "202212": "23.29",
        "202301": "23.23",
        "202302": "23.83",
        "202303": "23.68",
        "202304": "23.39",
        "202305": "23.52",
        "202306": "23.88",
        "202307": "25.04",
        "202308": "26.13",
        "202309": "27.98",
        "202310": "28.40",
        "202311": "29.54",
        "202312": "31.47"
    },
    "quarters": {
        "20011": {
            "year_quarter": 20011,
            "year": 2001,
            "quarter": 1,
            "eps": 0.1,
            "eps_growth_year": -77.27,
            "eps_4q": 0.72,
            "eps_4q_growth_year": -14.01,
            "roe": 0.84,
            "roe_4q": 0.84,
            "gross_profit": 39973,
            "gross_margin": 6.61,
            "gross_margin_4q_avg": 6.61,
            "net_income": 11561,
            "net_income_4q": null,
            "revenue": 604689,
            "revenue_4q": null,
            "common_shares": 1170118,
            "book_valuer_per_share": 11.66,
            "book_valuer_per_share_4q_avg": 11.66,
            "equity": 1364025,
            "current_ratio": 95.78,
            "debt_ratio": 50.52,
            "inventory_turnover_ratio": 1.78,
            "account_receivable_turnover_ratio": null,
            "reinvestment_rate": null,
            "research_to_sale_ratio": null,
            "price_fair": 0,
            "eps_avg_yearly": 0,
            "eps_latest_yearly": 0,
            "eps_growth_yearly": 0
        },
        "20012": {
            "year_quarter": 20012,
            "year": 2001,
            "quarter": 2,
            "eps": 0,
            "eps_growth_year": -100,
            "eps_4q": 0.34,
            "eps_4q_growth_year": -70.16,
            "roe": -0.03,
            "roe_4q": 0.8099999999999999,
            "gross_profit": 41987,
            "gross_margin": 8.04,
            "gross_margin_4q_avg": 7.33,
            "net_income": -425,
            "net_income_4q": null,
            "revenue": 522191,
            "revenue_4q": null,
            "common_shares": 1170118,
            "book_valuer_per_share": 11.65,
            "book_valuer_per_share_4q_avg": 11.66,
            "equity": 1362620,
            "current_ratio": 148.77,
            "debt_ratio": 41.39,
            "inventory_turnover_ratio": 1.81,
            "account_receivable_turnover_ratio": null,
            "reinvestment_rate": null,
            "research_to_sale_ratio": null,
            "price_fair": 0,
            "eps_avg_yearly": 0,
            "eps_latest_yearly": 0,
            "eps_growth_yearly": 0
        },
        "20013": {
            "year_quarter": 20013,
            "year": 2001,
            "quarter": 3,
            "eps": 0.04,
            "eps_growth_year": -83.33,
            "eps_4q": 0.14,
            "eps_4q_growth_year": -87.22,
            "roe": 0.33,
            "roe_4q": 1.1400000000000001,
            "gross_profit": 28941,
            "gross_margin": 4.81,
            "gross_margin_4q_avg": 6.49,
            "net_income": 4527,
            "net_income_4q": null,
            "revenue": 601717,
            "revenue_4q": null,
            "common_shares": 1170118,
            "book_valuer_per_share": 11.74,
            "book_valuer_per_share_4q_avg": 11.68,
            "equity": 1373420,
            "current_ratio": 146.25,
            "debt_ratio": 42.44,
            "inventory_turnover_ratio": 1.93,
            "account_receivable_turnover_ratio": null,
            "reinvestment_rate": null,
            "research_to_sale_ratio": null,
            "price_fair": 0,
            "eps_avg_yearly": 0,
            "eps_latest_yearly": 0,
            "eps_growth_yearly": 0
        },
        "20014": {
            "year_quarter": 20014,
            "year": 2001,
            "quarter": 4,
            "eps": 0.3,
            "eps_growth_year": null,
            "eps_4q": 0.43,
            "eps_4q_growth_year": -58.64,
            "roe": 2.52,
            "roe_4q": 3.66,
            "gross_profit": 45219,
            "gross_margin": 7.23,
            "gross_margin_4q_avg": 6.67,
            "net_income": 35250,
            "net_income_4q": null,
            "revenue": 625199,
            "revenue_4q": null,
            "common_shares": 1170118,
            "book_valuer_per_share": 12.13,
            "book_valuer_per_share_4q_avg": 11.8,
            "equity": 1419425,
            "current_ratio": 139.99,
            "debt_ratio": 48.33,
            "inventory_turnover_ratio": 1.64,
            "account_receivable_turnover_ratio": null,
            "reinvestment_rate": null,
            "research_to_sale_ratio": null,
            "price_fair": 0,
            "eps_avg_yearly": 0,
            "eps_latest_yearly": 0,
            "eps_growth_yearly": 0
        },
        "20021": {
            "year_quarter": 20021,
            "year": 2002,
            "quarter": 1,
            "eps": 0.25,
            "eps_growth_year": 150,
            "eps_4q": 0.62,
            "eps_4q_growth_year": -13.97,
            "roe": 1.87,
            "roe_4q": 4.69,
            "gross_profit": 42154,
            "gross_margin": 6.68,
            "gross_margin_4q_avg": 6.69,
            "net_income": 26377,
            "net_income_4q": null,
            "revenue": 631197,
            "revenue_4q": null,
            "common_shares": 1132728,
            "book_valuer_per_share": 12.36,
            "book_valuer_per_share_4q_avg": 11.97,
            "equity": 1399891,
            "current_ratio": 144.17,
            "debt_ratio": 43.54,
            "inventory_turnover_ratio": 1.67,
            "account_receivable_turnover_ratio": null,
            "reinvestment_rate": null,
            "research_to_sale_ratio": null,
            "price_fair": 3,
            "eps_avg_yearly": 1,
            "eps_latest_yearly": 1,
            "eps_growth_yearly": -66.67
        },
        "20022": {
            "year_quarter": 20022,
            "year": 2002,
            "quarter": 2,
            "eps": 0.64,
            "eps_growth_year": null,
            "eps_4q": 1.25,
            "eps_4q_growth_year": 266.6,
            "roe": 4.9,
            "roe_4q": 9.620000000000001,
            "gross_profit": 80106,
            "gross_margin": 10.97,
            "gross_margin_4q_avg": 7.42,
            "net_income": 69179,
            "net_income_4q": null,
            "revenue": 729972,
            "revenue_4q": null,
            "common_shares": 1132728,
            "book_valuer_per_share": 12.56,
            "book_valuer_per_share_4q_avg": 12.2,
            "equity": 1422371,
            "current_ratio": 142.27,
            "debt_ratio": 44.73,
            "inventory_turnover_ratio": 2.31,
            "account_receivable_turnover_ratio": null,
            "reinvestment_rate": null,
            "research_to_sale_ratio": null,
            "price_fair": 62.3,
            "eps_avg_yearly": 1.78,
            "eps_latest_yearly": 2.56,
            "eps_growth_yearly": 278.67
        },
        "20023": {
            "year_quarter": 20023,
            "year": 2002,
            "quarter": 3,
            "eps": 0.8,
            "eps_growth_year": 1900,
            "eps_4q": 2,
            "eps_4q_growth_year": 1307.01,
            "roe": 5.88,
            "roe_4q": 15.170000000000002,
            "gross_profit": 74733,
            "gross_margin": 11.66,
            "gross_margin_4q_avg": 9.14,
            "net_income": 87098,
            "net_income_4q": null,
            "revenue": 640708,
            "revenue_4q": null,
            "common_shares": 1132728,
            "book_valuer_per_share": 13.58,
            "book_valuer_per_share_4q_avg": 12.66,
            "equity": 1538029,
            "current_ratio": 152.82,
            "debt_ratio": 40.65,
            "inventory_turnover_ratio": 1.76,
            "account_receivable_turnover_ratio": null,
            "reinvestment_rate": null,
            "research_to_sale_ratio": null,
            "price_fair": 78.87,
            "eps_avg_yearly": 2.25,
            "eps_latest_yearly": 3.2,
            "eps_growth_yearly": 219.11
        },
        "20024": {
            "year_quarter": 20024,
            "year": 2002,
            "quarter": 4,
            "eps": 0.48,
            "eps_growth_year": 60,
            "eps_4q": 2.15,
            "eps_4q_growth_year": 396.58,
            "roe": 3.23,
            "roe_4q": 15.879999999999999,
            "gross_profit": 43371,
            "gross_margin": 6.52,
            "gross_margin_4q_avg": 8.96,
            "net_income": 52446,
            "net_income_4q": null,
            "revenue": 664778,
            "revenue_4q": null,
            "common_shares": 1132728,
            "book_valuer_per_share": 13.91,
            "book_valuer_per_share_4q_avg": 13.1,
            "equity": 1710019,
            "current_ratio": 157.68,
            "debt_ratio": 47.34,
            "inventory_turnover_ratio": 1.19,
            "account_receivable_turnover_ratio": null,
            "reinvestment_rate": 19.96,
            "research_to_sale_ratio": null,
            "price_fair": 75.95,
            "eps_avg_yearly": 2.17,
            "eps_latest_yearly": 1.92,
            "eps_growth_yearly": 124.33
        },
        "20031": {
            "year_quarter": 20031,
            "year": 2003,
            "quarter": 1,
            "eps": 0.63,
            "eps_growth_year": 152,
            "eps_4q": 2.56,
            "eps_4q_growth_year": 310.3,
            "roe": 4.08,
            "roe_4q": 18.090000000000003,
            "gross_profit": 60696,
            "gross_margin": 7.35,
            "gross_margin_4q_avg": 9.13,
            "net_income": 68271,
            "net_income_4q": null,
            "revenue": 826226,
            "revenue_4q": null,
            "common_shares": 1132728,
            "book_valuer_per_share": 14.46,
            "book_valuer_per_share_4q_avg": 13.63,
            "equity": 1638296,
            "current_ratio": 132.25,
            "debt_ratio": 38.94,
            "inventory_turnover_ratio": 1.5,
            "account_receivable_turnover_ratio": null,
            "reinvestment_rate": 15.12,
            "research_to_sale_ratio": null,
            "price_fair": 78.4,
            "eps_avg_yearly": 2.24,
            "eps_latest_yearly": 2.52,
            "eps_growth_yearly": 124.47
        },
        "20032": {
            "year_quarter": 20032,
            "year": 2003,
            "quarter": 2,
            "eps": 0.82,
            "eps_growth_year": 28.12,
            "eps_4q": 2.73,
            "eps_4q_growth_year": 117.78,
            "roe": 5.65,
            "roe_4q": 18.84,
            "gross_profit": 54510,
            "gross_margin": 7.67,
            "gross_margin_4q_avg": 8.3,
            "net_income": 89377,
            "net_income_4q": null,
            "revenue": 711147,
            "revenue_4q": null,
            "common_shares": 1132728,
            "book_valuer_per_share": 13.46,
            "book_valuer_per_share_4q_avg": 13.85,
            "equity": 1524239,
            "current_ratio": 127.27,
            "debt_ratio": 43.1,
            "inventory_turnover_ratio": 1.71,
            "account_receivable_turnover_ratio": null,
            "reinvestment_rate": -0.31,
            "research_to_sale_ratio": null,
            "price_fair": 84.47,
            "eps_avg_yearly": 2.41,
            "eps_latest_yearly": 3.28,
            "eps_growth_yearly": 123.83
        },
        "20033": {
            "year_quarter": 20033,
            "year": 2003,
            "quarter": 3,
            "eps": 0.27,
            "eps_growth_year": -66.25,
            "eps_4q": 2.18,
            "eps_4q_growth_year": 8.97,
            "roe": 1.93,
            "roe_4q": 14.89,
            "gross_profit": 50942,
            "gross_margin": 6.03,
            "gross_margin_4q_avg": 6.89,
            "net_income": 29685,
            "net_income_4q": null,
            "revenue": 844419,
            "revenue_4q": null,
            "common_shares": 1132728,
            "book_valuer_per_share": 13.69,
            "book_valuer_per_share_4q_avg": 13.88,
            "equity": 1551025,
            "current_ratio": 133.66,
            "debt_ratio": 44.16,
            "inventory_turnover_ratio": 1.86,
            "account_receivable_turnover_ratio": null,
            "reinvestment_rate": 3.18,
            "research_to_sale_ratio": null,
            "price_fair": 77.8,
            "eps_avg_yearly": 2.22,
            "eps_latest_yearly": 1.08,
            "eps_growth_yearly": 67.81
        },
        "20034": {
            "year_quarter": 20034,
            "year": 2003,
            "quarter": 4,
            "eps": 0.57,
            "eps_growth_year": 18.75,
            "eps_4q": 2.3,
            "eps_4q_growth_year": 6.85,
            "roe": 3.8,
            "roe_4q": 15.459999999999999,
            "gross_profit": 52361,
            "gross_margin": 5.26,
            "gross_margin_4q_avg": 6.58,
            "net_income": 61752,
            "net_income_4q": null,
            "revenue": 996026,
            "revenue_4q": null,
            "common_shares": 1132728,
            "book_valuer_per_share": 13.65,
            "book_valuer_per_share_4q_avg": 13.82,
            "equity": 1699418,
            "current_ratio": 144.11,
            "debt_ratio": 56.19,
            "inventory_turnover_ratio": 1.49,
            "account_receivable_turnover_ratio": null,
            "reinvestment_rate": 3.64,
            "research_to_sale_ratio": null,
            "price_fair": 78.05,
            "eps_avg_yearly": 2.23,
            "eps_latest_yearly": 2.28,
            "eps_growth_yearly": 114.89
        },
        "20041": {
            "year_quarter": 20041,
            "year": 2004,
            "quarter": 1,
            "eps": 0.86,
            "eps_growth_year": 36.51,
            "eps_4q": 2.51,
            "eps_4q_growth_year": -1.71,
            "roe": 5.66,
            "roe_4q": 17.04,
            "gross_profit": 101669,
            "gross_margin": 9.54,
            "gross_margin_4q_avg": 7.13,
            "net_income": 94100,
            "net_income_4q": null,
            "revenue": 1066105,
            "revenue_4q": null,
            "common_shares": 1132728,
            "book_valuer_per_share": 14.33,
            "book_valuer_per_share_4q_avg": 13.78,
            "equity": 1623732,
            "current_ratio": 145.17,
            "debt_ratio": 67.85,
            "inventory_turnover_ratio": 0.78,
            "account_receivable_turnover_ratio": null,
            "reinvestment_rate": -1.08,
            "research_to_sale_ratio": null,
            "price_fair": 82.76,
            "eps_avg_yearly": 2.36,
            "eps_latest_yearly": 3.44,
            "eps_growth_yearly": 124.74
        },
        "20042": {
            "year_quarter": 20042,
            "year": 2004,
            "quarter": 2,
            "eps": 2.33,
            "eps_growth_year": 184.15,
            "eps_4q": 3.97,
            "eps_4q_growth_year": 45.6,
            "roe": 15.83,
            "roe_4q": 27.220000000000002,
            "gross_profit": 147078,
            "gross_margin": 13.33,
            "gross_margin_4q_avg": 8.54,
            "net_income": 263599,
            "net_income_4q": null,
            "revenue": 1102980,
            "revenue_4q": null,
            "common_shares": 1132728,
            "book_valuer_per_share": 15.06,
            "book_valuer_per_share_4q_avg": 14.18,
            "equity": 1706095,
            "current_ratio": 143.65,
            "debt_ratio": 66.22,
            "inventory_turnover_ratio": 0.54,
            "account_receivable_turnover_ratio": null,
            "reinvestment_rate": 0.1,
            "research_to_sale_ratio": null,
            "price_fair": 107.1,
            "eps_avg_yearly": 3.06,
            "eps_latest_yearly": 9.32,
            "eps_growth_yearly": 180.63
        },
        "20043": {
            "year_quarter": 20043,
            "year": 2004,
            "quarter": 3,
            "eps": 0.67,
            "eps_growth_year": 148.15,
            "eps_4q": 4.17,
            "eps_4q_growth_year": 91.06,
            "roe": 3.99,
            "roe_4q": 29.28,
            "gross_profit": 118028,
            "gross_margin": 8.93,
            "gross_margin_4q_avg": 9.27,
            "net_income": 80369,
            "net_income_4q": null,
            "revenue": 1321410,
            "revenue_4q": null,
            "common_shares": 1361274,
            "book_valuer_per_share": 17.08,
            "book_valuer_per_share_4q_avg": 15.03,
            "equity": 2325636,
            "current_ratio": 136.81,
            "debt_ratio": 56.27,
            "inventory_turnover_ratio": 0.62,
            "account_receivable_turnover_ratio": null,
            "reinvestment_rate": 4.05,
            "research_to_sale_ratio": null,
            "price_fair": 105.89,
            "eps_avg_yearly": 3.03,
            "eps_latest_yearly": 2.68,
            "eps_growth_yearly": 138.31
        },
        "20044": {
            "year_quarter": 20044,
            "year": 2004,
            "quarter": 4,
            "eps": 0.44,
            "eps_growth_year": -22.81,
            "eps_4q": 4.05,
            "eps_4q_growth_year": 76.08,
            "roe": 1.98,
            "roe_4q": 27.46,
            "gross_profit": 105836,
            "gross_margin": 7.96,
            "gross_margin_4q_avg": 9.94,
            "net_income": 53417,
            "net_income_4q": null,
            "revenue": 1329714,
            "revenue_4q": null,
            "common_shares": 1361274,
            "book_valuer_per_share": 17.4,
            "book_valuer_per_share_4q_avg": 15.97,
            "equity": 3068183,
            "current_ratio": 125.8,
            "debt_ratio": 65.04,
            "inventory_turnover_ratio": 0.48,
            "account_receivable_turnover_ratio": null,
            "reinvestment_rate": 88.78,
            "research_to_sale_ratio": null,
            "price_fair": 102.2,
            "eps_avg_yearly": 2.92,
            "eps_latest_yearly": 1.76,
            "eps_growth_yearly": 115.34
        },
        "20051": {
            "year_quarter": 20051,
            "year": 2005,
            "quarter": 1,
            "eps": 0.55,
            "eps_growth_year": -36.05,
            "eps_4q": 3.45,
            "eps_4q_growth_year": 37.17,
            "roe": 2.74,
            "roe_4q": 24.54,
            "gross_profit": 99157,
            "gross_margin": 7.48,
            "gross_margin_4q_avg": 9.43,
            "net_income": 75460,
            "net_income_4q": null,
            "revenue": 1325709,
            "revenue_4q": null,
            "common_shares": 1374778,
            "book_valuer_per_share": 17.78,
            "book_valuer_per_share_4q_avg": 16.83,
            "equity": 2444004,
            "current_ratio": 136.07,
            "debt_ratio": 56.09,
            "inventory_turnover_ratio": 0.46,
            "account_receivable_turnover_ratio": null,
            "reinvestment_rate": 5.9,
            "research_to_sale_ratio": null,
            "price_fair": 100.26,
            "eps_avg_yearly": 2.86,
            "eps_latest_yearly": 2.2,
            "eps_growth_yearly": 114.16
        },
        "20052": {
            "year_quarter": 20052,
            "year": 2005,
            "quarter": 2,
            "eps": 0.05,
            "eps_growth_year": -97.85,
            "eps_4q": 1.52,
            "eps_4q_growth_year": -61.84,
            "roe": 0.3,
            "roe_4q": 9.01,
            "gross_profit": 72734,
            "gross_margin": 6.08,
            "gross_margin_4q_avg": 7.61,
            "net_income": 7141,
            "net_income_4q": null,
            "revenue": 1195334,
            "revenue_4q": null,
            "common_shares": 1525889,
            "book_valuer_per_share": 15.56,
            "book_valuer_per_share_4q_avg": 16.96,
            "equity": 2373650,
            "current_ratio": 127.53,
            "debt_ratio": 58.72,
            "inventory_turnover_ratio": 0.49,
            "account_receivable_turnover_ratio": null,
            "reinvestment_rate": 8.04,
            "research_to_sale_ratio": null,
            "price_fair": 93.6,
            "eps_avg_yearly": 2.67,
            "eps_latest_yearly": 0.2,
            "eps_growth_yearly": 80.03
        },
        "20053": {
            "year_quarter": 20053,
            "year": 2005,
            "quarter": 3,
            "eps": -0.22,
            "eps_growth_year": -132.84,
            "eps_4q": 0.68,
            "eps_4q_growth_year": -83.69,
            "roe": -1.37,
            "roe_4q": 3.6500000000000004,
            "gross_profit": 9486,
            "gross_margin": 0.85,
            "gross_margin_4q_avg": 5.59,
            "net_income": -32306,
            "net_income_4q": null,
            "revenue": 1117285,
            "revenue_4q": null,
            "common_shares": 1525889,
            "book_valuer_per_share": 15.3,
            "book_valuer_per_share_4q_avg": 16.51,
            "equity": 2334872,
            "current_ratio": 129.36,
            "debt_ratio": 62.01,
            "inventory_turnover_ratio": 0.47,
            "account_receivable_turnover_ratio": null,
            "reinvestment_rate": 10.13,
            "research_to_sale_ratio": null,
            "price_fair": 93.6,
            "eps_avg_yearly": 2.67,
            "eps_latest_yearly": 0.2,
            "eps_growth_yearly": 80.03
        },
        "20054": {
            "year_quarter": 20054,
            "year": 2005,
            "quarter": 4,
            "eps": -0.28,
            "eps_growth_year": -163.64,
            "eps_4q": 0.03,
            "eps_4q_growth_year": -99.32,
            "roe": -1.53,
            "roe_4q": 0.13999999999999968,
            "gross_profit": 101655,
            "gross_margin": 6.32,
            "gross_margin_4q_avg": 5.18,
            "net_income": -41197,
            "net_income_4q": null,
            "revenue": 1608777,
            "revenue_4q": null,
            "common_shares": 1475889,
            "book_valuer_per_share": 15.53,
            "book_valuer_per_share_4q_avg": 16.04,
            "equity": 3060234,
            "current_ratio": 117.83,
            "debt_ratio": 71.42,
            "inventory_turnover_ratio": 0.48,
            "account_receivable_turnover_ratio": null,
            "reinvestment_rate": 132.56,
            "research_to_sale_ratio": null,
            "price_fair": 93.6,
            "eps_avg_yearly": 2.67,
            "eps_latest_yearly": 0.2,
            "eps_growth_yearly": 80.03
        },
        "20061": {
            "year_quarter": 20061,
            "year": 2006,
            "quarter": 1,
            "eps": -0.02,
            "eps_growth_year": -103.64,
            "eps_4q": -0.47,
            "eps_4q_growth_year": -113.73,
            "roe": -0.11,
            "roe_4q": -2.7100000000000004,
            "gross_profit": 64338,
            "gross_margin": 4.79,
            "gross_margin_4q_avg": 4.51,
            "net_income": -2928,
            "net_income_4q": null,
            "revenue": 1343824,
            "revenue_4q": null,
            "common_shares": 1475889,
            "book_valuer_per_share": 15.48,
            "book_valuer_per_share_4q_avg": 15.47,
            "equity": 2284057,
            "current_ratio": 129.2,
            "debt_ratio": 62.4,
            "inventory_turnover_ratio": 0.41,
            "account_receivable_turnover_ratio": null,
            "reinvestment_rate": 11.21,
            "research_to_sale_ratio": null,
            "price_fair": 98.11,
            "eps_avg_yearly": 2.8,
            "eps_latest_yearly": 0.2,
            "eps_growth_yearly": 91.31
        },
        "20062": {
            "year_quarter": 20062,
            "year": 2006,
            "quarter": 2,
            "eps": 0.89,
            "eps_growth_year": 1680,
            "eps_4q": 0.42,
            "eps_4q_growth_year": -72.26,
            "roe": 6.18,
            "roe_4q": 3.169999999999999,
            "gross_profit": 144915,
            "gross_margin": 9.99,
            "gross_margin_4q_avg": 5.49,
            "net_income": 144816,
            "net_income_4q": null,
            "revenue": 1450377,
            "revenue_4q": null,
            "common_shares": 1475889,
            "book_valuer_per_share": 16.26,
            "book_valuer_per_share_4q_avg": 15.64,
            "equity": 2399165,
            "current_ratio": 124.62,
            "debt_ratio": 62.91,
            "inventory_turnover_ratio": 0.51,
            "account_receivable_turnover_ratio": null,
            "reinvestment_rate": 10.17,
            "research_to_sale_ratio": null,
            "price_fair": 98.82,
            "eps_avg_yearly": 2.82,
            "eps_latest_yearly": 0.2,
            "eps_growth_yearly": 46.92
        },
        "20063": {
            "year_quarter": 20063,
            "year": 2006,
            "quarter": 3,
            "eps": 0.87,
            "eps_growth_year": null,
            "eps_4q": 1.49,
            "eps_4q_growth_year": 119.39,
            "roe": 5.68,
            "roe_4q": 10.22,
            "gross_profit": 144004,
            "gross_margin": 9.42,
            "gross_margin_4q_avg": 7.63,
            "net_income": 141034,
            "net_income_4q": null,
            "revenue": 1529050,
            "revenue_4q": null,
            "common_shares": 1623478,
            "book_valuer_per_share": 15.8,
            "book_valuer_per_share_4q_avg": 15.77,
            "equity": 2565778,
            "current_ratio": 125.57,
            "debt_ratio": 62.39,
            "inventory_turnover_ratio": 0.47,
            "account_receivable_turnover_ratio": null,
            "reinvestment_rate": 10.19,
            "research_to_sale_ratio": null,
            "price_fair": 99.63,
            "eps_avg_yearly": 2.85,
            "eps_latest_yearly": 3.48,
            "eps_growth_yearly": 37.84
        },
        "20064": {
            "year_quarter": 20064,
            "year": 2006,
            "quarter": 4,
            "eps": 1.71,
            "eps_growth_year": null,
            "eps_4q": 3.45,
            "eps_4q_growth_year": 12350.29,
            "roe": 9.06,
            "roe_4q": 20.810000000000002,
            "gross_profit": 262893,
            "gross_margin": 11.47,
            "gross_margin_4q_avg": 8.92,
            "net_income": 277889,
            "net_income_4q": null,
            "revenue": 2291027,
            "revenue_4q": null,
            "common_shares": 1623835,
            "book_valuer_per_share": 17.38,
            "book_valuer_per_share_4q_avg": 16.23,
            "equity": 3571600,
            "current_ratio": 137.65,
            "debt_ratio": 62.15,
            "inventory_turnover_ratio": 0.6,
            "account_receivable_turnover_ratio": null,
            "reinvestment_rate": 46.58,
            "research_to_sale_ratio": null,
            "price_fair": 113.98,
            "eps_avg_yearly": 3.26,
            "eps_latest_yearly": 6.84,
            "eps_growth_yearly": 83.36
        },
        "20071": {
            "year_quarter": 20071,
            "year": 2007,
            "quarter": 1,
            "eps": 2.84,
            "eps_growth_year": null,
            "eps_4q": 6.31,
            "eps_4q_growth_year": null,
            "roe": 13.44,
            "roe_4q": 34.36,
            "gross_profit": 541837,
            "gross_margin": 19.91,
            "gross_margin_4q_avg": 12.7,
            "net_income": 461726,
            "net_income_4q": null,
            "revenue": 2721732,
            "revenue_4q": null,
            "common_shares": 1623835,
            "book_valuer_per_share": 20.33,
            "book_valuer_per_share_4q_avg": 17.44,
            "equity": 3300898,
            "current_ratio": 154.84,
            "debt_ratio": 48.95,
            "inventory_turnover_ratio": 0.75,
            "account_receivable_turnover_ratio": null,
            "reinvestment_rate": 3.14,
            "research_to_sale_ratio": null,
            "price_fair": 139.77,
            "eps_avg_yearly": 3.99,
            "eps_latest_yearly": 11.36,
            "eps_growth_yearly": 94.97
        },
        "20072": {
            "year_quarter": 20072,
            "year": 2007,
            "quarter": 2,
            "eps": 1.43,
            "eps_growth_year": 60.67,
            "eps_4q": 6.86,
            "eps_4q_growth_year": 1532.71,
            "roe": 7.35,
            "roe_4q": 35.53,
            "gross_profit": 220271,
            "gross_margin": 10.11,
            "gross_margin_4q_avg": 12.73,
            "net_income": 231840,
            "net_income_4q": null,
            "revenue": 2177867,
            "revenue_4q": null,
            "common_shares": 1623835,
            "book_valuer_per_share": 18.54,
            "book_valuer_per_share_4q_avg": 18.01,
            "equity": 3010579,
            "current_ratio": 140.48,
            "debt_ratio": 52.59,
            "inventory_turnover_ratio": 0.91,
            "account_receivable_turnover_ratio": null,
            "reinvestment_rate": 0.97,
            "research_to_sale_ratio": null,
            "price_fair": 146.88,
            "eps_avg_yearly": 4.2,
            "eps_latest_yearly": 5.72,
            "eps_growth_yearly": 68.37
        },
        "20073": {
            "year_quarter": 20073,
            "year": 2007,
            "quarter": 3,
            "eps": -0.1,
            "eps_growth_year": -111.49,
            "eps_4q": 5.3,
            "eps_4q_growth_year": 255.1,
            "roe": -0.48,
            "roe_4q": 29.369999999999997,
            "gross_profit": 140613,
            "gross_margin": 9.96,
            "gross_margin_4q_avg": 12.86,
            "net_income": -16316,
            "net_income_4q": null,
            "revenue": 1411883,
            "revenue_4q": null,
            "common_shares": 1803835,
            "book_valuer_per_share": 20.88,
            "book_valuer_per_share_4q_avg": 19.28,
            "equity": 3767034,
            "current_ratio": 241.67,
            "debt_ratio": 40.65,
            "inventory_turnover_ratio": 0.57,
            "account_receivable_turnover_ratio": null,
            "reinvestment_rate": 2.64,
            "research_to_sale_ratio": null,
            "price_fair": 156.8,
            "eps_avg_yearly": 4.48,
            "eps_latest_yearly": 5.72,
            "eps_growth_yearly": 98.97
        },
        "20074": {
            "year_quarter": 20074,
            "year": 2007,
            "quarter": 4,
            "eps": -0.36,
            "eps_growth_year": -121.05,
            "eps_4q": 3.47,
            "eps_4q_growth_year": 0.44,
            "roe": -1.44,
            "roe_4q": 18.869999999999997,
            "gross_profit": 102347,
            "gross_margin": 5.73,
            "gross_margin_4q_avg": 11.43,
            "net_income": -61804,
            "net_income_4q": null,
            "revenue": 1786750,
            "revenue_4q": null,
            "common_shares": 1838706,
            "book_valuer_per_share": 20.28,
            "book_valuer_per_share_4q_avg": 20.01,
            "equity": 4812057,
            "current_ratio": 147.95,
            "debt_ratio": 61.28,
            "inventory_turnover_ratio": 0.63,
            "account_receivable_turnover_ratio": null,
            "reinvestment_rate": 38.32,
            "research_to_sale_ratio": null,
            "price_fair": 164.5,
            "eps_avg_yearly": 4.7,
            "eps_latest_yearly": 5.72,
            "eps_growth_yearly": 64.43
        },
        "20081": {
            "year_quarter": 20081,
            "year": 2008,
            "quarter": 1,
            "eps": 0.53,
            "eps_growth_year": -81.34,
            "eps_4q": 1.25,
            "eps_4q_growth_year": -80.24,
            "roe": 2.18,
            "roe_4q": 7.609999999999999,
            "gross_profit": 228579,
            "gross_margin": 8.05,
            "gross_margin_4q_avg": 8.46,
            "net_income": 106619,
            "net_income_4q": null,
            "revenue": 2840587,
            "revenue_4q": null,
            "common_shares": 1838706,
            "book_valuer_per_share": 21.2,
            "book_valuer_per_share_4q_avg": 20.23,
            "equity": 4962112,
            "current_ratio": 156.98,
            "debt_ratio": 61.67,
            "inventory_turnover_ratio": 0.85,
            "account_receivable_turnover_ratio": null,
            "reinvestment_rate": 54.6,
            "research_to_sale_ratio": null,
            "price_fair": 169.4,
            "eps_avg_yearly": 4.84,
            "eps_latest_yearly": 5.72,
            "eps_growth_yearly": 48.97
        },
        "20082": {
            "year_quarter": 20082,
            "year": 2008,
            "quarter": 2,
            "eps": 0.1,
            "eps_growth_year": -93.01,
            "eps_4q": 0.05,
            "eps_4q_growth_year": -99.29,
            "roe": 1.56,
            "roe_4q": 1.8200000000000003,
            "gross_profit": 448463,
            "gross_margin": 15.92,
            "gross_margin_4q_avg": 9.92,
            "net_income": 74773,
            "net_income_4q": null,
            "revenue": 2816120,
            "revenue_4q": null,
            "common_shares": 1876351,
            "book_valuer_per_share": 18.81,
            "book_valuer_per_share_4q_avg": 20.29,
            "equity": 4631300,
            "current_ratio": 159.06,
            "debt_ratio": 65,
            "inventory_turnover_ratio": 0.66,
            "account_receivable_turnover_ratio": null,
            "reinvestment_rate": 65.66,
            "research_to_sale_ratio": null,
            "price_fair": 11.55,
            "eps_avg_yearly": 3.85,
            "eps_latest_yearly": 0.4,
            "eps_growth_yearly": -63.06
        },
        "20083": {
            "year_quarter": 20083,
            "year": 2008,
            "quarter": 3,
            "eps": 0.19,
            "eps_growth_year": null,
            "eps_4q": 0.27,
            "eps_4q_growth_year": -94.82,
            "roe": 1.31,
            "roe_4q": 3.6100000000000008,
            "gross_profit": 332978,
            "gross_margin": 15.13,
            "gross_margin_4q_avg": 11.21,
            "net_income": 61585,
            "net_income_4q": null,
            "revenue": 2200484,
            "revenue_4q": null,
            "common_shares": 1937189,
            "book_valuer_per_share": 18.37,
            "book_valuer_per_share_4q_avg": 19.67,
            "equity": 4773401,
            "current_ratio": 159.99,
            "debt_ratio": 65.45,
            "inventory_turnover_ratio": 0.43,
            "account_receivable_turnover_ratio": null,
            "reinvestment_rate": 74.98,
            "research_to_sale_ratio": null,
            "price_fair": 67.65,
            "eps_avg_yearly": 3.64,
            "eps_latest_yearly": 0.76,
            "eps_growth_yearly": 8.61
        },
        "20084": {
            "year_quarter": 20084,
            "year": 2008,
            "quarter": 4,
            "eps": -2.98,
            "eps_growth_year": null,
            "eps_4q": -1.97,
            "eps_4q_growth_year": -156.94,
            "roe": -15.92,
            "roe_4q": -10.87,
            "gross_profit": -728599,
            "gross_margin": -60.79,
            "gross_margin_4q_avg": -5.42,
            "net_income": -696334,
            "net_income_4q": null,
            "revenue": 1198489,
            "revenue_4q": null,
            "common_shares": 1941552,
            "book_valuer_per_share": 14.83,
            "book_valuer_per_share_4q_avg": 18.3,
            "equity": 3976485,
            "current_ratio": 147.3,
            "debt_ratio": 67.07,
            "inventory_turnover_ratio": 0.45,
            "account_receivable_turnover_ratio": 2.32,
            "reinvestment_rate": 8.46,
            "research_to_sale_ratio": null,
            "price_fair": 135.45,
            "eps_avg_yearly": 3.87,
            "eps_latest_yearly": 0.76,
            "eps_growth_yearly": 26.85
        },
        "20091": {
            "year_quarter": 20091,
            "year": 2009,
            "quarter": 1,
            "eps": 0.75,
            "eps_growth_year": 41.51,
            "eps_4q": -2.78,
            "eps_4q_growth_year": -323.28,
            "roe": 2.42,
            "roe_4q": -10.629999999999999,
            "gross_profit": 261455,
            "gross_margin": 15.26,
            "gross_margin_4q_avg": -3.62,
            "net_income": 98647,
            "net_income_4q": null,
            "revenue": 1713406,
            "revenue_4q": null,
            "common_shares": 1941552,
            "book_valuer_per_share": 15.9,
            "book_valuer_per_share_4q_avg": 16.98,
            "equity": 4171156,
            "current_ratio": 175.01,
            "debt_ratio": 62.81,
            "inventory_turnover_ratio": 0.41,
            "account_receivable_turnover_ratio": 1.81,
            "reinvestment_rate": 159.55,
            "research_to_sale_ratio": null,
            "price_fair": 108.46,
            "eps_avg_yearly": 4.11,
            "eps_latest_yearly": 0.76,
            "eps_growth_yearly": 16.4
        },
        "20092": {
            "year_quarter": 20092,
            "year": 2009,
            "quarter": 2,
            "eps": -0.81,
            "eps_growth_year": -910,
            "eps_4q": -2.95,
            "eps_4q_growth_year": -6133.98,
            "roe": -4.59,
            "roe_4q": -16.78,
            "gross_profit": -71308,
            "gross_margin": -4.69,
            "gross_margin_4q_avg": -8.77,
            "net_income": -192442,
            "net_income_4q": null,
            "revenue": 1519096,
            "revenue_4q": null,
            "common_shares": 1862032,
            "book_valuer_per_share": 15.86,
            "book_valuer_per_share_4q_avg": 16.24,
            "equity": 4218633,
            "current_ratio": 156.97,
            "debt_ratio": 61.98,
            "inventory_turnover_ratio": 0.55,
            "account_receivable_turnover_ratio": 1.5,
            "reinvestment_rate": 192.17,
            "research_to_sale_ratio": null,
            "price_fair": 166.6,
            "eps_avg_yearly": 4.76,
            "eps_latest_yearly": 0.76,
            "eps_growth_yearly": 79.74
        },
        "20093": {
            "year_quarter": 20093,
            "year": 2009,
            "quarter": 3,
            "eps": 1.48,
            "eps_growth_year": 678.95,
            "eps_4q": -1.13,
            "eps_4q_growth_year": -512.91,
            "roe": 8.41,
            "roe_4q": -9.68,
            "gross_profit": 336457,
            "gross_margin": 18.55,
            "gross_margin_4q_avg": -7.92,
            "net_income": 369490,
            "net_income_4q": null,
            "revenue": 1813324,
            "revenue_4q": null,
            "common_shares": 2053635,
            "book_valuer_per_share": 15.92,
            "book_valuer_per_share_4q_avg": 15.63,
            "equity": 4563881,
            "current_ratio": 205.69,
            "debt_ratio": 50.86,
            "inventory_turnover_ratio": 0.54,
            "account_receivable_turnover_ratio": 1.4,
            "reinvestment_rate": 112.16,
            "research_to_sale_ratio": null,
            "price_fair": 166.6,
            "eps_avg_yearly": 4.76,
            "eps_latest_yearly": 0.76,
            "eps_growth_yearly": 79.74
        },
        "20094": {
            "year_quarter": 20094,
            "year": 2009,
            "quarter": 4,
            "eps": -0.53,
            "eps_growth_year": null,
            "eps_4q": 0.74,
            "eps_4q_growth_year": null,
            "roe": -4.68,
            "roe_4q": 1.5600000000000005,
            "gross_profit": 76985,
            "gross_margin": 4.06,
            "gross_margin_4q_avg": 8.3,
            "net_income": -217346,
            "net_income_4q": null,
            "revenue": 1894809,
            "revenue_4q": null,
            "common_shares": 2054135,
            "book_valuer_per_share": 17.18,
            "book_valuer_per_share_4q_avg": 16.22,
            "equity": 4725954,
            "current_ratio": 169.1,
            "debt_ratio": 49.29,
            "inventory_turnover_ratio": 0.72,
            "account_receivable_turnover_ratio": 2.42,
            "reinvestment_rate": 15.69,
            "research_to_sale_ratio": null,
            "price_fair": 166.6,
            "eps_avg_yearly": 4.76,
            "eps_latest_yearly": 0.76,
            "eps_growth_yearly": 79.74
        },
        "20101": {
            "year_quarter": 20101,
            "year": 2010,
            "quarter": 1,
            "eps": 0.28,
            "eps_growth_year": -62.67,
            "eps_4q": 0.4,
            "eps_4q_growth_year": null,
            "roe": 2.1,
            "roe_4q": 1.2400000000000002,
            "gross_profit": 230072,
            "gross_margin": 11.04,
            "gross_margin_4q_avg": 7.24,
            "net_income": 100371,
            "net_income_4q": null,
            "revenue": 2083931,
            "revenue_4q": null,
            "common_shares": 2297912,
            "book_valuer_per_share": 15.7,
            "book_valuer_per_share_4q_avg": 16.17,
            "equity": 4830693,
            "current_ratio": 174.1,
            "debt_ratio": 48.45,
            "inventory_turnover_ratio": 0.87,
            "account_receivable_turnover_ratio": 1.28,
            "reinvestment_rate": 165.21,
            "research_to_sale_ratio": 0.19,
            "price_fair": 166.6,
            "eps_avg_yearly": 4.76,
            "eps_latest_yearly": 0.76,
            "eps_growth_yearly": 79.74
        },
        "20102": {
            "year_quarter": 20102,
            "year": 2010,
            "quarter": 2,
            "eps": 1.13,
            "eps_growth_year": null,
            "eps_4q": 2.15,
            "eps_4q_growth_year": null,
            "roe": 6.39,
            "roe_4q": 12.22,
            "gross_profit": 252000,
            "gross_margin": 11.96,
            "gross_margin_4q_avg": 11.4,
            "net_income": 314338,
            "net_income_4q": null,
            "revenue": 2107166,
            "revenue_4q": null,
            "common_shares": 2313408,
            "book_valuer_per_share": 16.2,
            "book_valuer_per_share_4q_avg": 16.25,
            "equity": 5007091,
            "current_ratio": 183.13,
            "debt_ratio": 44.41,
            "inventory_turnover_ratio": 0.74,
            "account_receivable_turnover_ratio": 1.28,
            "reinvestment_rate": 146.25,
            "research_to_sale_ratio": 0.2,
            "price_fair": 165.4,
            "eps_avg_yearly": 4.73,
            "eps_latest_yearly": 4.52,
            "eps_growth_yearly": 241.82
        },
        "20103": {
            "year_quarter": 20103,
            "year": 2010,
            "quarter": 3,
            "eps": 0.39,
            "eps_growth_year": -73.55,
            "eps_4q": 1.35,
            "eps_4q_growth_year": null,
            "roe": 4.62,
            "roe_4q": 8.43,
            "gross_profit": 370796,
            "gross_margin": 11.37,
            "gross_margin_4q_avg": 9.61,
            "net_income": 235535,
            "net_income_4q": null,
            "revenue": 3259904,
            "revenue_4q": null,
            "common_shares": 2544748,
            "book_valuer_per_share": 15.17,
            "book_valuer_per_share_4q_avg": 16.06,
            "equity": 5188438,
            "current_ratio": 194.52,
            "debt_ratio": 40.77,
            "inventory_turnover_ratio": 1.19,
            "account_receivable_turnover_ratio": 1.97,
            "reinvestment_rate": 291.77,
            "research_to_sale_ratio": 0.11,
            "price_fair": 155.8,
            "eps_avg_yearly": 4.45,
            "eps_latest_yearly": 1.56,
            "eps_growth_yearly": 205.68
        },
        "20104": {
            "year_quarter": 20104,
            "year": 2010,
            "quarter": 4,
            "eps": 0.17,
            "eps_growth_year": null,
            "eps_4q": 1.95,
            "eps_4q_growth_year": 164.02,
            "roe": 0.13,
            "roe_4q": 13.24,
            "gross_profit": 75353,
            "gross_margin": 3.1,
            "gross_margin_4q_avg": 9.37,
            "net_income": 6774,
            "net_income_4q": null,
            "revenue": 2431904,
            "revenue_4q": null,
            "common_shares": 2544977,
            "book_valuer_per_share": 15.44,
            "book_valuer_per_share_4q_avg": 15.63,
            "equity": 5394849,
            "current_ratio": 175.36,
            "debt_ratio": 40.12,
            "inventory_turnover_ratio": 1.24,
            "account_receivable_turnover_ratio": 1.41,
            "reinvestment_rate": 266.13,
            "research_to_sale_ratio": 0.3,
            "price_fair": 125,
            "eps_avg_yearly": 3.57,
            "eps_latest_yearly": 0.68,
            "eps_growth_yearly": 118.27
        },
        "20111": {
            "year_quarter": 20111,
            "year": 2011,
            "quarter": 1,
            "eps": 0.35,
            "eps_growth_year": 25,
            "eps_4q": 2.04,
            "eps_4q_growth_year": 408.36,
            "roe": 1.49,
            "roe_4q": 12.629999999999999,
            "gross_profit": 149277,
            "gross_margin": 5.41,
            "gross_margin_4q_avg": 7.96,
            "net_income": 81566,
            "net_income_4q": null,
            "revenue": 2760591,
            "revenue_4q": null,
            "common_shares": 2549863,
            "book_valuer_per_share": 16.03,
            "book_valuer_per_share_4q_avg": 15.71,
            "equity": 5588568,
            "current_ratio": 144.37,
            "debt_ratio": 43.53,
            "inventory_turnover_ratio": 1.38,
            "account_receivable_turnover_ratio": 1.53,
            "reinvestment_rate": 716.75,
            "research_to_sale_ratio": 0.31,
            "price_fair": 75.2,
            "eps_avg_yearly": 2.15,
            "eps_latest_yearly": 1.4,
            "eps_growth_yearly": 141.02
        },
        "20112": {
            "year_quarter": 20112,
            "year": 2011,
            "quarter": 2,
            "eps": 0.18,
            "eps_growth_year": -84.31,
            "eps_4q": 1.02,
            "eps_4q_growth_year": -52.62,
            "roe": 0.54,
            "roe_4q": 6.78,
            "gross_profit": 155665,
            "gross_margin": 9.05,
            "gross_margin_4q_avg": 7.23,
            "net_income": 26433,
            "net_income_4q": null,
            "revenue": 1720536,
            "revenue_4q": null,
            "common_shares": 2551233,
            "book_valuer_per_share": 14.8,
            "book_valuer_per_share_4q_avg": 15.36,
            "equity": 4276512,
            "current_ratio": 116.72,
            "debt_ratio": 47.34,
            "inventory_turnover_ratio": 0.81,
            "account_receivable_turnover_ratio": 1.19,
            "reinvestment_rate": 910.32,
            "research_to_sale_ratio": 0.25,
            "price_fair": 50.2,
            "eps_avg_yearly": 1.43,
            "eps_latest_yearly": 0.72,
            "eps_growth_yearly": 141.63
        },
        "20113": {
            "year_quarter": 20113,
            "year": 2011,
            "quarter": 3,
            "eps": -0.13,
            "eps_growth_year": -134.04,
            "eps_4q": 0.52,
            "eps_4q_growth_year": -61.24,
            "roe": -1.08,
            "roe_4q": 1.08,
            "gross_profit": 86004,
            "gross_margin": 5.14,
            "gross_margin_4q_avg": 5.68,
            "net_income": -45596,
            "net_income_4q": null,
            "revenue": 1673190,
            "revenue_4q": null,
            "common_shares": 2755331,
            "book_valuer_per_share": 13.57,
            "book_valuer_per_share_4q_avg": 14.96,
            "equity": 4204860,
            "current_ratio": 111.15,
            "debt_ratio": 46.9,
            "inventory_turnover_ratio": 0.9,
            "account_receivable_turnover_ratio": 1.62,
            "reinvestment_rate": 1049.1,
            "research_to_sale_ratio": 0.73,
            "price_fair": 50.2,
            "eps_avg_yearly": 1.43,
            "eps_latest_yearly": 0.72,
            "eps_growth_yearly": 141.63
        },
        "20114": {
            "year_quarter": 20114,
            "year": 2011,
            "quarter": 4,
            "eps": -1.81,
            "eps_growth_year": -1157.68,
            "eps_4q": -1.45,
            "eps_4q_growth_year": -174.36,
            "roe": -14.03,
            "roe_4q": -13.08,
            "gross_profit": 61368,
            "gross_margin": 4.3,
            "gross_margin_4q_avg": 5.98,
            "net_income": -580556,
            "net_income_4q": null,
            "revenue": 1428679,
            "revenue_4q": null,
            "common_shares": 2755331,
            "book_valuer_per_share": 12.81,
            "book_valuer_per_share_4q_avg": 14.3,
            "equity": 4070906,
            "current_ratio": 115.68,
            "debt_ratio": 47.44,
            "inventory_turnover_ratio": 0.85,
            "account_receivable_turnover_ratio": 1.5,
            "reinvestment_rate": null,
            "research_to_sale_ratio": 0.69,
            "price_fair": 50.2,
            "eps_avg_yearly": 1.43,
            "eps_latest_yearly": 0.72,
            "eps_growth_yearly": 141.63
        },
        "20121": {
            "year_quarter": 20121,
            "year": 2012,
            "quarter": 1,
            "eps": 0.16,
            "eps_growth_year": -54.29,
            "eps_4q": -1.61,
            "eps_4q_growth_year": -179.13,
            "roe": 1.3,
            "roe_4q": -13.27,
            "gross_profit": 110922,
            "gross_margin": 8,
            "gross_margin_4q_avg": 6.62,
            "net_income": 53375,
            "net_income_4q": null,
            "revenue": 1386264,
            "revenue_4q": null,
            "common_shares": 2755331,
            "book_valuer_per_share": 13.01,
            "book_valuer_per_share_4q_avg": 13.55,
            "equity": 4138313,
            "current_ratio": 120.16,
            "debt_ratio": 46.38,
            "inventory_turnover_ratio": 0.83,
            "account_receivable_turnover_ratio": 1.58,
            "reinvestment_rate": null,
            "research_to_sale_ratio": 0.55,
            "price_fair": 50.2,
            "eps_avg_yearly": 1.43,
            "eps_latest_yearly": 0.72,
            "eps_growth_yearly": 141.63
        },
        "20122": {
            "year_quarter": 20122,
            "year": 2012,
            "quarter": 2,
            "eps": 0.08,
            "eps_growth_year": -55.78,
            "eps_4q": -1.75,
            "eps_4q_growth_year": -272.29,
            "roe": 0.62,
            "roe_4q": -13.19,
            "gross_profit": 119836,
            "gross_margin": 8.28,
            "gross_margin_4q_avg": 6.43,
            "net_income": 25429,
            "net_income_4q": null,
            "revenue": 1447498,
            "revenue_4q": null,
            "common_shares": 2755331,
            "book_valuer_per_share": 13.12,
            "book_valuer_per_share_4q_avg": 13.13,
            "equity": 4094188,
            "current_ratio": 119.11,
            "debt_ratio": 46.37,
            "inventory_turnover_ratio": 0.86,
            "account_receivable_turnover_ratio": 1.66,
            "reinvestment_rate": null,
            "research_to_sale_ratio": 0.5,
            "price_fair": 49.8,
            "eps_avg_yearly": 1.42,
            "eps_latest_yearly": 0.32,
            "eps_growth_yearly": 159.42
        },
        "20123": {
            "year_quarter": 20123,
            "year": 2012,
            "quarter": 3,
            "eps": 0.07,
            "eps_growth_year": null,
            "eps_4q": -1.57,
            "eps_4q_growth_year": -399.91,
            "roe": 0.52,
            "roe_4q": -11.59,
            "gross_profit": 96323,
            "gross_margin": 6.94,
            "gross_margin_4q_avg": 6.88,
            "net_income": 21202,
            "net_income_4q": null,
            "revenue": 1388266,
            "revenue_4q": null,
            "common_shares": 2655331,
            "book_valuer_per_share": 13.05,
            "book_valuer_per_share_4q_avg": 13,
            "equity": 4023619,
            "current_ratio": 115.18,
            "debt_ratio": 46.01,
            "inventory_turnover_ratio": 0.84,
            "account_receivable_turnover_ratio": 1.62,
            "reinvestment_rate": null,
            "research_to_sale_ratio": 0.47,
            "price_fair": 47.4,
            "eps_avg_yearly": 1.35,
            "eps_latest_yearly": 0.28,
            "eps_growth_yearly": 100.85
        },
        "20124": {
            "year_quarter": 20124,
            "year": 2012,
            "quarter": 4,
            "eps": 0.1,
            "eps_growth_year": null,
            "eps_4q": 0.42,
            "eps_4q_growth_year": null,
            "roe": 0.4,
            "roe_4q": 2.84,
            "gross_profit": 135758,
            "gross_margin": 9.13,
            "gross_margin_4q_avg": 8.09,
            "net_income": 15676,
            "net_income_4q": null,
            "revenue": 1486452,
            "revenue_4q": null,
            "common_shares": 2655331,
            "book_valuer_per_share": 13.38,
            "book_valuer_per_share_4q_avg": 13.14,
            "equity": 3764766,
            "current_ratio": 110.52,
            "debt_ratio": 45.56,
            "inventory_turnover_ratio": 1.01,
            "account_receivable_turnover_ratio": 1.8,
            "reinvestment_rate": 386.43,
            "research_to_sale_ratio": 0.38,
            "price_fair": 43.23,
            "eps_avg_yearly": 1.24,
            "eps_latest_yearly": 0.4,
            "eps_growth_yearly": 109.67
        },
        "20131": {
            "year_quarter": 20131,
            "year": 2013,
            "quarter": 1,
            "eps": 0.3,
            "eps_growth_year": 87.5,
            "eps_4q": 0.56,
            "eps_4q_growth_year": null,
            "roe": 2.26,
            "roe_4q": 3.8,
            "gross_profit": 159019,
            "gross_margin": 12.54,
            "gross_margin_4q_avg": 9.22,
            "net_income": 86016,
            "net_income_4q": null,
            "revenue": 1267884,
            "revenue_4q": null,
            "common_shares": 2625331,
            "book_valuer_per_share": 13.69,
            "book_valuer_per_share_4q_avg": 13.31,
            "equity": 3857684,
            "current_ratio": 115.64,
            "debt_ratio": 44.39,
            "inventory_turnover_ratio": 0.97,
            "account_receivable_turnover_ratio": 1.63,
            "reinvestment_rate": 427.94,
            "research_to_sale_ratio": 0,
            "price_fair": 43.09,
            "eps_avg_yearly": 1.23,
            "eps_latest_yearly": 1.2,
            "eps_growth_yearly": 186.37
        },
        "20132": {
            "year_quarter": 20132,
            "year": 2013,
            "quarter": 2,
            "eps": 0.15,
            "eps_growth_year": 90.78,
            "eps_4q": 0.62,
            "eps_4q_growth_year": null,
            "roe": 0.95,
            "roe_4q": 4.13,
            "gross_profit": 128831,
            "gross_margin": 10.38,
            "gross_margin_4q_avg": 9.75,
            "net_income": 36662,
            "net_income_4q": null,
            "revenue": 1240583,
            "revenue_4q": null,
            "common_shares": 2625331,
            "book_valuer_per_share": 13.62,
            "book_valuer_per_share_4q_avg": 13.44,
            "equity": 3832848,
            "current_ratio": 114.49,
            "debt_ratio": 45.19,
            "inventory_turnover_ratio": 0.99,
            "account_receivable_turnover_ratio": 1.59,
            "reinvestment_rate": 263.43,
            "research_to_sale_ratio": 0,
            "price_fair": 40.88,
            "eps_avg_yearly": 1.17,
            "eps_latest_yearly": 0.6,
            "eps_growth_yearly": 147.74
        },
        "20133": {
            "year_quarter": 20133,
            "year": 2013,
            "quarter": 3,
            "eps": 0.18,
            "eps_growth_year": 158.58,
            "eps_4q": 0.73,
            "eps_4q_growth_year": null,
            "roe": 1.13,
            "roe_4q": 4.74,
            "gross_profit": 116271,
            "gross_margin": 8.09,
            "gross_margin_4q_avg": 10.04,
            "net_income": 43372,
            "net_income_4q": null,
            "revenue": 1437499,
            "revenue_4q": null,
            "common_shares": 2625331,
            "book_valuer_per_share": 13.77,
            "book_valuer_per_share_4q_avg": 13.62,
            "equity": 3839130,
            "current_ratio": 136.69,
            "debt_ratio": 44.39,
            "inventory_turnover_ratio": 1.21,
            "account_receivable_turnover_ratio": 1.7,
            "reinvestment_rate": 307.02,
            "research_to_sale_ratio": 0,
            "price_fair": 39.45,
            "eps_avg_yearly": 1.13,
            "eps_latest_yearly": 0.72,
            "eps_growth_yearly": 141.58
        },
        "20134": {
            "year_quarter": 20134,
            "year": 2013,
            "quarter": 4,
            "eps": 0.05,
            "eps_growth_year": -53.39,
            "eps_4q": 0.68,
            "eps_4q_growth_year": 62.78,
            "roe": 0.42,
            "roe_4q": 4.76,
            "gross_profit": 132544,
            "gross_margin": 9.57,
            "gross_margin_4q_avg": 10.15,
            "net_income": 15971,
            "net_income_4q": null,
            "revenue": 1385106,
            "revenue_4q": null,
            "common_shares": 2625331,
            "book_valuer_per_share": 13.8,
            "book_valuer_per_share_4q_avg": 13.72,
            "equity": 3855764,
            "current_ratio": 139.96,
            "debt_ratio": 39.06,
            "inventory_turnover_ratio": 1.19,
            "account_receivable_turnover_ratio": 1.67,
            "reinvestment_rate": 1.54,
            "research_to_sale_ratio": 0,
            "price_fair": 36.75,
            "eps_avg_yearly": 1.05,
            "eps_latest_yearly": 0.2,
            "eps_growth_yearly": 105.71
        },
        "20141": {
            "year_quarter": 20141,
            "year": 2014,
            "quarter": 1,
            "eps": -0.13,
            "eps_growth_year": -143.33,
            "eps_4q": 0.24,
            "eps_4q_growth_year": -56.41,
            "roe": -0.73,
            "roe_4q": 1.7699999999999998,
            "gross_profit": 119369,
            "gross_margin": 8.95,
            "gross_margin_4q_avg": 9.25,
            "net_income": -27887,
            "net_income_4q": null,
            "revenue": 1334173,
            "revenue_4q": null,
            "common_shares": 2625331,
            "book_valuer_per_share": 13.65,
            "book_valuer_per_share_4q_avg": 13.71,
            "equity": 3829705,
            "current_ratio": 135.82,
            "debt_ratio": 40.28,
            "inventory_turnover_ratio": 1.12,
            "account_receivable_turnover_ratio": 1.74,
            "reinvestment_rate": 16.05,
            "research_to_sale_ratio": null,
            "price_fair": 36.75,
            "eps_avg_yearly": 1.05,
            "eps_latest_yearly": 0.2,
            "eps_growth_yearly": 105.71
        },
        "20142": {
            "year_quarter": 20142,
            "year": 2014,
            "quarter": 2,
            "eps": 0.78,
            "eps_growth_year": 420,
            "eps_4q": 0.89,
            "eps_4q_growth_year": 42.06,
            "roe": 5.51,
            "roe_4q": 6.329999999999999,
            "gross_profit": 326740,
            "gross_margin": 20.14,
            "gross_margin_4q_avg": 11.69,
            "net_income": 211533,
            "net_income_4q": null,
            "revenue": 1622699,
            "revenue_4q": null,
            "common_shares": 2625331,
            "book_valuer_per_share": 14,
            "book_valuer_per_share_4q_avg": 13.81,
            "equity": 3851689,
            "current_ratio": 134.77,
            "debt_ratio": 42.75,
            "inventory_turnover_ratio": 1.08,
            "account_receivable_turnover_ratio": 1.94,
            "reinvestment_rate": 2.32,
            "research_to_sale_ratio": null,
            "price_fair": 10.96,
            "eps_avg_yearly": 0.73,
            "eps_latest_yearly": 0.2,
            "eps_growth_yearly": 4.93
        },
        "20143": {
            "year_quarter": 20143,
            "year": 2014,
            "quarter": 3,
            "eps": 0.33,
            "eps_growth_year": 83.33,
            "eps_4q": 1.04,
            "eps_4q_growth_year": 41.31,
            "roe": 2.4,
            "roe_4q": 7.6,
            "gross_profit": 126588,
            "gross_margin": 9.45,
            "gross_margin_4q_avg": 12.03,
            "net_income": 93510,
            "net_income_4q": null,
            "revenue": 1339351,
            "revenue_4q": null,
            "common_shares": 2595331,
            "book_valuer_per_share": 14.12,
            "book_valuer_per_share_4q_avg": 13.89,
            "equity": 3927014,
            "current_ratio": 136.68,
            "debt_ratio": 41.58,
            "inventory_turnover_ratio": 0.89,
            "account_receivable_turnover_ratio": 1.73,
            "reinvestment_rate": -753.19,
            "research_to_sale_ratio": null,
            "price_fair": 12.66,
            "eps_avg_yearly": 0.71,
            "eps_latest_yearly": 1.32,
            "eps_growth_yearly": 7.76
        },
        "20144": {
            "year_quarter": 20144,
            "year": 2014,
            "quarter": 4,
            "eps": -0.06,
            "eps_growth_year": -229.73,
            "eps_4q": 0.93,
            "eps_4q_growth_year": 36.44,
            "roe": -0.26,
            "roe_4q": 6.92,
            "gross_profit": 75865,
            "gross_margin": 5.49,
            "gross_margin_4q_avg": 11.01,
            "net_income": -10177,
            "net_income_4q": null,
            "revenue": 1382468,
            "revenue_4q": null,
            "common_shares": 2591261,
            "book_valuer_per_share": 14.23,
            "book_valuer_per_share_4q_avg": 14,
            "equity": 3975189,
            "current_ratio": 140.33,
            "debt_ratio": 40.55,
            "inventory_turnover_ratio": 0.93,
            "account_receivable_turnover_ratio": 2.05,
            "reinvestment_rate": -1066.9,
            "research_to_sale_ratio": null,
            "price_fair": 25.06,
            "eps_avg_yearly": 0.72,
            "eps_latest_yearly": 1.32,
            "eps_growth_yearly": 31.1
        },
        "20151": {
            "year_quarter": 20151,
            "year": 2015,
            "quarter": 1,
            "eps": 0.06,
            "eps_growth_year": null,
            "eps_4q": 1.12,
            "eps_4q_growth_year": 362.67,
            "roe": 0.33,
            "roe_4q": 7.9799999999999995,
            "gross_profit": 81826,
            "gross_margin": 7.38,
            "gross_margin_4q_avg": 10.62,
            "net_income": 13249,
            "net_income_4q": null,
            "revenue": 1109285,
            "revenue_4q": null,
            "common_shares": 2591261,
            "book_valuer_per_share": 14.24,
            "book_valuer_per_share_4q_avg": 14.15,
            "equity": 3968397,
            "current_ratio": 142.65,
            "debt_ratio": 39.63,
            "inventory_turnover_ratio": 0.72,
            "account_receivable_turnover_ratio": 1.7,
            "reinvestment_rate": -2889.14,
            "research_to_sale_ratio": null,
            "price_fair": 1.92,
            "eps_avg_yearly": 0.64,
            "eps_latest_yearly": 1.32,
            "eps_growth_yearly": -12.5
        },
        "20152": {
            "year_quarter": 20152,
            "year": 2015,
            "quarter": 2,
            "eps": 0.12,
            "eps_growth_year": -84.62,
            "eps_4q": 0.45,
            "eps_4q_growth_year": -49.44,
            "roe": 0.67,
            "roe_4q": 3.1399999999999997,
            "gross_profit": 122285,
            "gross_margin": 10.39,
            "gross_margin_4q_avg": 8.18,
            "net_income": 25823,
            "net_income_4q": null,
            "revenue": 1177430,
            "revenue_4q": null,
            "common_shares": 2591261,
            "book_valuer_per_share": 13.45,
            "book_valuer_per_share_4q_avg": 14.01,
            "equity": 3757563,
            "current_ratio": 135.33,
            "debt_ratio": 41.84,
            "inventory_turnover_ratio": 0.76,
            "account_receivable_turnover_ratio": 2,
            "reinvestment_rate": -2366.33,
            "research_to_sale_ratio": null,
            "price_fair": 21.47,
            "eps_avg_yearly": 0.61,
            "eps_latest_yearly": 0.48,
            "eps_growth_yearly": 53.53
        },
        "20153": {
            "year_quarter": 20153,
            "year": 2015,
            "quarter": 3,
            "eps": -1.84,
            "eps_growth_year": -657.58,
            "eps_4q": -1.75,
            "eps_4q_growth_year": -269.38,
            "roe": -17.46,
            "roe_4q": -16.720000000000002,
            "gross_profit": 97212,
            "gross_margin": 9.48,
            "gross_margin_4q_avg": 8.19,
            "net_income": -588690,
            "net_income_4q": null,
            "revenue": 1025973,
            "revenue_4q": null,
            "common_shares": 2591261,
            "book_valuer_per_share": 11.44,
            "book_valuer_per_share_4q_avg": 13.34,
            "equity": 2987077,
            "current_ratio": 133.17,
            "debt_ratio": 46.91,
            "inventory_turnover_ratio": 0.72,
            "account_receivable_turnover_ratio": 1.85,
            "reinvestment_rate": null,
            "research_to_sale_ratio": null,
            "price_fair": 21.47,
            "eps_avg_yearly": 0.61,
            "eps_latest_yearly": 0.48,
            "eps_growth_yearly": 53.53
        },
        "20154": {
            "year_quarter": 20154,
            "year": 2015,
            "quarter": 4,
            "eps": 0.23,
            "eps_growth_year": null,
            "eps_4q": -1.5,
            "eps_4q_growth_year": -262.32,
            "roe": 2.11,
            "roe_4q": -14.350000000000001,
            "gross_profit": 157210,
            "gross_margin": 13.99,
            "gross_margin_4q_avg": 10.31,
            "net_income": 62413,
            "net_income_4q": null,
            "revenue": 1123356,
            "revenue_4q": null,
            "common_shares": 2531261,
            "book_valuer_per_share": 11.44,
            "book_valuer_per_share_4q_avg": 12.64,
            "equity": 2921556,
            "current_ratio": 128.6,
            "debt_ratio": 47.47,
            "inventory_turnover_ratio": 0.79,
            "account_receivable_turnover_ratio": 2.08,
            "reinvestment_rate": -627.45,
            "research_to_sale_ratio": null,
            "price_fair": 21.47,
            "eps_avg_yearly": 0.61,
            "eps_latest_yearly": 0.48,
            "eps_growth_yearly": 53.53
        },
        "20161": {
            "year_quarter": 20161,
            "year": 2016,
            "quarter": 1,
            "eps": 0.32,
            "eps_growth_year": 433.33,
            "eps_4q": -1.26,
            "eps_4q_growth_year": -212.77,
            "roe": 2.81,
            "roe_4q": -11.870000000000001,
            "gross_profit": 159039,
            "gross_margin": 15.56,
            "gross_margin_4q_avg": 12.36,
            "net_income": 83438,
            "net_income_4q": null,
            "revenue": 1022212,
            "revenue_4q": null,
            "common_shares": 2441261,
            "book_valuer_per_share": 11.61,
            "book_valuer_per_share_4q_avg": 11.99,
            "equity": 3010364,
            "current_ratio": 126.85,
            "debt_ratio": 46.25,
            "inventory_turnover_ratio": 0.74,
            "account_receivable_turnover_ratio": 1.83,
            "reinvestment_rate": -500.78,
            "research_to_sale_ratio": null,
            "price_fair": 23.8,
            "eps_avg_yearly": 0.68,
            "eps_latest_yearly": 1.28,
            "eps_growth_yearly": 63.83
        },
        "20162": {
            "year_quarter": 20162,
            "year": 2016,
            "quarter": 2,
            "eps": 0.49,
            "eps_growth_year": 308.33,
            "eps_4q": -0.92,
            "eps_4q_growth_year": -306.02,
            "roe": 4.34,
            "roe_4q": -8.200000000000001,
            "gross_profit": 224172,
            "gross_margin": 20.06,
            "gross_margin_4q_avg": 14.77,
            "net_income": 132093,
            "net_income_4q": null,
            "revenue": 1117260,
            "revenue_4q": null,
            "common_shares": 2411261,
            "book_valuer_per_share": 12.02,
            "book_valuer_per_share_4q_avg": 11.63,
            "equity": 3076278,
            "current_ratio": 130.22,
            "debt_ratio": 46.06,
            "inventory_turnover_ratio": 0.75,
            "account_receivable_turnover_ratio": 1.98,
            "reinvestment_rate": -307.45,
            "research_to_sale_ratio": null,
            "price_fair": 29.54,
            "eps_avg_yearly": 0.84,
            "eps_latest_yearly": 1.96,
            "eps_growth_yearly": 105.08
        },
        "20163": {
            "year_quarter": 20163,
            "year": 2016,
            "quarter": 3,
            "eps": 0.48,
            "eps_growth_year": null,
            "eps_4q": 1.54,
            "eps_4q_growth_year": null,
            "roe": 4.12,
            "roe_4q": 13.38,
            "gross_profit": 209686,
            "gross_margin": 18.23,
            "gross_margin_4q_avg": 16.96,
            "net_income": 128058,
            "net_income_4q": null,
            "revenue": 1150350,
            "revenue_4q": null,
            "common_shares": 2411261,
            "book_valuer_per_share": 12.54,
            "book_valuer_per_share_4q_avg": 11.9,
            "equity": 3142174,
            "current_ratio": 126.13,
            "debt_ratio": 47,
            "inventory_turnover_ratio": 0.74,
            "account_receivable_turnover_ratio": 2.05,
            "reinvestment_rate": -266.75,
            "research_to_sale_ratio": null,
            "price_fair": 35.28,
            "eps_avg_yearly": 1.01,
            "eps_latest_yearly": 1.92,
            "eps_growth_yearly": 109.26
        },
        "20164": {
            "year_quarter": 20164,
            "year": 2016,
            "quarter": 4,
            "eps": 0.35,
            "eps_growth_year": 51.2,
            "eps_4q": 1.66,
            "eps_4q_growth_year": null,
            "roe": 2.9,
            "roe_4q": 14.17,
            "gross_profit": 176770,
            "gross_margin": 14.79,
            "gross_margin_4q_avg": 17.16,
            "net_income": 92326,
            "net_income_4q": null,
            "revenue": 1195300,
            "revenue_4q": null,
            "common_shares": 2371261,
            "book_valuer_per_share": 13.02,
            "book_valuer_per_share_4q_avg": 12.3,
            "equity": 3221615,
            "current_ratio": 126.76,
            "debt_ratio": 46.12,
            "inventory_turnover_ratio": 0.79,
            "account_receivable_turnover_ratio": 2.11,
            "reinvestment_rate": -260.7,
            "research_to_sale_ratio": null,
            "price_fair": 38.78,
            "eps_avg_yearly": 1.11,
            "eps_latest_yearly": 1.4,
            "eps_growth_yearly": 81.29
        },
        "20171": {
            "year_quarter": 20171,
            "year": 2017,
            "quarter": 1,
            "eps": 0.52,
            "eps_growth_year": 62.5,
            "eps_4q": 1.85,
            "eps_4q_growth_year": null,
            "roe": 4.16,
            "roe_4q": 15.52,
            "gross_profit": 231666,
            "gross_margin": 19.19,
            "gross_margin_4q_avg": 18.07,
            "net_income": 138056,
            "net_income_4q": null,
            "revenue": 1206956,
            "revenue_4q": null,
            "common_shares": 2365261,
            "book_valuer_per_share": 13.76,
            "book_valuer_per_share_4q_avg": 12.84,
            "equity": 3407833,
            "current_ratio": 138.9,
            "debt_ratio": 44.65,
            "inventory_turnover_ratio": 0.72,
            "account_receivable_turnover_ratio": 1.99,
            "reinvestment_rate": -215.33,
            "research_to_sale_ratio": null,
            "price_fair": 36.74,
            "eps_avg_yearly": 1.2,
            "eps_latest_yearly": 2.08,
            "eps_growth_yearly": 20.72
        },
        "20172": {
            "year_quarter": 20172,
            "year": 2017,
            "quarter": 2,
            "eps": 0.34,
            "eps_growth_year": -30.61,
            "eps_4q": 1.69,
            "eps_4q_growth_year": null,
            "roe": 2.86,
            "roe_4q": 14.04,
            "gross_profit": 188039,
            "gross_margin": 16.3,
            "gross_margin_4q_avg": 17.13,
            "net_income": 95884,
            "net_income_4q": null,
            "revenue": 1153882,
            "revenue_4q": null,
            "common_shares": 2365261,
            "book_valuer_per_share": 13.47,
            "book_valuer_per_share_4q_avg": 13.2,
            "equity": 3308856,
            "current_ratio": 128.12,
            "debt_ratio": 47.66,
            "inventory_turnover_ratio": 0.65,
            "account_receivable_turnover_ratio": 1.82,
            "reinvestment_rate": -189.94,
            "research_to_sale_ratio": null,
            "price_fair": 44.52,
            "eps_avg_yearly": 1.27,
            "eps_latest_yearly": 1.36,
            "eps_growth_yearly": 26.87
        },
        "20173": {
            "year_quarter": 20173,
            "year": 2017,
            "quarter": 3,
            "eps": 0.29,
            "eps_growth_year": -39.58,
            "eps_4q": 1.5,
            "eps_4q_growth_year": -2.42,
            "roe": 2.31,
            "roe_4q": 12.23,
            "gross_profit": 173625,
            "gross_margin": 12.73,
            "gross_margin_4q_avg": 15.75,
            "net_income": 76845,
            "net_income_4q": null,
            "revenue": 1363708,
            "revenue_4q": null,
            "common_shares": 2335261,
            "book_valuer_per_share": 13.73,
            "book_valuer_per_share_4q_avg": 13.5,
            "equity": 3337747,
            "current_ratio": 132.57,
            "debt_ratio": 45.8,
            "inventory_turnover_ratio": 0.79,
            "account_receivable_turnover_ratio": 2.05,
            "reinvestment_rate": -84.77,
            "research_to_sale_ratio": null,
            "price_fair": 30.25,
            "eps_avg_yearly": 1.32,
            "eps_latest_yearly": 1.16,
            "eps_growth_yearly": 12.99
        },
        "20174": {
            "year_quarter": 20174,
            "year": 2017,
            "quarter": 4,
            "eps": 0.31,
            "eps_growth_year": -10.64,
            "eps_4q": 1.46,
            "eps_4q_growth_year": -11.67,
            "roe": 2.37,
            "roe_4q": 11.7,
            "gross_profit": 138756,
            "gross_margin": 12.14,
            "gross_margin_4q_avg": 15.09,
            "net_income": 79057,
            "net_income_4q": null,
            "revenue": 1142675,
            "revenue_4q": null,
            "common_shares": 2335261,
            "book_valuer_per_share": 13.79,
            "book_valuer_per_share_4q_avg": 13.69,
            "equity": 3345494,
            "current_ratio": 140.33,
            "debt_ratio": 44.23,
            "inventory_turnover_ratio": 0.67,
            "account_receivable_turnover_ratio": 1.75,
            "reinvestment_rate": -27.25,
            "research_to_sale_ratio": null,
            "price_fair": 49.7,
            "eps_avg_yearly": 1.42,
            "eps_latest_yearly": 1.24,
            "eps_growth_yearly": 44.63
        },
        "20181": {
            "year_quarter": 20181,
            "year": 2018,
            "quarter": 1,
            "eps": 0.46,
            "eps_growth_year": -11.54,
            "eps_4q": 1.4,
            "eps_4q_growth_year": -24.09,
            "roe": 3.2,
            "roe_4q": 10.74,
            "gross_profit": 125492,
            "gross_margin": 10.57,
            "gross_margin_4q_avg": 12.94,
            "net_income": 108031,
            "net_income_4q": null,
            "revenue": 1187008,
            "revenue_4q": null,
            "common_shares": 2305261,
            "book_valuer_per_share": 14.2,
            "book_valuer_per_share_4q_avg": 13.8,
            "equity": 3409818,
            "current_ratio": 155.32,
            "debt_ratio": 43.77,
            "inventory_turnover_ratio": 0.7,
            "account_receivable_turnover_ratio": 1.95,
            "reinvestment_rate": -89.69,
            "research_to_sale_ratio": null,
            "price_fair": 51.04,
            "eps_avg_yearly": 1.46,
            "eps_latest_yearly": 1.84,
            "eps_growth_yearly": 58.17
        },
        "20182": {
            "year_quarter": 20182,
            "year": 2018,
            "quarter": 2,
            "eps": 0.5,
            "eps_growth_year": 47.06,
            "eps_4q": 1.56,
            "eps_4q_growth_year": -7.53,
            "roe": 3.69,
            "roe_4q": 11.570000000000002,
            "gross_profit": 136128,
            "gross_margin": 11.01,
            "gross_margin_4q_avg": 11.61,
            "net_income": 121261,
            "net_income_4q": null,
            "revenue": 1236789,
            "revenue_4q": null,
            "common_shares": 2305261,
            "book_valuer_per_share": 13.12,
            "book_valuer_per_share_4q_avg": 13.71,
            "equity": 3170668,
            "current_ratio": 142.13,
            "debt_ratio": 49.36,
            "inventory_turnover_ratio": 0.69,
            "account_receivable_turnover_ratio": 1.93,
            "reinvestment_rate": -106.73,
            "research_to_sale_ratio": null,
            "price_fair": 52.62,
            "eps_avg_yearly": 1.5,
            "eps_latest_yearly": 2,
            "eps_growth_yearly": 56.22
        },
        "20183": {
            "year_quarter": 20183,
            "year": 2018,
            "quarter": 3,
            "eps": 0.38,
            "eps_growth_year": 31.03,
            "eps_4q": 1.67,
            "eps_4q_growth_year": 11.25,
            "roe": 2.87,
            "roe_4q": 12.130000000000003,
            "gross_profit": 88673,
            "gross_margin": 7.86,
            "gross_margin_4q_avg": 10.4,
            "net_income": 89804,
            "net_income_4q": null,
            "revenue": 1127469,
            "revenue_4q": null,
            "common_shares": 2305261,
            "book_valuer_per_share": 13.53,
            "book_valuer_per_share_4q_avg": 13.66,
            "equity": 3077605,
            "current_ratio": 142.23,
            "debt_ratio": 47.21,
            "inventory_turnover_ratio": 0.65,
            "account_receivable_turnover_ratio": 1.88,
            "reinvestment_rate": -111.84,
            "research_to_sale_ratio": null,
            "price_fair": 53.2,
            "eps_avg_yearly": 1.52,
            "eps_latest_yearly": 1.52,
            "eps_growth_yearly": 67.45
        },
        "20184": {
            "year_quarter": 20184,
            "year": 2018,
            "quarter": 4,
            "eps": -0.03,
            "eps_growth_year": -110.23,
            "eps_4q": 1.34,
            "eps_4q_growth_year": -8.46,
            "roe": -0.24,
            "roe_4q": 9.52,
            "gross_profit": 75114,
            "gross_margin": 6.34,
            "gross_margin_4q_avg": 8.95,
            "net_income": -7310,
            "net_income_4q": null,
            "revenue": 1184410,
            "revenue_4q": null,
            "common_shares": 2245261,
            "book_valuer_per_share": 13.42,
            "book_valuer_per_share_4q_avg": 13.57,
            "equity": 3013900,
            "current_ratio": 138.73,
            "debt_ratio": 47.36,
            "inventory_turnover_ratio": 0.72,
            "account_receivable_turnover_ratio": 2.28,
            "reinvestment_rate": -100.61,
            "research_to_sale_ratio": null,
            "price_fair": 53.2,
            "eps_avg_yearly": 1.52,
            "eps_latest_yearly": 1.52,
            "eps_growth_yearly": 67.45
        },
        "20191": {
            "year_quarter": 20191,
            "year": 2019,
            "quarter": 1,
            "eps": 1.04,
            "eps_growth_year": 126.09,
            "eps_4q": 1.92,
            "eps_4q_growth_year": 37.08,
            "roe": 7.41,
            "roe_4q": 13.729999999999999,
            "gross_profit": 207962,
            "gross_margin": 15.35,
            "gross_margin_4q_avg": 10.14,
            "net_income": 231712,
            "net_income_4q": null,
            "revenue": 1355147,
            "revenue_4q": null,
            "common_shares": 2245261,
            "book_valuer_per_share": 14.7,
            "book_valuer_per_share_4q_avg": 13.69,
            "equity": 3240206,
            "current_ratio": 148.22,
            "debt_ratio": 45.4,
            "inventory_turnover_ratio": 0.8,
            "account_receivable_turnover_ratio": 1.98,
            "reinvestment_rate": -68.05,
            "research_to_sale_ratio": null,
            "price_fair": 53.2,
            "eps_avg_yearly": 1.52,
            "eps_latest_yearly": 1.52,
            "eps_growth_yearly": 67.45
        },
        "20192": {
            "year_quarter": 20192,
            "year": 2019,
            "quarter": 2,
            "eps": 0.21,
            "eps_growth_year": -58,
            "eps_4q": 1.61,
            "eps_4q_growth_year": 3.33,
            "roe": 1.5,
            "roe_4q": 11.54,
            "gross_profit": 90094,
            "gross_margin": 9.31,
            "gross_margin_4q_avg": 9.72,
            "net_income": 46493,
            "net_income_4q": null,
            "revenue": 967735,
            "revenue_4q": null,
            "common_shares": 2225261,
            "book_valuer_per_share": 13.37,
            "book_valuer_per_share_4q_avg": 13.76,
            "equity": 2973922,
            "current_ratio": 130.59,
            "debt_ratio": 51.7,
            "inventory_turnover_ratio": 0.65,
            "account_receivable_turnover_ratio": 1.43,
            "reinvestment_rate": -64.25,
            "research_to_sale_ratio": null,
            "price_fair": 27.15,
            "eps_avg_yearly": 1.55,
            "eps_latest_yearly": 0.84,
            "eps_growth_yearly": 7.52
        },
        "20193": {
            "year_quarter": 20193,
            "year": 2019,
            "quarter": 3,
            "eps": 0.38,
            "eps_growth_year": 0,
            "eps_4q": 1.6,
            "eps_4q_growth_year": -4.54,
            "roe": 2.72,
            "roe_4q": 11.39,
            "gross_profit": 98061,
            "gross_margin": 8.81,
            "gross_margin_4q_avg": 9.95,
            "net_income": 82703,
            "net_income_4q": null,
            "revenue": 1113602,
            "revenue_4q": null,
            "common_shares": 2225261,
            "book_valuer_per_share": 13.93,
            "book_valuer_per_share_4q_avg": 13.86,
            "equity": 3099406,
            "current_ratio": 135.3,
            "debt_ratio": 52.25,
            "inventory_turnover_ratio": 0.72,
            "account_receivable_turnover_ratio": 2.23,
            "reinvestment_rate": -30.76,
            "research_to_sale_ratio": null,
            "price_fair": 54.17,
            "eps_avg_yearly": 1.55,
            "eps_latest_yearly": 1.52,
            "eps_growth_yearly": 31.85
        },
        "20194": {
            "year_quarter": 20194,
            "year": 2019,
            "quarter": 4,
            "eps": 0.33,
            "eps_growth_year": null,
            "eps_4q": 1.96,
            "eps_4q_growth_year": 46.59,
            "roe": 2.39,
            "roe_4q": 14.02,
            "gross_profit": 85129,
            "gross_margin": 8.13,
            "gross_margin_4q_avg": 10.4,
            "net_income": 74423,
            "net_income_4q": null,
            "revenue": 1046887,
            "revenue_4q": null,
            "common_shares": 2225261,
            "book_valuer_per_share": 14.08,
            "book_valuer_per_share_4q_avg": 14.02,
            "equity": 3131106,
            "current_ratio": 144.76,
            "debt_ratio": 50.32,
            "inventory_turnover_ratio": 0.7,
            "account_receivable_turnover_ratio": 2.25,
            "reinvestment_rate": -30.19,
            "research_to_sale_ratio": null,
            "price_fair": 53.6,
            "eps_avg_yearly": 1.53,
            "eps_latest_yearly": 1.32,
            "eps_growth_yearly": 25.81
        },
        "20201": {
            "year_quarter": 20201,
            "year": 2020,
            "quarter": 1,
            "eps": -0.02,
            "eps_growth_year": -101.92,
            "eps_4q": 0.9,
            "eps_4q_growth_year": -53.33,
            "roe": -0.17,
            "roe_4q": 6.44,
            "gross_profit": 94835,
            "gross_margin": 7.56,
            "gross_margin_4q_avg": 8.45,
            "net_income": -5393,
            "net_income_4q": null,
            "revenue": 1255212,
            "revenue_4q": null,
            "common_shares": 2225261,
            "book_valuer_per_share": 13.76,
            "book_valuer_per_share_4q_avg": 13.79,
            "equity": 3060411,
            "current_ratio": 139.23,
            "debt_ratio": 52.76,
            "inventory_turnover_ratio": 0.84,
            "account_receivable_turnover_ratio": 2.57,
            "reinvestment_rate": -34.31,
            "research_to_sale_ratio": null,
            "price_fair": 39.95,
            "eps_avg_yearly": 1.55,
            "eps_latest_yearly": 1.32,
            "eps_growth_yearly": 15.76
        },
        "20202": {
            "year_quarter": 20202,
            "year": 2020,
            "quarter": 2,
            "eps": 0.59,
            "eps_growth_year": 180.95,
            "eps_4q": 1.28,
            "eps_4q_growth_year": -20.76,
            "roe": 4.46,
            "roe_4q": 9.4,
            "gross_profit": 77879,
            "gross_margin": 6.53,
            "gross_margin_4q_avg": 7.76,
            "net_income": 131292,
            "net_income_4q": null,
            "revenue": 1192700,
            "revenue_4q": null,
            "common_shares": 2225261,
            "book_valuer_per_share": 12.74,
            "book_valuer_per_share_4q_avg": 13.63,
            "equity": 2832956,
            "current_ratio": 129.15,
            "debt_ratio": 56.14,
            "inventory_turnover_ratio": 0.75,
            "account_receivable_turnover_ratio": 2.23,
            "reinvestment_rate": -38.82,
            "research_to_sale_ratio": null,
            "price_fair": 4.55,
            "eps_avg_yearly": 1.52,
            "eps_latest_yearly": 1.32,
            "eps_growth_yearly": -0.64
        },
        "20203": {
            "year_quarter": 20203,
            "year": 2020,
            "quarter": 3,
            "eps": 0.75,
            "eps_growth_year": 97.37,
            "eps_4q": 1.66,
            "eps_4q_growth_year": 3.93,
            "roe": 5.79,
            "roe_4q": 12.47,
            "gross_profit": 146288,
            "gross_margin": 11.03,
            "gross_margin_4q_avg": 8.31,
            "net_income": 167982,
            "net_income_4q": null,
            "revenue": 1326288,
            "revenue_4q": null,
            "common_shares": 2225261,
            "book_valuer_per_share": 13.37,
            "book_valuer_per_share_4q_avg": 13.49,
            "equity": 2973134,
            "current_ratio": 131.44,
            "debt_ratio": 56.5,
            "inventory_turnover_ratio": 0.72,
            "account_receivable_turnover_ratio": 2.56,
            "reinvestment_rate": -31.45,
            "research_to_sale_ratio": null,
            "price_fair": 30.66,
            "eps_avg_yearly": 1.61,
            "eps_latest_yearly": 3,
            "eps_growth_yearly": 9.08
        },
        "20204": {
            "year_quarter": 20204,
            "year": 2020,
            "quarter": 4,
            "eps": 0.44,
            "eps_growth_year": 31.74,
            "eps_4q": 1.76,
            "eps_4q_growth_year": -10.09,
            "roe": 3.21,
            "roe_4q": 13.290000000000001,
            "gross_profit": 171566,
            "gross_margin": 13.2,
            "gross_margin_4q_avg": 9.58,
            "net_income": 98263,
            "net_income_4q": null,
            "revenue": 1299567,
            "revenue_4q": null,
            "common_shares": 2225261,
            "book_valuer_per_share": 14.1,
            "book_valuer_per_share_4q_avg": 13.49,
            "equity": 3144355,
            "current_ratio": 143.83,
            "debt_ratio": 53.61,
            "inventory_turnover_ratio": 0.66,
            "account_receivable_turnover_ratio": 2.36,
            "reinvestment_rate": -22.36,
            "research_to_sale_ratio": null,
            "price_fair": 23.46,
            "eps_avg_yearly": 1.64,
            "eps_latest_yearly": 1.76,
            "eps_growth_yearly": 4.33
        },
        "20211": {
            "year_quarter": 20211,
            "year": 2021,
            "quarter": 1,
            "eps": 1.47,
            "eps_growth_year": null,
            "eps_4q": 3.26,
            "eps_4q_growth_year": 263.36,
            "roe": 9.84,
            "roe_4q": 23.3,
            "gross_profit": 199169,
            "gross_margin": 14.6,
            "gross_margin_4q_avg": 11.34,
            "net_income": 327585,
            "net_income_4q": null,
            "revenue": 1363838,
            "revenue_4q": null,
            "common_shares": 2225261,
            "book_valuer_per_share": 15.76,
            "book_valuer_per_share_4q_avg": 13.99,
            "equity": 3512546,
            "current_ratio": 156.32,
            "debt_ratio": 50.36,
            "inventory_turnover_ratio": 0.67,
            "account_receivable_turnover_ratio": 2.29,
            "reinvestment_rate": -22.99,
            "research_to_sale_ratio": null,
            "price_fair": 68.37,
            "eps_avg_yearly": 1.95,
            "eps_latest_yearly": 5.88,
            "eps_growth_yearly": 66.17
        },
        "20212": {
            "year_quarter": 20212,
            "year": 2021,
            "quarter": 2,
            "eps": 0.78,
            "eps_growth_year": 32.2,
            "eps_4q": 3.45,
            "eps_4q_growth_year": 170.07,
            "roe": 4.93,
            "roe_4q": 23.77,
            "gross_profit": 255721,
            "gross_margin": 15.32,
            "gross_margin_4q_avg": 13.54,
            "net_income": 173672,
            "net_income_4q": null,
            "revenue": 1669210,
            "revenue_4q": null,
            "common_shares": 2225261,
            "book_valuer_per_share": 15.84,
            "book_valuer_per_share_4q_avg": 14.77,
            "equity": 3531693,
            "current_ratio": 147.67,
            "debt_ratio": 54.06,
            "inventory_turnover_ratio": 0.74,
            "account_receivable_turnover_ratio": 2.36,
            "reinvestment_rate": -24.24,
            "research_to_sale_ratio": null,
            "price_fair": 73.5,
            "eps_avg_yearly": 2.1,
            "eps_latest_yearly": 3.12,
            "eps_growth_yearly": 62.07
        },
        "20213": {
            "year_quarter": 20213,
            "year": 2021,
            "quarter": 3,
            "eps": 0.87,
            "eps_growth_year": 16,
            "eps_4q": 3.56,
            "eps_4q_growth_year": 114.73,
            "roe": 5.38,
            "roe_4q": 23.36,
            "gross_profit": 247233,
            "gross_margin": 13.22,
            "gross_margin_4q_avg": 14.09,
            "net_income": 191412,
            "net_income_4q": null,
            "revenue": 1869597,
            "revenue_4q": null,
            "common_shares": 2225261,
            "book_valuer_per_share": 16.06,
            "book_valuer_per_share_4q_avg": 15.44,
            "equity": 3579074,
            "current_ratio": 145.11,
            "debt_ratio": 54.37,
            "inventory_turnover_ratio": 0.77,
            "account_receivable_turnover_ratio": 2.46,
            "reinvestment_rate": -18.42,
            "research_to_sale_ratio": null,
            "price_fair": 80.27,
            "eps_avg_yearly": 2.29,
            "eps_latest_yearly": 3.48,
            "eps_growth_yearly": 70.81
        },
        "20214": {
            "year_quarter": 20214,
            "year": 2021,
            "quarter": 4,
            "eps": 0.4,
            "eps_growth_year": -9.52,
            "eps_4q": 3.52,
            "eps_4q_growth_year": 99.4,
            "roe": 2.38,
            "roe_4q": 22.53,
            "gross_profit": 155594,
            "gross_margin": 9.4,
            "gross_margin_4q_avg": 13.14,
            "net_income": 85834,
            "net_income_4q": null,
            "revenue": 1655973,
            "revenue_4q": null,
            "common_shares": 2225261,
            "book_valuer_per_share": 16.27,
            "book_valuer_per_share_4q_avg": 15.98,
            "equity": 3624289,
            "current_ratio": 138.31,
            "debt_ratio": 55.43,
            "inventory_turnover_ratio": 0.63,
            "account_receivable_turnover_ratio": 2.64,
            "reinvestment_rate": -6.09,
            "research_to_sale_ratio": null,
            "price_fair": 81.32,
            "eps_avg_yearly": 2.32,
            "eps_latest_yearly": 1.6,
            "eps_growth_yearly": 50.51
        },
        "20221": {
            "year_quarter": 20221,
            "year": 2022,
            "quarter": 1,
            "eps": 0.81,
            "eps_growth_year": -44.9,
            "eps_4q": 2.86,
            "eps_4q_growth_year": -12.38,
            "roe": 4.83,
            "roe_4q": 17.52,
            "gross_profit": 102161,
            "gross_margin": 6.34,
            "gross_margin_4q_avg": 11.07,
            "net_income": 180138,
            "net_income_4q": null,
            "revenue": 1611311,
            "revenue_4q": null,
            "common_shares": 2225261,
            "book_valuer_per_share": 17.22,
            "book_valuer_per_share_4q_avg": 16.35,
            "equity": 3836532,
            "current_ratio": 146.31,
            "debt_ratio": 52.67,
            "inventory_turnover_ratio": 0.61,
            "account_receivable_turnover_ratio": 2.66,
            "reinvestment_rate": 19,
            "research_to_sale_ratio": null,
            "price_fair": 85.4,
            "eps_avg_yearly": 2.44,
            "eps_latest_yearly": 3.24,
            "eps_growth_yearly": 68.55
        },
        "20222": {
            "year_quarter": 20222,
            "year": 2022,
            "quarter": 2,
            "eps": 0.25,
            "eps_growth_year": -67.95,
            "eps_4q": 2.33,
            "eps_4q_growth_year": -32.52,
            "roe": 1.59,
            "roe_4q": 14.18,
            "gross_profit": 174495,
            "gross_margin": 10.4,
            "gross_margin_4q_avg": 9.84,
            "net_income": 55990,
            "net_income_4q": null,
            "revenue": 1677615,
            "revenue_4q": null,
            "common_shares": 2225261,
            "book_valuer_per_share": 14.35,
            "book_valuer_per_share_4q_avg": 15.98,
            "equity": 3196511,
            "current_ratio": 128.54,
            "debt_ratio": 58.06,
            "inventory_turnover_ratio": 0.62,
            "account_receivable_turnover_ratio": 2.52,
            "reinvestment_rate": 19.36,
            "research_to_sale_ratio": null,
            "price_fair": 82.48,
            "eps_avg_yearly": 2.36,
            "eps_latest_yearly": 1,
            "eps_growth_yearly": 42.6
        },
        "20223": {
            "year_quarter": 20223,
            "year": 2022,
            "quarter": 3,
            "eps": -0.17,
            "eps_growth_year": -119.54,
            "eps_4q": 1.29,
            "eps_4q_growth_year": -63.69,
            "roe": -1.18,
            "roe_4q": 7.62,
            "gross_profit": 25391,
            "gross_margin": 1.54,
            "gross_margin_4q_avg": 6.92,
            "net_income": -37347,
            "net_income_4q": null,
            "revenue": 1650370,
            "revenue_4q": null,
            "common_shares": 2225261,
            "book_valuer_per_share": 14.13,
            "book_valuer_per_share_4q_avg": 15.49,
            "equity": 3148374,
            "current_ratio": 120.29,
            "debt_ratio": 58.14,
            "inventory_turnover_ratio": 0.71,
            "account_receivable_turnover_ratio": 2.52,
            "reinvestment_rate": 17.15,
            "research_to_sale_ratio": null,
            "price_fair": 85.15,
            "eps_avg_yearly": 2.43,
            "eps_latest_yearly": 1,
            "eps_growth_yearly": 55.2
        },
        "20224": {
            "year_quarter": 20224,
            "year": 2022,
            "quarter": 4,
            "eps": 0.3,
            "eps_growth_year": -23.64,
            "eps_4q": 1.2,
            "eps_4q_growth_year": -65.94,
            "roe": 2.14,
            "roe_4q": 7.380000000000001,
            "gross_profit": 122370,
            "gross_margin": 7.26,
            "gross_margin_4q_avg": 6.39,
            "net_income": 67851,
            "net_income_4q": null,
            "revenue": 1685049,
            "revenue_4q": null,
            "common_shares": 2225261,
            "book_valuer_per_share": 14.39,
            "book_valuer_per_share_4q_avg": 15.02,
            "equity": 3206566,
            "current_ratio": 124.69,
            "debt_ratio": 56.59,
            "inventory_turnover_ratio": 0.74,
            "account_receivable_turnover_ratio": 2.79,
            "reinvestment_rate": 13.53,
            "research_to_sale_ratio": null,
            "price_fair": 85.15,
            "eps_avg_yearly": 2.43,
            "eps_latest_yearly": 1,
            "eps_growth_yearly": 55.2
        },
        "20231": {
            "year_quarter": 20231,
            "year": 2023,
            "quarter": 1,
            "eps": 0.75,
            "eps_growth_year": -7.41,
            "eps_4q": 1.14,
            "eps_4q_growth_year": -60.03,
            "roe": 5.27,
            "roe_4q": 7.82,
            "gross_profit": 218403,
            "gross_margin": 13.23,
            "gross_margin_4q_avg": 8.11,
            "net_income": 167773,
            "net_income_4q": null,
            "revenue": 1651278,
            "revenue_4q": null,
            "common_shares": 2225261,
            "book_valuer_per_share": 14.17,
            "book_valuer_per_share_4q_avg": 14.26,
            "equity": 3156318,
            "current_ratio": 121.78,
            "debt_ratio": 57.97,
            "inventory_turnover_ratio": 0.69,
            "account_receivable_turnover_ratio": 2.87,
            "reinvestment_rate": 12.29,
            "research_to_sale_ratio": null,
            "price_fair": 86.8,
            "eps_avg_yearly": 2.48,
            "eps_latest_yearly": 3,
            "eps_growth_yearly": 100.6
        },
        "20232": {
            "year_quarter": 20232,
            "year": 2023,
            "quarter": 2,
            "eps": 0.69,
            "eps_growth_year": 176,
            "eps_4q": 1.58,
            "eps_4q_growth_year": -32.09,
            "roe": 4.79,
            "roe_4q": 11.02,
            "gross_profit": 248927,
            "gross_margin": 11.93,
            "gross_margin_4q_avg": 8.49,
            "net_income": 155086,
            "net_income_4q": null,
            "revenue": 2085945,
            "revenue_4q": null,
            "common_shares": 2225261,
            "book_valuer_per_share": 14.87,
            "book_valuer_per_share_4q_avg": 14.39,
            "equity": 3313372,
            "current_ratio": 125.88,
            "debt_ratio": 54.92,
            "inventory_turnover_ratio": 0.9,
            "account_receivable_turnover_ratio": 3.55,
            "reinvestment_rate": 12.46,
            "research_to_sale_ratio": null,
            "price_fair": 92.4,
            "eps_avg_yearly": 2.64,
            "eps_latest_yearly": 2.76,
            "eps_growth_yearly": 124.54
        },
        "20233": {
            "year_quarter": 20233,
            "year": 2023,
            "quarter": 3,
            "eps": 1.45,
            "eps_growth_year": null,
            "eps_4q": 3.19,
            "eps_4q_growth_year": 147.03,
            "roe": 9.25,
            "roe_4q": 21.45,
            "gross_profit": 183387,
            "gross_margin": 10.08,
            "gross_margin_4q_avg": 10.63,
            "net_income": 321610,
            "net_income_4q": null,
            "revenue": 1819212,
            "revenue_4q": null,
            "common_shares": 2225261,
            "book_valuer_per_share": 16.33,
            "book_valuer_per_share_4q_avg": 14.94,
            "equity": 3638976,
            "current_ratio": 142.5,
            "debt_ratio": 49.73,
            "inventory_turnover_ratio": 0.82,
            "account_receivable_turnover_ratio": 2.89,
            "reinvestment_rate": 5.23,
            "research_to_sale_ratio": null,
            "price_fair": 104.88,
            "eps_avg_yearly": 3,
            "eps_latest_yearly": 5.8,
            "eps_growth_yearly": 134.27
        }
    },
    "months": {
        "2001-06": {
            "month": "2001-06",
            "price": "6.46",
            "revenue": 148112
        },
        "2001-07": {
            "month": "2001-07",
            "price": "6.05",
            "revenue": 210460
        },
        "2001-08": {
            "month": "2001-08",
            "price": "6.17",
            "revenue": 193571
        },
        "2001-09": {
            "month": "2001-09",
            "price": "5.89",
            "revenue": 197687
        },
        "2001-10": {
            "month": "2001-10",
            "price": "5.47",
            "revenue": 183970
        },
        "2001-11": {
            "month": "2001-11",
            "price": "5.35",
            "revenue": 235444
        },
        "2001-12": {
            "month": "2001-12",
            "price": "6.33",
            "revenue": 207904
        },
        "2002-01": {
            "month": "2002-01",
            "price": "6.49",
            "revenue": 206628
        },
        "2002-02": {
            "month": "2002-02",
            "price": "6.57",
            "revenue": 162335
        },
        "2002-03": {
            "month": "2002-03",
            "price": "6.78",
            "revenue": 262234
        },
        "2002-04": {
            "month": "2002-04",
            "price": "7.94",
            "revenue": 235587
        },
        "2002-05": {
            "month": "2002-05",
            "price": "8.28",
            "revenue": 264536
        },
        "2002-06": {
            "month": "2002-06",
            "price": "11.19",
            "revenue": 229848
        },
        "2002-07": {
            "month": "2002-07",
            "price": "13.11",
            "revenue": 235163
        },
        "2002-08": {
            "month": "2002-08",
            "price": "14.02",
            "revenue": 201413
        },
        "2002-09": {
            "month": "2002-09",
            "price": "12.40",
            "revenue": 204133
        },
        "2002-10": {
            "month": "2002-10",
            "price": "13.72",
            "revenue": 212594
        },
        "2002-11": {
            "month": "2002-11",
            "price": "16.87",
            "revenue": 241658
        },
        "2002-12": {
            "month": "2002-12",
            "price": "17.00",
            "revenue": 210526
        },
        "2003-01": {
            "month": "2003-01",
            "price": "19.07",
            "revenue": 277014
        },
        "2003-02": {
            "month": "2003-02",
            "price": "17.11",
            "revenue": 241152
        },
        "2003-03": {
            "month": "2003-03",
            "price": "15.67",
            "revenue": 308060
        },
        "2003-04": {
            "month": "2003-04",
            "price": "17.30",
            "revenue": 271134
        },
        "2003-05": {
            "month": "2003-05",
            "price": "16.72",
            "revenue": 211151
        },
        "2003-06": {
            "month": "2003-06",
            "price": "18.47",
            "revenue": 228862
        },
        "2003-07": {
            "month": "2003-07",
            "price": "18.53",
            "revenue": 287684
        },
        "2003-08": {
            "month": "2003-08",
            "price": "17.64",
            "revenue": 270023
        },
        "2003-09": {
            "month": "2003-09",
            "price": "17.48",
            "revenue": 286711
        },
        "2003-10": {
            "month": "2003-10",
            "price": "17.64",
            "revenue": 320287
        },
        "2003-11": {
            "month": "2003-11",
            "price": "17.73",
            "revenue": 312763
        },
        "2003-12": {
            "month": "2003-12",
            "price": "17.70",
            "revenue": 362977
        },
        "2004-01": {
            "month": "2004-01",
            "price": "18.44",
            "revenue": 306106
        },
        "2004-02": {
            "month": "2004-02",
            "price": "22.25",
            "revenue": 353470
        },
        "2004-03": {
            "month": "2004-03",
            "price": "28.53",
            "revenue": 406529
        },
        "2004-04": {
            "month": "2004-04",
            "price": "28.67",
            "revenue": 390864
        },
        "2004-05": {
            "month": "2004-05",
            "price": "23.64",
            "revenue": 334364
        },
        "2004-06": {
            "month": "2004-06",
            "price": "27.84",
            "revenue": 377752
        },
        "2004-07": {
            "month": "2004-07",
            "price": "26.31",
            "revenue": 426442
        },
        "2004-08": {
            "month": "2004-08",
            "price": "24.34",
            "revenue": 427795
        },
        "2004-09": {
            "month": "2004-09",
            "price": "30.18",
            "revenue": 467173
        },
        "2004-10": {
            "month": "2004-10",
            "price": "28.22",
            "revenue": 459564
        },
        "2004-11": {
            "month": "2004-11",
            "price": "25.06",
            "revenue": 443445
        },
        "2004-12": {
            "month": "2004-12",
            "price": "25.30",
            "revenue": 430264
        },
        "2005-01": {
            "month": "2005-01",
            "price": "24.54",
            "revenue": 443784
        },
        "2005-02": {
            "month": "2005-02",
            "price": "24.95",
            "revenue": 295223
        },
        "2005-03": {
            "month": "2005-03",
            "price": "23.68",
            "revenue": 589016
        },
        "2005-04": {
            "month": "2005-04",
            "price": "23.10",
            "revenue": 412978
        },
        "2005-05": {
            "month": "2005-05",
            "price": "22.02",
            "revenue": 419159
        },
        "2005-06": {
            "month": "2005-06",
            "price": "21.21",
            "revenue": 363622
        },
        "2005-07": {
            "month": "2005-07",
            "price": "19.56",
            "revenue": 334648
        },
        "2005-08": {
            "month": "2005-08",
            "price": "16.39",
            "revenue": 374161
        },
        "2005-09": {
            "month": "2005-09",
            "price": "15.18",
            "revenue": 408475
        },
        "2005-10": {
            "month": "2005-10",
            "price": "13.31",
            "revenue": 412932
        },
        "2005-11": {
            "month": "2005-11",
            "price": "12.98",
            "revenue": 767759
        },
        "2005-12": {
            "month": "2005-12",
            "price": "15.24",
            "revenue": 433851
        },
        "2006-01": {
            "month": "2006-01",
            "price": "16.10",
            "revenue": 416863
        },
        "2006-02": {
            "month": "2006-02",
            "price": "16.67",
            "revenue": 425388
        },
        "2006-03": {
            "month": "2006-03",
            "price": "16.36",
            "revenue": 509889
        },
        "2006-04": {
            "month": "2006-04",
            "price": "17.10",
            "revenue": 489953
        },
        "2006-05": {
            "month": "2006-05",
            "price": "18.50",
            "revenue": 495189
        },
        "2006-06": {
            "month": "2006-06",
            "price": "18.68",
            "revenue": 463410
        },
        "2006-07": {
            "month": "2006-07",
            "price": "18.87",
            "revenue": 542199
        },
        "2006-08": {
            "month": "2006-08",
            "price": "17.85",
            "revenue": 485826
        },
        "2006-09": {
            "month": "2006-09",
            "price": "16.51",
            "revenue": 511015
        },
        "2006-10": {
            "month": "2006-10",
            "price": "18.06",
            "revenue": 640052
        },
        "2006-11": {
            "month": "2006-11",
            "price": "19.99",
            "revenue": 686639
        },
        "2006-12": {
            "month": "2006-12",
            "price": "27.58",
            "revenue": 939334
        },
        "2007-01": {
            "month": "2007-01",
            "price": "27.76",
            "revenue": 704844
        },
        "2007-02": {
            "month": "2007-02",
            "price": "27.79",
            "revenue": 516418
        },
        "2007-03": {
            "month": "2007-03",
            "price": "28.19",
            "revenue": 1503084
        },
        "2007-04": {
            "month": "2007-04",
            "price": "33.50",
            "revenue": 830932
        },
        "2007-05": {
            "month": "2007-05",
            "price": "37.55",
            "revenue": 708961
        },
        "2007-06": {
            "month": "2007-06",
            "price": "36.40",
            "revenue": 646284
        },
        "2007-07": {
            "month": "2007-07",
            "price": "41.40",
            "revenue": 460439
        },
        "2007-08": {
            "month": "2007-08",
            "price": "37.33",
            "revenue": 494101
        },
        "2007-09": {
            "month": "2007-09",
            "price": "35.63",
            "revenue": 446419
        },
        "2007-10": {
            "month": "2007-10",
            "price": "35.24",
            "revenue": 743660
        },
        "2007-11": {
            "month": "2007-11",
            "price": "31.72",
            "revenue": 617523
        },
        "2007-12": {
            "month": "2007-12",
            "price": "28.58",
            "revenue": 421312
        },
        "2008-01": {
            "month": "2008-01",
            "price": "28.51",
            "revenue": 545593
        },
        "2008-02": {
            "month": "2008-02",
            "price": "28.45",
            "revenue": 565533
        },
        "2008-03": {
            "month": "2008-03",
            "price": "29.70",
            "revenue": 732964
        },
        "2008-04": {
            "month": "2008-04",
            "price": "33.72",
            "revenue": 726251
        },
        "2008-05": {
            "month": "2008-05",
            "price": "33.70",
            "revenue": 576790
        },
        "2008-06": {
            "month": "2008-06",
            "price": "30.82",
            "revenue": 573093
        },
        "2008-07": {
            "month": "2008-07",
            "price": "27.84",
            "revenue": 568099
        },
        "2008-08": {
            "month": "2008-08",
            "price": "23.75",
            "revenue": 445873
        },
        "2008-09": {
            "month": "2008-09",
            "price": "22.30",
            "revenue": 374000
        },
        "2008-10": {
            "month": "2008-10",
            "price": "16.60",
            "revenue": 315256
        },
        "2008-11": {
            "month": "2008-11",
            "price": "15.47",
            "revenue": 221055
        },
        "2008-12": {
            "month": "2008-12",
            "price": "12.91",
            "revenue": 307143
        },
        "2009-01": {
            "month": "2009-01",
            "price": "12.28",
            "revenue": 808096
        },
        "2009-02": {
            "month": "2009-02",
            "price": "12.10",
            "revenue": 335556
        },
        "2009-03": {
            "month": "2009-03",
            "price": "12.97",
            "revenue": 231115
        },
        "2009-04": {
            "month": "2009-04",
            "price": "14.95",
            "revenue": 299507
        },
        "2009-05": {
            "month": "2009-05",
            "price": "17.76",
            "revenue": 360708
        },
        "2009-06": {
            "month": "2009-06",
            "price": "19.62",
            "revenue": 402074
        },
        "2009-07": {
            "month": "2009-07",
            "price": "19.60",
            "revenue": 373891
        },
        "2009-08": {
            "month": "2009-08",
            "price": "20.12",
            "revenue": 406791
        },
        "2009-09": {
            "month": "2009-09",
            "price": "18.09",
            "revenue": 320335
        },
        "2009-10": {
            "month": "2009-10",
            "price": "18.78",
            "revenue": 335454
        },
        "2009-11": {
            "month": "2009-11",
            "price": "19.15",
            "revenue": 342683
        },
        "2009-12": {
            "month": "2009-12",
            "price": "26.45",
            "revenue": 496936
        },
        "2010-01": {
            "month": "2010-01",
            "price": "26.06",
            "revenue": 494830
        },
        "2010-02": {
            "month": "2010-02",
            "price": "22.26",
            "revenue": 320600
        },
        "2010-03": {
            "month": "2010-03",
            "price": "23.27",
            "revenue": 524898
        },
        "2010-04": {
            "month": "2010-04",
            "price": "25.26",
            "revenue": 554669
        },
        "2010-05": {
            "month": "2010-05",
            "price": "23.55",
            "revenue": 442423
        },
        "2010-06": {
            "month": "2010-06",
            "price": "23.17",
            "revenue": 409368
        },
        "2010-07": {
            "month": "2010-07",
            "price": "23.46",
            "revenue": 378518
        },
        "2010-08": {
            "month": "2010-08",
            "price": "24.23",
            "revenue": 482212
        },
        "2010-09": {
            "month": "2010-09",
            "price": "24.80",
            "revenue": 462666
        },
        "2010-10": {
            "month": "2010-10",
            "price": "26.53",
            "revenue": 496507
        },
        "2010-11": {
            "month": "2010-11",
            "price": "26.13",
            "revenue": 409512
        },
        "2010-12": {
            "month": "2010-12",
            "price": "26.37",
            "revenue": 566471
        },
        "2011-01": {
            "month": "2011-01",
            "price": "24.53",
            "revenue": 494087
        },
        "2011-02": {
            "month": "2011-02",
            "price": "23.48",
            "revenue": 430628
        },
        "2011-03": {
            "month": "2011-03",
            "price": "21.46",
            "revenue": 598100
        },
        "2011-04": {
            "month": "2011-04",
            "price": "21.02",
            "revenue": 431949
        },
        "2011-05": {
            "month": "2011-05",
            "price": "21.20",
            "revenue": 383786
        },
        "2011-06": {
            "month": "2011-06",
            "price": "20.56",
            "revenue": 423424
        },
        "2011-07": {
            "month": "2011-07",
            "price": "20.54",
            "revenue": 544142
        },
        "2011-08": {
            "month": "2011-08",
            "price": "19.40",
            "revenue": 481031
        },
        "2011-09": {
            "month": "2011-09",
            "price": "16.69",
            "revenue": 459950
        },
        "2011-10": {
            "month": "2011-10",
            "price": "14.77",
            "revenue": 422722
        },
        "2011-11": {
            "month": "2011-11",
            "price": "14.56",
            "revenue": 366529
        },
        "2011-12": {
            "month": "2011-12",
            "price": "13.31",
            "revenue": 418231
        },
        "2012-01": {
            "month": "2012-01",
            "price": "13.77",
            "revenue": 344820
        },
        "2012-02": {
            "month": "2012-02",
            "price": "14.74",
            "revenue": 460063
        },
        "2012-03": {
            "month": "2012-03",
            "price": "14.03",
            "revenue": 445582
        },
        "2012-04": {
            "month": "2012-04",
            "price": "11.95",
            "revenue": 441926
        },
        "2012-05": {
            "month": "2012-05",
            "price": "12.24",
            "revenue": 456966
        },
        "2012-06": {
            "month": "2012-06",
            "price": "11.47",
            "revenue": 372418
        },
        "2012-07": {
            "month": "2012-07",
            "price": "11.72",
            "revenue": 394419
        },
        "2012-08": {
            "month": "2012-08",
            "price": "11.17",
            "revenue": 381815
        },
        "2012-09": {
            "month": "2012-09",
            "price": "11.74",
            "revenue": 394332
        },
        "2012-10": {
            "month": "2012-10",
            "price": "11.39",
            "revenue": 426403
        },
        "2012-11": {
            "month": "2012-11",
            "price": "11.41",
            "revenue": 418634
        },
        "2012-12": {
            "month": "2012-12",
            "price": "11.83",
            "revenue": 435516
        },
        "2013-01": {
            "month": "2013-01",
            "price": "12.67",
            "revenue": 502593
        },
        "2013-02": {
            "month": "2013-02",
            "price": "12.45",
            "revenue": 339950
        },
        "2013-03": {
            "month": "2013-03",
            "price": "12.21",
            "revenue": 425487
        },
        "2013-04": {
            "month": "2013-04",
            "price": "11.88",
            "revenue": 382052
        },
        "2013-05": {
            "month": "2013-05",
            "price": "12.63",
            "revenue": 437882
        },
        "2013-06": {
            "month": "2013-06",
            "price": "12.88",
            "revenue": 420647
        },
        "2013-07": {
            "month": "2013-07",
            "price": "12.78",
            "revenue": 457487
        },
        "2013-08": {
            "month": "2013-08",
            "price": "12.94",
            "revenue": 537644
        },
        "2013-09": {
            "month": "2013-09",
            "price": "13.56",
            "revenue": 442343
        },
        "2013-10": {
            "month": "2013-10",
            "price": "13.98",
            "revenue": 510037
        },
        "2013-11": {
            "month": "2013-11",
            "price": "13.73",
            "revenue": 438885
        },
        "2013-12": {
            "month": "2013-12",
            "price": "13.85",
            "revenue": 433185
        },
        "2014-01": {
            "month": "2014-01",
            "price": "13.81",
            "revenue": 452963
        },
        "2014-02": {
            "month": "2014-02",
            "price": "13.07",
            "revenue": 377857
        },
        "2014-03": {
            "month": "2014-03",
            "price": "12.90",
            "revenue": 503360
        },
        "2014-04": {
            "month": "2014-04",
            "price": "13.62",
            "revenue": 456986
        },
        "2014-05": {
            "month": "2014-05",
            "price": "13.53",
            "revenue": 449821
        },
        "2014-06": {
            "month": "2014-06",
            "price": "13.16",
            "revenue": 716326
        },
        "2014-07": {
            "month": "2014-07",
            "price": "13.57",
            "revenue": 460688
        },
        "2014-08": {
            "month": "2014-08",
            "price": "15.41",
            "revenue": 416415
        },
        "2014-09": {
            "month": "2014-09",
            "price": "15.36",
            "revenue": 460831
        },
        "2014-10": {
            "month": "2014-10",
            "price": "14.15",
            "revenue": 472535
        },
        "2014-11": {
            "month": "2014-11",
            "price": "14.57",
            "revenue": 452363
        },
        "2014-12": {
            "month": "2014-12",
            "price": "14.34",
            "revenue": 475429
        },
        "2015-01": {
            "month": "2015-01",
            "price": "14.22",
            "revenue": 425399
        },
        "2015-02": {
            "month": "2015-02",
            "price": "14.06",
            "revenue": 248937
        },
        "2015-03": {
            "month": "2015-03",
            "price": "14.43",
            "revenue": 434949
        },
        "2015-04": {
            "month": "2015-04",
            "price": "14.63",
            "revenue": 379044
        },
        "2015-05": {
            "month": "2015-05",
            "price": "14.15",
            "revenue": 426582
        },
        "2015-06": {
            "month": "2015-06",
            "price": "13.67",
            "revenue": 372621
        },
        "2015-07": {
            "month": "2015-07",
            "price": "13.80",
            "revenue": 356606
        },
        "2015-08": {
            "month": "2015-08",
            "price": "13.49",
            "revenue": 341947
        },
        "2015-09": {
            "month": "2015-09",
            "price": "12.95",
            "revenue": 328530
        },
        "2015-10": {
            "month": "2015-10",
            "price": "13.48",
            "revenue": 383820
        },
        "2015-11": {
            "month": "2015-11",
            "price": "13.09",
            "revenue": 378644
        },
        "2015-12": {
            "month": "2015-12",
            "price": "12.45",
            "revenue": 359354
        },
        "2016-01": {
            "month": "2016-01",
            "price": "12.42",
            "revenue": 359458
        },
        "2016-02": {
            "month": "2016-02",
            "price": "12.59",
            "revenue": 256207
        },
        "2016-03": {
            "month": "2016-03",
            "price": "12.47",
            "revenue": 406735
        },
        "2016-04": {
            "month": "2016-04",
            "price": "12.34",
            "revenue": 395264
        },
        "2016-05": {
            "month": "2016-05",
            "price": "12.46",
            "revenue": 366817
        },
        "2016-06": {
            "month": "2016-06",
            "price": "12.15",
            "revenue": 354069
        },
        "2016-07": {
            "month": "2016-07",
            "price": "12.51",
            "revenue": 383446
        },
        "2016-08": {
            "month": "2016-08",
            "price": "13.02",
            "revenue": 414886
        },
        "2016-09": {
            "month": "2016-09",
            "price": "13.34",
            "revenue": 350471
        },
        "2016-10": {
            "month": "2016-10",
            "price": "13.02",
            "revenue": 353731
        },
        "2016-11": {
            "month": "2016-11",
            "price": "14.17",
            "revenue": 454611
        },
        "2016-12": {
            "month": "2016-12",
            "price": "14.34",
            "revenue": 388025
        },
        "2017-01": {
            "month": "2017-01",
            "price": "13.68",
            "revenue": 337940
        },
        "2017-02": {
            "month": "2017-02",
            "price": "14.47",
            "revenue": 386467
        },
        "2017-03": {
            "month": "2017-03",
            "price": "14.51",
            "revenue": 481692
        },
        "2017-04": {
            "month": "2017-04",
            "price": "13.58",
            "revenue": 372455
        },
        "2017-05": {
            "month": "2017-05",
            "price": "13.22",
            "revenue": 369199
        },
        "2017-06": {
            "month": "2017-06",
            "price": "13.29",
            "revenue": 414250
        },
        "2017-07": {
            "month": "2017-07",
            "price": "13.45",
            "revenue": 457011
        },
        "2017-08": {
            "month": "2017-08",
            "price": "13.85",
            "revenue": 472448
        },
        "2017-09": {
            "month": "2017-09",
            "price": "13.87",
            "revenue": 434901
        },
        "2017-10": {
            "month": "2017-10",
            "price": "13.72",
            "revenue": 368118
        },
        "2017-11": {
            "month": "2017-11",
            "price": "13.70",
            "revenue": 413373
        },
        "2017-12": {
            "month": "2017-12",
            "price": "13.58",
            "revenue": 362212
        },
        "2018-01": {
            "month": "2018-01",
            "price": "14.18",
            "revenue": 440386
        },
        "2018-02": {
            "month": "2018-02",
            "price": "13.82",
            "revenue": 304454
        },
        "2018-03": {
            "month": "2018-03",
            "price": "14.47",
            "revenue": 442107
        },
        "2018-04": {
            "month": "2018-04",
            "price": "15.71",
            "revenue": 387608
        },
        "2018-05": {
            "month": "2018-05",
            "price": "15.77",
            "revenue": 440489
        },
        "2018-06": {
            "month": "2018-06",
            "price": "15.94",
            "revenue": 408752
        },
        "2018-07": {
            "month": "2018-07",
            "price": "14.74",
            "revenue": 391407
        },
        "2018-08": {
            "month": "2018-08",
            "price": "14.36",
            "revenue": 388240
        },
        "2018-09": {
            "month": "2018-09",
            "price": "14.58",
            "revenue": 347870
        },
        "2018-10": {
            "month": "2018-10",
            "price": "13.70",
            "revenue": 423751
        },
        "2018-11": {
            "month": "2018-11",
            "price": "14.28",
            "revenue": 408846
        },
        "2018-12": {
            "month": "2018-12",
            "price": "14.25",
            "revenue": 351787
        },
        "2019-01": {
            "month": "2019-01",
            "price": "14.22",
            "revenue": 358169
        },
        "2019-02": {
            "month": "2019-02",
            "price": "14.63",
            "revenue": 254680
        },
        "2019-03": {
            "month": "2019-03",
            "price": "15.25",
            "revenue": 742331
        },
        "2019-04": {
            "month": "2019-04",
            "price": "15.82",
            "revenue": 349051
        },
        "2019-05": {
            "month": "2019-05",
            "price": "16.33",
            "revenue": 286519
        },
        "2019-06": {
            "month": "2019-06",
            "price": "16.53",
            "revenue": 332130
        },
        "2019-07": {
            "month": "2019-07",
            "price": "15.75",
            "revenue": 394540
        },
        "2019-08": {
            "month": "2019-08",
            "price": "15.24",
            "revenue": 360736
        },
        "2019-09": {
            "month": "2019-09",
            "price": "14.94",
            "revenue": 360469
        },
        "2019-10": {
            "month": "2019-10",
            "price": "14.56",
            "revenue": 346496
        },
        "2019-11": {
            "month": "2019-11",
            "price": "15.16",
            "revenue": 316492
        },
        "2019-12": {
            "month": "2019-12",
            "price": "15.35",
            "revenue": 385042
        },
        "2020-01": {
            "month": "2020-01",
            "price": "15.59",
            "revenue": 337448
        },
        "2020-02": {
            "month": "2020-02",
            "price": "15.62",
            "revenue": 451164
        },
        "2020-03": {
            "month": "2020-03",
            "price": "15.03",
            "revenue": 465460
        },
        "2020-04": {
            "month": "2020-04",
            "price": "15.66",
            "revenue": 345668
        },
        "2020-05": {
            "month": "2020-05",
            "price": "17.88",
            "revenue": 428547
        },
        "2020-06": {
            "month": "2020-06",
            "price": "17.54",
            "revenue": 419651
        },
        "2020-07": {
            "month": "2020-07",
            "price": "15.80",
            "revenue": 427611
        },
        "2020-08": {
            "month": "2020-08",
            "price": "15.77",
            "revenue": 476535
        },
        "2020-09": {
            "month": "2020-09",
            "price": "16.27",
            "revenue": 422015
        },
        "2020-10": {
            "month": "2020-10",
            "price": "16.16",
            "revenue": 397388
        },
        "2020-11": {
            "month": "2020-11",
            "price": "16.79",
            "revenue": 412000
        },
        "2020-12": {
            "month": "2020-12",
            "price": "18.73",
            "revenue": 489511
        },
        "2021-01": {
            "month": "2021-01",
            "price": "19.10",
            "revenue": 487487
        },
        "2021-02": {
            "month": "2021-02",
            "price": "19.27",
            "revenue": 367129
        },
        "2021-03": {
            "month": "2021-03",
            "price": "21.57",
            "revenue": 509220
        },
        "2021-04": {
            "month": "2021-04",
            "price": "25.22",
            "revenue": 505460
        },
        "2021-05": {
            "month": "2021-05",
            "price": "31.08",
            "revenue": 564219
        },
        "2021-06": {
            "month": "2021-06",
            "price": "34.03",
            "revenue": 599380
        },
        "2021-07": {
            "month": "2021-07",
            "price": "37.58",
            "revenue": 617158
        },
        "2021-08": {
            "month": "2021-08",
            "price": "33.37",
            "revenue": 595807
        },
        "2021-09": {
            "month": "2021-09",
            "price": "31.74",
            "revenue": 656789
        },
        "2021-10": {
            "month": "2021-10",
            "price": "30.01",
            "revenue": 615474
        },
        "2021-11": {
            "month": "2021-11",
            "price": "31.15",
            "revenue": 546223
        },
        "2021-12": {
            "month": "2021-12",
            "price": "31.87",
            "revenue": 494293
        },
        "2022-01": {
            "month": "2022-01",
            "price": "30.69",
            "revenue": 551942
        },
        "2022-02": {
            "month": "2022-02",
            "price": "31.75",
            "revenue": 435332
        },
        "2022-03": {
            "month": "2022-03",
            "price": "33.04",
            "revenue": 624079
        },
        "2022-04": {
            "month": "2022-04",
            "price": "32.57",
            "revenue": 609974
        },
        "2022-05": {
            "month": "2022-05",
            "price": "31.21",
            "revenue": 532612
        },
        "2022-06": {
            "month": "2022-06",
            "price": "27.29",
            "revenue": 535339
        },
        "2022-07": {
            "month": "2022-07",
            "price": "21.80",
            "revenue": 476393
        },
        "2022-08": {
            "month": "2022-08",
            "price": "23.88",
            "revenue": 540292
        },
        "2022-09": {
            "month": "2022-09",
            "price": "25.52",
            "revenue": 633794
        },
        "2022-10": {
            "month": "2022-10",
            "price": "22.98",
            "revenue": 585447
        },
        "2022-11": {
            "month": "2022-11",
            "price": "22.96",
            "revenue": 572683
        },
        "2022-12": {
            "month": "2022-12",
            "price": "23.29",
            "revenue": 526670
        },
        "2023-01": {
            "month": "2023-01",
            "price": "23.23",
            "revenue": 428370
        },
        "2023-02": {
            "month": "2023-02",
            "price": "23.83",
            "revenue": 660566
        },
        "2023-03": {
            "month": "2023-03",
            "price": "23.68",
            "revenue": 562328
        },
        "2023-04": {
            "month": "2023-04",
            "price": "23.39",
            "revenue": 494398
        },
        "2023-05": {
            "month": "2023-05",
            "price": "23.52",
            "revenue": 568144
        },
        "2023-06": {
            "month": "2023-06",
            "price": "23.88",
            "revenue": 1023449
        },
        "2023-07": {
            "month": "2023-07",
            "price": "25.04",
            "revenue": 608936
        },
        "2023-08": {
            "month": "2023-08",
            "price": "26.13",
            "revenue": 610953
        },
        "2023-09": {
            "month": "2023-09",
            "price": "27.98",
            "revenue": 599194
        },
        "2023-10": {
            "month": "2023-10",
            "price": "28.40",
            "revenue": 410438
        },
        "2023-11": {
            "month": "2023-11",
            "price": "29.54",
            "revenue": 483651
        }
    }
}
