{
    "summary": {
        "stock_name": "聚亨",
        "stock_id": "2022",
        "category": "鋼鐵",
        "main_business": "螺絲<br>球化線材<br>機械零件",
        "website_url": "http://www.tycons.com.tw",
        "ceo": "呂艷娟",
        "pe_ratio": -68,
        "report_year_from": 2001,
        "report_year_to": 2023,
        "age": 22,
        "eps_negative_percentage": 61,
        "eps_growth_avg": {
            "last_all": -50.31,
            "last_2y": -100,
            "last_4y": -100,
            "last_8y": -100,
            "last_12y": -90.41,
            "last_16y": -92.81,
            "last_20y": -50.31,
            "at_2006_last_3y": 6.35,
            "at_2007_last_3y": -40.48,
            "at_2008_last_3y": -100,
            "at_2009_last_3y": -100,
            "at_2010_last_3y": -100,
            "at_2011_last_3y": -85.62,
            "at_2012_last_3y": -85.62,
            "at_2013_last_3y": -85.62,
            "at_2014_last_3y": -85.62,
            "at_2015_last_3y": -100,
            "at_2016_last_3y": null,
            "at_2017_last_3y": null,
            "at_2018_last_3y": null,
            "at_2019_last_3y": null,
            "at_2020_last_3y": null,
            "at_2021_last_3y": null,
            "at_2022_last_3y": -100,
            "at_2023_last_3y": -100,
            "at_2006_last_all": 6.35,
            "at_2007_last_all": 6.35,
            "at_2008_last_all": -20.24,
            "at_2009_last_all": -20.24,
            "at_2010_last_all": -20.24,
            "at_2011_last_all": -30.44,
            "at_2012_last_all": -42.03,
            "at_2013_last_all": -42.03,
            "at_2014_last_all": -42.03,
            "at_2015_last_all": -42.03,
            "at_2016_last_all": -42.03,
            "at_2017_last_all": -42.03,
            "at_2018_last_all": -42.03,
            "at_2019_last_all": -42.03,
            "at_2020_last_all": -42.03,
            "at_2021_last_all": -42.03,
            "at_2022_last_all": -50.31,
            "at_2023_last_all": -50.31
        },
        "latest_eps": -0.15,
        "latest_price": 10.15,
        "latest_roe": -0.51,
        "latest_gross_margin": 14.12,
        "latest_equity": 6798288,
        "latest_revenue": 2043255,
        "latest_gross_profit": 288450,
        "latest_net_income": 132310,
        "latest_debt_ratio": 27.41,
        "latest_current_ratio": 219.27,
        "latest_account_receivable_turnover_ratio": 2.88,
        "latest_inventory_turnover_ratio": 0.7,
        "latest_reinvestment_rate": null,
        "latest_research_to_sale_ratio": 0
    },
    "eps_dividends": {
        "1993": {
            "cash": 0,
            "stock": 2,
            "eps": 0
        },
        "1994": {
            "cash": 0,
            "stock": 2,
            "eps": 0
        },
        "1995": {
            "cash": 0,
            "stock": 2,
            "eps": 0
        },
        "1996": {
            "cash": 0,
            "stock": 2,
            "eps": 0
        },
        "1997": {
            "cash": 0,
            "stock": 1,
            "eps": 0
        },
        "1998": {
            "cash": 0,
            "stock": 1,
            "eps": 0
        },
        "1999": {
            "cash": 0,
            "stock": 1,
            "eps": 0
        },
        "2001": {
            "cash": 0,
            "stock": 0,
            "eps": -1.77
        },
        "2002": {
            "cash": 0,
            "stock": 0,
            "eps": 0.54
        },
        "2003": {
            "cash": 0,
            "stock": 0,
            "eps": 1.26
        },
        "2004": {
            "cash": 0,
            "stock": 0,
            "eps": 1.5
        },
        "2005": {
            "cash": 1,
            "stock": 0,
            "eps": -0.35
        },
        "2006": {
            "cash": 0,
            "stock": 0,
            "eps": -0.88
        },
        "2007": {
            "cash": 0,
            "stock": 0,
            "eps": 0.07
        },
        "2008": {
            "cash": 0,
            "stock": 0,
            "eps": -0.35
        },
        "2009": {
            "cash": 0,
            "stock": 0,
            "eps": -2.65
        },
        "2010": {
            "cash": 0,
            "stock": 0,
            "eps": 0.73
        },
        "2011": {
            "cash": 0,
            "stock": 0,
            "eps": 0.21
        },
        "2012": {
            "cash": 0,
            "stock": 0,
            "eps": -0.73
        },
        "2013": {
            "cash": 0,
            "stock": 0,
            "eps": -0.61
        },
        "2014": {
            "cash": 0,
            "stock": 0,
            "eps": 0
        },
        "2015": {
            "cash": 0,
            "stock": 0,
            "eps": -1.06
        },
        "2016": {
            "cash": 0,
            "stock": 0,
            "eps": -0.17
        },
        "2017": {
            "cash": 0,
            "stock": 0,
            "eps": -0.16
        },
        "2018": {
            "cash": 0,
            "stock": 0,
            "eps": -0.11
        },
        "2019": {
            "cash": 0,
            "stock": 0,
            "eps": -1.64
        },
        "2020": {
            "cash": 0,
            "stock": 0,
            "eps": -0.39
        },
        "2021": {
            "cash": 0,
            "stock": 0,
            "eps": 0.89
        },
        "2022": {
            "cash": 0,
            "stock": 0,
            "eps": -0.25
        },
        "2023": {
            "cash": 0,
            "stock": 0,
            "eps": 0.18
        }
    },
    "dividends": {
        "1993-03-15": {
            "cash": 0,
            "stock": 1.6
        },
        "1994-05-25": {
            "cash": 0,
            "stock": 1.75
        },
        "1995-03-10": {
            "cash": 0,
            "stock": 1.8
        },
        "1996-04-16": {
            "cash": 0,
            "stock": 2
        },
        "1997-06-24": {
            "cash": 0,
            "stock": 1
        },
        "1998-04-23": {
            "cash": 0,
            "stock": 1.2
        },
        "1999-06-24": {
            "cash": 0,
            "stock": 1.2
        },
        "2005-04-08": {
            "cash": 0.5,
            "stock": 0
        }
    },
    "prices": {
        "200101": "3.06",
        "200102": "3.93",
        "200103": "3.95",
        "200104": "3.53",
        "200105": "2.72",
        "200106": "2.63",
        "200107": "2.03",
        "200108": "1.92",
        "200109": "1.64",
        "200110": "1.45",
        "200111": "1.60",
        "200112": "1.92",
        "200201": "2.32",
        "200202": "2.79",
        "200203": "5.55",
        "200204": "5.94",
        "200205": "4.98",
        "200206": "5.19",
        "200207": "5.11",
        "200208": "4.88",
        "200209": "4.64",
        "200210": "4.23",
        "200211": "4.88",
        "200212": "5.96",
        "200301": "7.61",
        "200302": "8.25",
        "200303": "6.31",
        "200304": "6.84",
        "200305": "7.06",
        "200306": "7.95",
        "200307": "8.61",
        "200308": "8.79",
        "200309": "8.84",
        "200310": "9.89",
        "200311": "10.17",
        "200312": "10.20",
        "200401": "10.45",
        "200402": "12.33",
        "200403": "13.80",
        "200404": "12.27",
        "200405": "9.36",
        "200406": "9.61",
        "200407": "10.55",
        "200408": "9.71",
        "200409": "11.07",
        "200410": "10.99",
        "200411": "10.02",
        "200412": "10.46",
        "200501": "10.34",
        "200502": "10.26",
        "200503": "9.42",
        "200504": "8.10",
        "200505": "7.55",
        "200506": "8.11",
        "200507": "7.65",
        "200508": "6.76",
        "200509": "6.78",
        "200510": "5.26",
        "200511": "4.86",
        "200512": "4.80",
        "200601": "4.99",
        "200602": "5.57",
        "200603": "5.13",
        "200604": "5.91",
        "200605": "5.77",
        "200606": "5.06",
        "200607": "5.15",
        "200608": "4.93",
        "200609": "4.73",
        "200610": "5.30",
        "200611": "5.29",
        "200612": "7.62",
        "200701": "7.33",
        "200702": "7.03",
        "200703": "7.06",
        "200704": "7.50",
        "200705": "6.99",
        "200706": "6.88",
        "200707": "7.81",
        "200708": "7.05",
        "200709": "7.44",
        "200710": "7.14",
        "200711": "6.47",
        "200712": "6.50",
        "200801": "6.68",
        "200802": "7.10",
        "200803": "7.85",
        "200804": "10.05",
        "200805": "12.96",
        "200806": "12.31",
        "200807": "11.40",
        "200808": "9.54",
        "200809": "7.05",
        "200810": "5.09",
        "200811": "4.97",
        "200812": "4.91",
        "200901": "4.99",
        "200902": "4.87",
        "200903": "5.19",
        "200904": "5.99",
        "200905": "5.85",
        "200906": "5.78",
        "200907": "5.68",
        "200908": "5.97",
        "200909": "5.57",
        "200910": "5.34",
        "200911": "5.13",
        "200912": "5.71",
        "201001": "7.64",
        "201002": "6.89",
        "201003": "7.35",
        "201004": "7.49",
        "201005": "6.43",
        "201006": "5.70",
        "201007": "5.73",
        "201008": "5.80",
        "201009": "9.21",
        "201010": "8.25",
        "201011": "7.79",
        "201012": "8.31",
        "201101": "9.39",
        "201102": "9.54",
        "201103": "8.84",
        "201104": "8.89",
        "201105": "8.51",
        "201106": "7.96",
        "201107": "7.88",
        "201108": "7.50",
        "201109": "7.60",
        "201110": "7.21",
        "201111": "6.38",
        "201112": "5.49",
        "201201": "5.49",
        "201202": "6.64",
        "201203": "6.75",
        "201204": "5.84",
        "201205": "5.30",
        "201206": "4.88",
        "201207": "4.89",
        "201208": "5.03",
        "201209": "5.14",
        "201210": "5.02",
        "201211": "4.75",
        "201212": "5.21",
        "201301": "6.21",
        "201302": "6.20",
        "201303": "5.95",
        "201304": "5.62",
        "201305": "6.12",
        "201306": "6.10",
        "201307": "5.94",
        "201308": "5.77",
        "201309": "5.80",
        "201310": "6.00",
        "201311": "5.50",
        "201312": "5.49",
        "201401": "5.80",
        "201402": "5.64",
        "201403": "5.50",
        "201404": "5.54",
        "201405": "5.32",
        "201406": "5.24",
        "201407": "5.90",
        "201408": "6.36",
        "201409": "6.53",
        "201410": "5.76",
        "201411": "5.67",
        "201412": "5.84",
        "201501": "6.05",
        "201502": "5.85",
        "201503": "5.85",
        "201504": "5.77",
        "201505": "5.52",
        "201506": "4.92",
        "201507": "4.50",
        "201508": "3.96",
        "201509": "3.87",
        "201510": "4.15",
        "201511": "3.93",
        "201512": "3.77",
        "201601": "3.64",
        "201602": "3.90",
        "201603": "3.97",
        "201604": "3.89",
        "201605": "3.65",
        "201606": "3.55",
        "201607": "3.70",
        "201608": "4.14",
        "201609": "4.26",
        "201610": "4.25",
        "201611": "4.64",
        "201612": "4.79",
        "201701": "4.88",
        "201702": "5.78",
        "201703": "6.50",
        "201704": "5.56",
        "201705": "5.10",
        "201706": "5.50",
        "201707": "5.76",
        "201708": "5.79",
        "201709": "6.10",
        "201710": "6.09",
        "201711": "6.06",
        "201712": "6.16",
        "201801": "6.96",
        "201802": "6.82",
        "201803": "6.62",
        "201804": "6.92",
        "201805": "6.54",
        "201806": "6.60",
        "201807": "6.64",
        "201808": "7.41",
        "201809": "8.65",
        "201810": "7.32",
        "201811": "6.59",
        "201812": "6.97",
        "201901": "6.63",
        "201902": "6.90",
        "201903": "6.89",
        "201904": "6.51",
        "201905": "6.57",
        "201906": "6.76",
        "201907": "6.68",
        "201908": "6.62",
        "201909": "6.52",
        "201910": "5.88",
        "201911": "5.42",
        "201912": "5.27",
        "202001": "5.24",
        "202002": "4.80",
        "202003": "3.83",
        "202004": "4.03",
        "202005": "4.09",
        "202006": "4.14",
        "202007": "4.46",
        "202008": "4.68",
        "202009": "5.64",
        "202010": "5.35",
        "202011": "5.38",
        "202012": "6.83",
        "202101": "6.95",
        "202102": "6.79",
        "202103": "6.96",
        "202104": "10.97",
        "202105": "14.17",
        "202106": "16.95",
        "202107": "23.28",
        "202108": "18.98",
        "202109": "17.56",
        "202110": "14.69",
        "202111": "14.22",
        "202112": "14.07",
        "202201": "12.84",
        "202202": "13.18",
        "202203": "13.64",
        "202204": "12.16",
        "202205": "10.28",
        "202206": "9.36",
        "202207": "8.17",
        "202208": "8.83",
        "202209": "8.13",
        "202210": "8.00",
        "202211": "8.17",
        "202212": "8.43",
        "202301": "8.37",
        "202302": "8.56",
        "202303": "8.39",
        "202304": "8.50",
        "202305": "10.59"
    },
    "quarters": {
        "20011": {
            "year_quarter": 20011,
            "year": 2001,
            "quarter": 1,
            "eps": 0.04,
            "eps_growth_year": -42.86,
            "eps_4q": -1.26,
            "eps_4q_growth_year": null,
            "roe": 0.48,
            "roe_4q": 0.48,
            "gross_profit": 5442,
            "gross_margin": 1.54,
            "gross_margin_4q_avg": 1.54,
            "net_income": 16616,
            "revenue": 353520,
            "common_shares": 4247693,
            "book_valuer_per_share": 8.22,
            "book_valuer_per_share_4q_avg": 8.22,
            "equity": 3492658,
            "current_ratio": 37.5,
            "debt_ratio": 36.31,
            "inventory_turnover_ratio": 0.68,
            "account_receivable_turnover_ratio": null,
            "reinvestment_rate": null,
            "research_to_sale_ratio": null,
            "price_fair": 0,
            "eps_avg_yearly": 0,
            "eps_latest_yearly": 0,
            "eps_growth_yearly": 0
        },
        "20012": {
            "year_quarter": 20012,
            "year": 2001,
            "quarter": 2,
            "eps": -0.26,
            "eps_growth_year": null,
            "eps_4q": -1.49,
            "eps_4q_growth_year": null,
            "roe": -3.08,
            "roe_4q": -2.6,
            "gross_profit": -10883,
            "gross_margin": -4.18,
            "gross_margin_4q_avg": -1.32,
            "net_income": -108762,
            "revenue": 260175,
            "common_shares": 4247693,
            "book_valuer_per_share": 8.41,
            "book_valuer_per_share_4q_avg": 8.32,
            "equity": 3572173,
            "current_ratio": 27.85,
            "debt_ratio": 34.55,
            "inventory_turnover_ratio": 3.55,
            "account_receivable_turnover_ratio": null,
            "reinvestment_rate": null,
            "research_to_sale_ratio": null,
            "price_fair": 0,
            "eps_avg_yearly": 0,
            "eps_latest_yearly": 0,
            "eps_growth_yearly": 0
        },
        "20013": {
            "year_quarter": 20013,
            "year": 2001,
            "quarter": 3,
            "eps": -0.25,
            "eps_growth_year": null,
            "eps_4q": -1.71,
            "eps_4q_growth_year": null,
            "roe": -3.03,
            "roe_4q": -5.629999999999999,
            "gross_profit": 9791,
            "gross_margin": 2.89,
            "gross_margin_4q_avg": 0.08,
            "net_income": -106652,
            "revenue": 338431,
            "common_shares": 4247693,
            "book_valuer_per_share": 8.17,
            "book_valuer_per_share_4q_avg": 8.27,
            "equity": 3469937,
            "current_ratio": 31.3,
            "debt_ratio": 36.29,
            "inventory_turnover_ratio": 5.75,
            "account_receivable_turnover_ratio": null,
            "reinvestment_rate": null,
            "research_to_sale_ratio": null,
            "price_fair": 0,
            "eps_avg_yearly": 0,
            "eps_latest_yearly": 0,
            "eps_growth_yearly": 0
        },
        "20014": {
            "year_quarter": 20014,
            "year": 2001,
            "quarter": 4,
            "eps": -1.3,
            "eps_growth_year": null,
            "eps_4q": -1.77,
            "eps_4q_growth_year": null,
            "roe": -17.42,
            "roe_4q": -23.05,
            "gross_profit": 2383,
            "gross_margin": 0.68,
            "gross_margin_4q_avg": 0.23,
            "net_income": -553468,
            "revenue": 350231,
            "common_shares": 4247693,
            "book_valuer_per_share": 6.79,
            "book_valuer_per_share_4q_avg": 7.9,
            "equity": 2883658,
            "current_ratio": 68.56,
            "debt_ratio": 64.4,
            "inventory_turnover_ratio": 0.77,
            "account_receivable_turnover_ratio": null,
            "reinvestment_rate": null,
            "research_to_sale_ratio": null,
            "price_fair": 0,
            "eps_avg_yearly": 0,
            "eps_latest_yearly": 0,
            "eps_growth_yearly": 0
        },
        "20021": {
            "year_quarter": 20021,
            "year": 2002,
            "quarter": 1,
            "eps": 0.1,
            "eps_growth_year": 150,
            "eps_4q": -1.82,
            "eps_4q_growth_year": null,
            "roe": 1.37,
            "roe_4q": -22.160000000000004,
            "gross_profit": 20038,
            "gross_margin": 4.55,
            "gross_margin_4q_avg": 0.99,
            "net_income": 40075,
            "revenue": 440360,
            "common_shares": 4247693,
            "book_valuer_per_share": 7.03,
            "book_valuer_per_share_4q_avg": 7.6,
            "equity": 2985379,
            "current_ratio": 29.13,
            "debt_ratio": 41.57,
            "inventory_turnover_ratio": 0.93,
            "account_receivable_turnover_ratio": null,
            "reinvestment_rate": null,
            "research_to_sale_ratio": null,
            "price_fair": 0,
            "eps_avg_yearly": 0,
            "eps_latest_yearly": 0,
            "eps_growth_yearly": 0
        },
        "20022": {
            "year_quarter": 20022,
            "year": 2002,
            "quarter": 2,
            "eps": 0.11,
            "eps_growth_year": null,
            "eps_4q": -1.36,
            "eps_4q_growth_year": null,
            "roe": 1.6,
            "roe_4q": -17.48,
            "gross_profit": 54673,
            "gross_margin": 10.24,
            "gross_margin_4q_avg": 4.59,
            "net_income": 46444,
            "revenue": 533653,
            "common_shares": 4247693,
            "book_valuer_per_share": 6.61,
            "book_valuer_per_share_4q_avg": 7.15,
            "equity": 2806701,
            "current_ratio": 38.18,
            "debt_ratio": 43.91,
            "inventory_turnover_ratio": 5.58,
            "account_receivable_turnover_ratio": null,
            "reinvestment_rate": null,
            "research_to_sale_ratio": null,
            "price_fair": 15.4,
            "eps_avg_yearly": 0.44,
            "eps_latest_yearly": 0.44,
            "eps_growth_yearly": 40
        },
        "20023": {
            "year_quarter": 20023,
            "year": 2002,
            "quarter": 3,
            "eps": 0.12,
            "eps_growth_year": null,
            "eps_4q": -1.01,
            "eps_4q_growth_year": null,
            "roe": 1.71,
            "roe_4q": -12.740000000000002,
            "gross_profit": 31181,
            "gross_margin": 8.37,
            "gross_margin_4q_avg": 5.96,
            "net_income": 49688,
            "revenue": 372523,
            "common_shares": 4247693,
            "book_valuer_per_share": 7.07,
            "book_valuer_per_share_4q_avg": 6.88,
            "equity": 3002035,
            "current_ratio": 41.6,
            "debt_ratio": 43.51,
            "inventory_turnover_ratio": 2.14,
            "account_receivable_turnover_ratio": null,
            "reinvestment_rate": null,
            "research_to_sale_ratio": null,
            "price_fair": 16.1,
            "eps_avg_yearly": 0.46,
            "eps_latest_yearly": 0.48,
            "eps_growth_yearly": 38.18
        },
        "20024": {
            "year_quarter": 20024,
            "year": 2002,
            "quarter": 4,
            "eps": 0.21,
            "eps_growth_year": null,
            "eps_4q": 0.53,
            "eps_4q_growth_year": null,
            "roe": 2.88,
            "roe_4q": 7.56,
            "gross_profit": 24067,
            "gross_margin": 5.24,
            "gross_margin_4q_avg": 7.1,
            "net_income": 88792,
            "revenue": 459044,
            "common_shares": 4247693,
            "book_valuer_per_share": 7.46,
            "book_valuer_per_share_4q_avg": 7.04,
            "equity": 3169118,
            "current_ratio": 77.89,
            "debt_ratio": 62.21,
            "inventory_turnover_ratio": 0.74,
            "account_receivable_turnover_ratio": null,
            "reinvestment_rate": null,
            "research_to_sale_ratio": null,
            "price_fair": 20.53,
            "eps_avg_yearly": 0.59,
            "eps_latest_yearly": 0.84,
            "eps_growth_yearly": 125.45
        },
        "20031": {
            "year_quarter": 20031,
            "year": 2003,
            "quarter": 1,
            "eps": 0.41,
            "eps_growth_year": 310,
            "eps_4q": 0.84,
            "eps_4q_growth_year": null,
            "roe": 5.36,
            "roe_4q": 11.549999999999999,
            "gross_profit": 38920,
            "gross_margin": 7.15,
            "gross_margin_4q_avg": 7.75,
            "net_income": 175451,
            "revenue": 544025,
            "common_shares": 4247693,
            "book_valuer_per_share": 7.94,
            "book_valuer_per_share_4q_avg": 7.27,
            "equity": 3374323,
            "current_ratio": 37.54,
            "debt_ratio": 38.53,
            "inventory_turnover_ratio": 0.93,
            "account_receivable_turnover_ratio": null,
            "reinvestment_rate": null,
            "research_to_sale_ratio": null,
            "price_fair": 29.75,
            "eps_avg_yearly": 0.85,
            "eps_latest_yearly": 1.64,
            "eps_growth_yearly": 189.33
        },
        "20032": {
            "year_quarter": 20032,
            "year": 2003,
            "quarter": 2,
            "eps": 0.43,
            "eps_growth_year": 290.91,
            "eps_4q": 1.17,
            "eps_4q_growth_year": null,
            "roe": 5.22,
            "roe_4q": 15.170000000000002,
            "gross_profit": 16246,
            "gross_margin": 3.93,
            "gross_margin_4q_avg": 6.17,
            "net_income": 182989,
            "revenue": 413863,
            "common_shares": 4247693,
            "book_valuer_per_share": 8.58,
            "book_valuer_per_share_4q_avg": 7.76,
            "equity": 3642964,
            "current_ratio": 39.85,
            "debt_ratio": 35.4,
            "inventory_turnover_ratio": 1.97,
            "account_receivable_turnover_ratio": null,
            "reinvestment_rate": null,
            "research_to_sale_ratio": null,
            "price_fair": 35.84,
            "eps_avg_yearly": 1.02,
            "eps_latest_yearly": 1.72,
            "eps_growth_yearly": 155.37
        },
        "20033": {
            "year_quarter": 20033,
            "year": 2003,
            "quarter": 3,
            "eps": 0.17,
            "eps_growth_year": 41.67,
            "eps_4q": 1.19,
            "eps_4q_growth_year": null,
            "roe": 1.99,
            "roe_4q": 15.45,
            "gross_profit": 10902,
            "gross_margin": 3.7,
            "gross_margin_4q_avg": 5.01,
            "net_income": 74301,
            "revenue": 294775,
            "common_shares": 4247693,
            "book_valuer_per_share": 9.04,
            "book_valuer_per_share_4q_avg": 8.26,
            "equity": 3838754,
            "current_ratio": 45.49,
            "debt_ratio": 33.68,
            "inventory_turnover_ratio": 1.07,
            "account_receivable_turnover_ratio": null,
            "reinvestment_rate": null,
            "research_to_sale_ratio": null,
            "price_fair": 33.83,
            "eps_avg_yearly": 0.97,
            "eps_latest_yearly": 0.68,
            "eps_growth_yearly": 89.16
        },
        "20034": {
            "year_quarter": 20034,
            "year": 2003,
            "quarter": 4,
            "eps": 0.25,
            "eps_growth_year": 19.05,
            "eps_4q": 1.27,
            "eps_4q_growth_year": 138.02,
            "roe": 2.16,
            "roe_4q": 14.73,
            "gross_profit": -5811,
            "gross_margin": -2.39,
            "gross_margin_4q_avg": 3.1,
            "net_income": 106421,
            "revenue": 242719,
            "common_shares": 4247693,
            "book_valuer_per_share": 10.34,
            "book_valuer_per_share_4q_avg": 8.98,
            "equity": 6021025,
            "current_ratio": 147.01,
            "debt_ratio": 35.87,
            "inventory_turnover_ratio": 0.34,
            "account_receivable_turnover_ratio": null,
            "reinvestment_rate": null,
            "research_to_sale_ratio": null,
            "price_fair": 34,
            "eps_avg_yearly": 0.97,
            "eps_latest_yearly": 1,
            "eps_growth_yearly": 103.31
        },
        "20041": {
            "year_quarter": 20041,
            "year": 2004,
            "quarter": 1,
            "eps": 0.35,
            "eps_growth_year": -14.63,
            "eps_4q": 1.2,
            "eps_4q_growth_year": 42.46,
            "roe": 2.86,
            "roe_4q": 12.23,
            "gross_profit": 28620,
            "gross_margin": 11.04,
            "gross_margin_4q_avg": 4.07,
            "net_income": 149822,
            "revenue": 259204,
            "common_shares": 4247693,
            "book_valuer_per_share": 10.46,
            "book_valuer_per_share_4q_avg": 9.61,
            "equity": 4444032,
            "current_ratio": 43.07,
            "debt_ratio": 29.44,
            "inventory_turnover_ratio": 0.34,
            "account_receivable_turnover_ratio": null,
            "reinvestment_rate": null,
            "research_to_sale_ratio": null,
            "price_fair": 35.88,
            "eps_avg_yearly": 1.03,
            "eps_latest_yearly": 1.4,
            "eps_growth_yearly": 110.4
        },
        "20042": {
            "year_quarter": 20042,
            "year": 2004,
            "quarter": 2,
            "eps": 0.29,
            "eps_growth_year": -32.56,
            "eps_4q": 1.07,
            "eps_4q_growth_year": -8.13,
            "roe": 2.75,
            "roe_4q": 9.76,
            "gross_profit": 63964,
            "gross_margin": 8.98,
            "gross_margin_4q_avg": 5.33,
            "net_income": 122469,
            "revenue": 712676,
            "common_shares": 4247693,
            "book_valuer_per_share": 10.54,
            "book_valuer_per_share_4q_avg": 10.1,
            "equity": 4475479,
            "current_ratio": 64.15,
            "debt_ratio": 35.26,
            "inventory_turnover_ratio": 3.37,
            "account_receivable_turnover_ratio": null,
            "reinvestment_rate": null,
            "research_to_sale_ratio": null,
            "price_fair": 36.4,
            "eps_avg_yearly": 1.04,
            "eps_latest_yearly": 1.16,
            "eps_growth_yearly": 90.51
        },
        "20043": {
            "year_quarter": 20043,
            "year": 2004,
            "quarter": 3,
            "eps": 0.42,
            "eps_growth_year": 147.06,
            "eps_4q": 1.32,
            "eps_4q_growth_year": 10.55,
            "roe": 3.89,
            "roe_4q": 11.66,
            "gross_profit": 40009,
            "gross_margin": 6.41,
            "gross_margin_4q_avg": 6.01,
            "net_income": 176897,
            "revenue": 624204,
            "common_shares": 4247693,
            "book_valuer_per_share": 10.9,
            "book_valuer_per_share_4q_avg": 10.56,
            "equity": 4628837,
            "current_ratio": 128.86,
            "debt_ratio": 41.12,
            "inventory_turnover_ratio": 2.64,
            "account_receivable_turnover_ratio": null,
            "reinvestment_rate": null,
            "research_to_sale_ratio": null,
            "price_fair": 38.64,
            "eps_avg_yearly": 1.1,
            "eps_latest_yearly": 1.68,
            "eps_growth_yearly": 99.39
        },
        "20044": {
            "year_quarter": 20044,
            "year": 2004,
            "quarter": 4,
            "eps": 0.44,
            "eps_growth_year": 76,
            "eps_4q": 1.49,
            "eps_4q_growth_year": 17.37,
            "roe": 3.36,
            "roe_4q": 12.86,
            "gross_profit": 18598,
            "gross_margin": 3.65,
            "gross_margin_4q_avg": 7.52,
            "net_income": 188852,
            "revenue": 510175,
            "common_shares": 4519845,
            "book_valuer_per_share": 11.11,
            "book_valuer_per_share_4q_avg": 10.75,
            "equity": 6619661,
            "current_ratio": 143.23,
            "debt_ratio": 40.62,
            "inventory_turnover_ratio": 0.34,
            "account_receivable_turnover_ratio": null,
            "reinvestment_rate": -3.66,
            "research_to_sale_ratio": null,
            "price_fair": 40.73,
            "eps_avg_yearly": 1.16,
            "eps_latest_yearly": 1.76,
            "eps_growth_yearly": 92.09
        },
        "20051": {
            "year_quarter": 20051,
            "year": 2005,
            "quarter": 1,
            "eps": 0.22,
            "eps_growth_year": -37.14,
            "eps_4q": 1.31,
            "eps_4q_growth_year": 8.88,
            "roe": 1.73,
            "roe_4q": 11.73,
            "gross_profit": 6151,
            "gross_margin": 2.36,
            "gross_margin_4q_avg": 5.35,
            "net_income": 98889,
            "revenue": 260435,
            "common_shares": 4550084,
            "book_valuer_per_share": 10.58,
            "book_valuer_per_share_4q_avg": 10.78,
            "equity": 4813108,
            "current_ratio": 109.85,
            "debt_ratio": 27.78,
            "inventory_turnover_ratio": 0.16,
            "account_receivable_turnover_ratio": null,
            "reinvestment_rate": -11.55,
            "research_to_sale_ratio": null,
            "price_fair": 39.9,
            "eps_avg_yearly": 1.14,
            "eps_latest_yearly": 0.88,
            "eps_growth_yearly": 67.75
        },
        "20052": {
            "year_quarter": 20052,
            "year": 2005,
            "quarter": 2,
            "eps": 0.16,
            "eps_growth_year": -44.83,
            "eps_4q": 1.19,
            "eps_4q_growth_year": 10.52,
            "roe": 1.53,
            "roe_4q": 10.51,
            "gross_profit": 18129,
            "gross_margin": 4.09,
            "gross_margin_4q_avg": 4.13,
            "net_income": 72490,
            "revenue": 442881,
            "common_shares": 4550084,
            "book_valuer_per_share": 10.22,
            "book_valuer_per_share_4q_avg": 10.7,
            "equity": 4651791,
            "current_ratio": 89.07,
            "debt_ratio": 32.4,
            "inventory_turnover_ratio": 0.87,
            "account_receivable_turnover_ratio": null,
            "reinvestment_rate": -5.31,
            "research_to_sale_ratio": null,
            "price_fair": 38.55,
            "eps_avg_yearly": 1.1,
            "eps_latest_yearly": 0.64,
            "eps_growth_yearly": 54.15
        },
        "20053": {
            "year_quarter": 20053,
            "year": 2005,
            "quarter": 3,
            "eps": -0.2,
            "eps_growth_year": -147.62,
            "eps_4q": 0.59,
            "eps_4q_growth_year": -54.93,
            "roe": -1.89,
            "roe_4q": 4.73,
            "gross_profit": 2547,
            "gross_margin": 1.11,
            "gross_margin_4q_avg": 2.8,
            "net_income": -89702,
            "revenue": 229815,
            "common_shares": 4550084,
            "book_valuer_per_share": 10.65,
            "book_valuer_per_share_4q_avg": 10.64,
            "equity": 4846158,
            "current_ratio": 84.66,
            "debt_ratio": 29.48,
            "inventory_turnover_ratio": 0.42,
            "account_receivable_turnover_ratio": null,
            "reinvestment_rate": -4.36,
            "research_to_sale_ratio": null,
            "price_fair": 38.55,
            "eps_avg_yearly": 1.1,
            "eps_latest_yearly": 0.64,
            "eps_growth_yearly": 54.15
        },
        "20054": {
            "year_quarter": 20054,
            "year": 2005,
            "quarter": 4,
            "eps": -0.53,
            "eps_growth_year": -220.45,
            "eps_4q": -0.43,
            "eps_4q_growth_year": -129.21,
            "roe": -4.36,
            "roe_4q": -2.9899999999999998,
            "gross_profit": -9376,
            "gross_margin": -4.3,
            "gross_margin_4q_avg": 0.82,
            "net_income": -243082,
            "revenue": 218113,
            "common_shares": 4550084,
            "book_valuer_per_share": 10.04,
            "book_valuer_per_share_4q_avg": 10.37,
            "equity": 6299336,
            "current_ratio": 167.24,
            "debt_ratio": 40.54,
            "inventory_turnover_ratio": 0.15,
            "account_receivable_turnover_ratio": null,
            "reinvestment_rate": 41.68,
            "research_to_sale_ratio": null,
            "price_fair": 38.55,
            "eps_avg_yearly": 1.1,
            "eps_latest_yearly": 0.64,
            "eps_growth_yearly": 54.15
        },
        "20061": {
            "year_quarter": 20061,
            "year": 2006,
            "quarter": 1,
            "eps": -0.33,
            "eps_growth_year": -250,
            "eps_4q": -0.91,
            "eps_4q_growth_year": -169.41,
            "roe": -2.72,
            "roe_4q": -7.44,
            "gross_profit": -27516,
            "gross_margin": -10.76,
            "gross_margin_4q_avg": -2.47,
            "net_income": -148973,
            "revenue": 255808,
            "common_shares": 4550084,
            "book_valuer_per_share": 10.21,
            "book_valuer_per_share_4q_avg": 10.28,
            "equity": 4644537,
            "current_ratio": 88.66,
            "debt_ratio": 31.16,
            "inventory_turnover_ratio": 0.2,
            "account_receivable_turnover_ratio": null,
            "reinvestment_rate": -2.27,
            "research_to_sale_ratio": null,
            "price_fair": 38.55,
            "eps_avg_yearly": 1.1,
            "eps_latest_yearly": 0.64,
            "eps_growth_yearly": 54.15
        },
        "20062": {
            "year_quarter": 20062,
            "year": 2006,
            "quarter": 2,
            "eps": -0.05,
            "eps_growth_year": -131.25,
            "eps_4q": -1.11,
            "eps_4q_growth_year": -193.59,
            "roe": -0.49,
            "roe_4q": -9.46,
            "gross_profit": -30750,
            "gross_margin": -6.78,
            "gross_margin_4q_avg": -5.18,
            "net_income": -23085,
            "revenue": 453843,
            "common_shares": 4550084,
            "book_valuer_per_share": 10.43,
            "book_valuer_per_share_4q_avg": 10.33,
            "equity": 4743488,
            "current_ratio": 66.6,
            "debt_ratio": 29.49,
            "inventory_turnover_ratio": 2.02,
            "account_receivable_turnover_ratio": null,
            "reinvestment_rate": -0.7,
            "research_to_sale_ratio": null,
            "price_fair": 40.48,
            "eps_avg_yearly": 1.16,
            "eps_latest_yearly": 0.64,
            "eps_growth_yearly": 55.32
        },
        "20063": {
            "year_quarter": 20063,
            "year": 2006,
            "quarter": 3,
            "eps": -0.05,
            "eps_growth_year": null,
            "eps_4q": -0.96,
            "eps_4q_growth_year": -261.52,
            "roe": -0.45,
            "roe_4q": -8.02,
            "gross_profit": -7534,
            "gross_margin": -1.86,
            "gross_margin_4q_avg": -5.93,
            "net_income": -21829,
            "revenue": 405158,
            "common_shares": 4550084,
            "book_valuer_per_share": 10.82,
            "book_valuer_per_share_4q_avg": 10.38,
            "equity": 4923721,
            "current_ratio": 74.1,
            "debt_ratio": 30.4,
            "inventory_turnover_ratio": 1.38,
            "account_receivable_turnover_ratio": null,
            "reinvestment_rate": 0.82,
            "research_to_sale_ratio": null,
            "price_fair": 42.64,
            "eps_avg_yearly": 1.22,
            "eps_latest_yearly": 0.64,
            "eps_growth_yearly": 57.05
        },
        "20064": {
            "year_quarter": 20064,
            "year": 2006,
            "quarter": 4,
            "eps": -0.45,
            "eps_growth_year": null,
            "eps_4q": -0.87,
            "eps_4q_growth_year": null,
            "roe": -3.55,
            "roe_4q": -7.210000000000001,
            "gross_profit": 13404,
            "gross_margin": 2.7,
            "gross_margin_4q_avg": -4.18,
            "net_income": -205916,
            "revenue": 495894,
            "common_shares": 4550084,
            "book_valuer_per_share": 10.86,
            "book_valuer_per_share_4q_avg": 10.58,
            "equity": 6672283,
            "current_ratio": 302.71,
            "debt_ratio": 49.1,
            "inventory_turnover_ratio": 0.37,
            "account_receivable_turnover_ratio": null,
            "reinvestment_rate": 216.73,
            "research_to_sale_ratio": null,
            "price_fair": 43.96,
            "eps_avg_yearly": 1.26,
            "eps_latest_yearly": 0.64,
            "eps_growth_yearly": 32.75
        },
        "20071": {
            "year_quarter": 20071,
            "year": 2007,
            "quarter": 1,
            "eps": -0.19,
            "eps_growth_year": null,
            "eps_4q": -0.73,
            "eps_4q_growth_year": null,
            "roe": -1.44,
            "roe_4q": -5.930000000000001,
            "gross_profit": 5561,
            "gross_margin": 2.53,
            "gross_margin_4q_avg": -0.85,
            "net_income": -87737,
            "revenue": 220150,
            "common_shares": 4550084,
            "book_valuer_per_share": 12.04,
            "book_valuer_per_share_4q_avg": 11.04,
            "equity": 5479222,
            "current_ratio": 124.93,
            "debt_ratio": 30.99,
            "inventory_turnover_ratio": 0.17,
            "account_receivable_turnover_ratio": null,
            "reinvestment_rate": 8.6,
            "research_to_sale_ratio": null,
            "price_fair": 3.64,
            "eps_avg_yearly": 1.21,
            "eps_latest_yearly": 0.64,
            "eps_growth_yearly": -5.94
        },
        "20072": {
            "year_quarter": 20072,
            "year": 2007,
            "quarter": 2,
            "eps": 0.34,
            "eps_growth_year": null,
            "eps_4q": -0.35,
            "eps_4q_growth_year": null,
            "roe": 2.79,
            "roe_4q": -2.65,
            "gross_profit": 8033,
            "gross_margin": 2.91,
            "gross_margin_4q_avg": 1.57,
            "net_income": 156276,
            "revenue": 275853,
            "common_shares": 4550084,
            "book_valuer_per_share": 12.56,
            "book_valuer_per_share_4q_avg": 11.57,
            "equity": 5715583,
            "current_ratio": 128.48,
            "debt_ratio": 29.1,
            "inventory_turnover_ratio": 0.92,
            "account_receivable_turnover_ratio": null,
            "reinvestment_rate": 10.03,
            "research_to_sale_ratio": null,
            "price_fair": 3.45,
            "eps_avg_yearly": 1.15,
            "eps_latest_yearly": 0.64,
            "eps_growth_yearly": -9.12
        },
        "20073": {
            "year_quarter": 20073,
            "year": 2007,
            "quarter": 3,
            "eps": -0.26,
            "eps_growth_year": null,
            "eps_4q": -0.57,
            "eps_4q_growth_year": null,
            "roe": -2.11,
            "roe_4q": -4.31,
            "gross_profit": 4915,
            "gross_margin": 1.99,
            "gross_margin_4q_avg": 2.53,
            "net_income": -119833,
            "revenue": 246433,
            "common_shares": 4550084,
            "book_valuer_per_share": 12.39,
            "book_valuer_per_share_4q_avg": 11.96,
            "equity": 5639826,
            "current_ratio": 153.33,
            "debt_ratio": 31.84,
            "inventory_turnover_ratio": 0.85,
            "account_receivable_turnover_ratio": null,
            "reinvestment_rate": 26.92,
            "research_to_sale_ratio": null,
            "price_fair": 41.54,
            "eps_avg_yearly": 1.22,
            "eps_latest_yearly": 0.64,
            "eps_growth_yearly": 24.13
        },
        "20074": {
            "year_quarter": 20074,
            "year": 2007,
            "quarter": 4,
            "eps": 0.18,
            "eps_growth_year": null,
            "eps_4q": 0.08,
            "eps_4q_growth_year": null,
            "roe": 1.28,
            "roe_4q": 0.5200000000000002,
            "gross_profit": 18849,
            "gross_margin": 3.23,
            "gross_margin_4q_avg": 2.67,
            "net_income": 89150,
            "revenue": 583433,
            "common_shares": 4919528,
            "book_valuer_per_share": 12.78,
            "book_valuer_per_share_4q_avg": 12.44,
            "equity": 8295370,
            "current_ratio": 175.97,
            "debt_ratio": 55.49,
            "inventory_turnover_ratio": 0.25,
            "account_receivable_turnover_ratio": null,
            "reinvestment_rate": 1941.54,
            "research_to_sale_ratio": null,
            "price_fair": 3.76,
            "eps_avg_yearly": 1.25,
            "eps_latest_yearly": 0.64,
            "eps_growth_yearly": -3.22
        },
        "20081": {
            "year_quarter": 20081,
            "year": 2008,
            "quarter": 1,
            "eps": 0.32,
            "eps_growth_year": null,
            "eps_4q": 0.44,
            "eps_4q_growth_year": null,
            "roe": 2.51,
            "roe_4q": 4.470000000000001,
            "gross_profit": 331881,
            "gross_margin": 8.42,
            "gross_margin_4q_avg": 4.14,
            "net_income": 202115,
            "revenue": 3941054,
            "common_shares": 5206194,
            "book_valuer_per_share": 11.42,
            "book_valuer_per_share_4q_avg": 12.29,
            "equity": 7820428,
            "current_ratio": 186.61,
            "debt_ratio": 51.01,
            "inventory_turnover_ratio": 0.95,
            "account_receivable_turnover_ratio": null,
            "reinvestment_rate": 3930.52,
            "research_to_sale_ratio": null,
            "price_fair": 39.43,
            "eps_avg_yearly": 1.23,
            "eps_latest_yearly": 1.28,
            "eps_growth_yearly": 21.97
        },
        "20082": {
            "year_quarter": 20082,
            "year": 2008,
            "quarter": 2,
            "eps": 0.77,
            "eps_growth_year": 126.47,
            "eps_4q": 0.82,
            "eps_4q_growth_year": null,
            "roe": 6.12,
            "roe_4q": 7.799999999999999,
            "gross_profit": 882056,
            "gross_margin": 21.31,
            "gross_margin_4q_avg": 8.74,
            "net_income": 483573,
            "revenue": 4139659,
            "common_shares": 5504665,
            "book_valuer_per_share": 11.12,
            "book_valuer_per_share_4q_avg": 11.93,
            "equity": 7991473,
            "current_ratio": 180.73,
            "debt_ratio": 51.11,
            "inventory_turnover_ratio": 0.87,
            "account_receivable_turnover_ratio": null,
            "reinvestment_rate": 1159.86,
            "research_to_sale_ratio": null,
            "price_fair": 54.37,
            "eps_avg_yearly": 1.55,
            "eps_latest_yearly": 3.08,
            "eps_growth_yearly": 127.15
        },
        "20083": {
            "year_quarter": 20083,
            "year": 2008,
            "quarter": 3,
            "eps": 0.31,
            "eps_growth_year": null,
            "eps_4q": 1.18,
            "eps_4q_growth_year": null,
            "roe": 2.51,
            "roe_4q": 12.419999999999998,
            "gross_profit": 427533,
            "gross_margin": 16.33,
            "gross_margin_4q_avg": 12.32,
            "net_income": 208224,
            "revenue": 2617993,
            "common_shares": 5522304,
            "book_valuer_per_share": 11.95,
            "book_valuer_per_share_4q_avg": 11.82,
            "equity": 8603150,
            "current_ratio": 173.36,
            "debt_ratio": 50.43,
            "inventory_turnover_ratio": 0.45,
            "account_receivable_turnover_ratio": null,
            "reinvestment_rate": 1144.09,
            "research_to_sale_ratio": null,
            "price_fair": 51.8,
            "eps_avg_yearly": 1.48,
            "eps_latest_yearly": 1.24,
            "eps_growth_yearly": 57.43
        },
        "20084": {
            "year_quarter": 20084,
            "year": 2008,
            "quarter": 4,
            "eps": -1.75,
            "eps_growth_year": -1072.22,
            "eps_4q": -0.5,
            "eps_4q_growth_year": -754.95,
            "roe": -13.53,
            "roe_4q": -2.3899999999999997,
            "gross_profit": -900370,
            "gross_margin": -92,
            "gross_margin_4q_avg": -11.49,
            "net_income": -1087876,
            "revenue": 978621,
            "common_shares": 5522304,
            "book_valuer_per_share": 10.21,
            "book_valuer_per_share_4q_avg": 11.18,
            "equity": 7480742,
            "current_ratio": 172.67,
            "debt_ratio": 53.02,
            "inventory_turnover_ratio": 0.38,
            "account_receivable_turnover_ratio": 3.76,
            "reinvestment_rate": null,
            "research_to_sale_ratio": null,
            "price_fair": 49.84,
            "eps_avg_yearly": 1.42,
            "eps_latest_yearly": 1.24,
            "eps_growth_yearly": 65.11
        },
        "20091": {
            "year_quarter": 20091,
            "year": 2009,
            "quarter": 1,
            "eps": -1.11,
            "eps_growth_year": -446.88,
            "eps_4q": -1.79,
            "eps_4q_growth_year": -508.99,
            "roe": -10.74,
            "roe_4q": -15.639999999999997,
            "gross_profit": -592058,
            "gross_margin": -36.08,
            "gross_margin_4q_avg": -22.61,
            "net_income": -768588,
            "revenue": 1641143,
            "common_shares": 5522304,
            "book_valuer_per_share": 9.26,
            "book_valuer_per_share_4q_avg": 10.64,
            "equity": 6826548,
            "current_ratio": 204.4,
            "debt_ratio": 46.1,
            "inventory_turnover_ratio": 0.64,
            "account_receivable_turnover_ratio": 3.2,
            "reinvestment_rate": null,
            "research_to_sale_ratio": null,
            "price_fair": 54.6,
            "eps_avg_yearly": 1.56,
            "eps_latest_yearly": 1.24,
            "eps_growth_yearly": 131.39
        },
        "20092": {
            "year_quarter": 20092,
            "year": 2009,
            "quarter": 2,
            "eps": -0.98,
            "eps_growth_year": -227.27,
            "eps_4q": -3.49,
            "eps_4q_growth_year": -527.18,
            "roe": -10.56,
            "roe_4q": -32.32,
            "gross_profit": -360740,
            "gross_margin": -32.06,
            "gross_margin_4q_avg": -35.95,
            "net_income": -684956,
            "revenue": 1125200,
            "common_shares": 5522304,
            "book_valuer_per_share": 8.3,
            "book_valuer_per_share_4q_avg": 9.93,
            "equity": 6151763,
            "current_ratio": 114.6,
            "debt_ratio": 48.16,
            "inventory_turnover_ratio": 0.59,
            "account_receivable_turnover_ratio": 2.64,
            "reinvestment_rate": null,
            "research_to_sale_ratio": null,
            "price_fair": 65.33,
            "eps_avg_yearly": 1.87,
            "eps_latest_yearly": 1.24,
            "eps_growth_yearly": 211.55
        },
        "20093": {
            "year_quarter": 20093,
            "year": 2009,
            "quarter": 3,
            "eps": 0.14,
            "eps_growth_year": -54.84,
            "eps_4q": -3.14,
            "eps_4q_growth_year": -365.19,
            "roe": 1.45,
            "roe_4q": -33.38,
            "gross_profit": 285017,
            "gross_margin": 13.79,
            "gross_margin_4q_avg": -36.59,
            "net_income": 89785,
            "revenue": 2067321,
            "common_shares": 5522304,
            "book_valuer_per_share": 8.41,
            "book_valuer_per_share_4q_avg": 9.05,
            "equity": 6220580,
            "current_ratio": 113.09,
            "debt_ratio": 50.85,
            "inventory_turnover_ratio": 0.74,
            "account_receivable_turnover_ratio": 6.16,
            "reinvestment_rate": null,
            "research_to_sale_ratio": null,
            "price_fair": 65.33,
            "eps_avg_yearly": 1.87,
            "eps_latest_yearly": 1.24,
            "eps_growth_yearly": 211.55
        },
        "20094": {
            "year_quarter": 20094,
            "year": 2009,
            "quarter": 4,
            "eps": -0.7,
            "eps_growth_year": null,
            "eps_4q": -2.65,
            "eps_4q_growth_year": null,
            "roe": -8.11,
            "roe_4q": -27.96,
            "gross_profit": 10336,
            "gross_margin": 0.61,
            "gross_margin_4q_avg": -13.44,
            "net_income": -484392,
            "revenue": 1696064,
            "common_shares": 5522304,
            "book_valuer_per_share": 7.69,
            "book_valuer_per_share_4q_avg": 8.42,
            "equity": 5719276,
            "current_ratio": 101.69,
            "debt_ratio": 53.49,
            "inventory_turnover_ratio": 0.63,
            "account_receivable_turnover_ratio": 8.96,
            "reinvestment_rate": null,
            "research_to_sale_ratio": null,
            "price_fair": 65.33,
            "eps_avg_yearly": 1.87,
            "eps_latest_yearly": 1.24,
            "eps_growth_yearly": 211.55
        },
        "20101": {
            "year_quarter": 20101,
            "year": 2010,
            "quarter": 1,
            "eps": 0.32,
            "eps_growth_year": null,
            "eps_4q": -1.22,
            "eps_4q_growth_year": null,
            "roe": 3.51,
            "roe_4q": -13.71,
            "gross_profit": 343913,
            "gross_margin": 17.75,
            "gross_margin_4q_avg": 0.02,
            "net_income": 206725,
            "revenue": 1937575,
            "common_shares": 5522304,
            "book_valuer_per_share": 8.21,
            "book_valuer_per_share_4q_avg": 8.15,
            "equity": 6058246,
            "current_ratio": 83.57,
            "debt_ratio": 54.67,
            "inventory_turnover_ratio": 0.47,
            "account_receivable_turnover_ratio": 4.13,
            "reinvestment_rate": null,
            "research_to_sale_ratio": 0.55,
            "price_fair": 65.33,
            "eps_avg_yearly": 1.87,
            "eps_latest_yearly": 1.24,
            "eps_growth_yearly": 211.55
        },
        "20102": {
            "year_quarter": 20102,
            "year": 2010,
            "quarter": 2,
            "eps": 0.19,
            "eps_growth_year": null,
            "eps_4q": -0.17,
            "eps_4q_growth_year": null,
            "roe": 1.48,
            "roe_4q": -1.6699999999999993,
            "gross_profit": 255123,
            "gross_margin": 12.27,
            "gross_margin_4q_avg": 11.11,
            "net_income": 90672,
            "revenue": 2079635,
            "common_shares": 3588207,
            "book_valuer_per_share": 12.95,
            "book_valuer_per_share_4q_avg": 9.32,
            "equity": 6209304,
            "current_ratio": 88.84,
            "debt_ratio": 54.37,
            "inventory_turnover_ratio": 0.45,
            "account_receivable_turnover_ratio": 3.31,
            "reinvestment_rate": null,
            "research_to_sale_ratio": 0.15,
            "price_fair": 55.65,
            "eps_avg_yearly": 1.59,
            "eps_latest_yearly": 0.76,
            "eps_growth_yearly": 118.04
        },
        "20103": {
            "year_quarter": 20103,
            "year": 2010,
            "quarter": 3,
            "eps": 0.16,
            "eps_growth_year": 14.72,
            "eps_4q": -0.22,
            "eps_4q_growth_year": null,
            "roe": 1.3,
            "roe_4q": -1.8199999999999994,
            "gross_profit": 169747,
            "gross_margin": 7.99,
            "gross_margin_4q_avg": 9.66,
            "net_income": 82491,
            "revenue": 2123928,
            "common_shares": 3588207,
            "book_valuer_per_share": 13.61,
            "book_valuer_per_share_4q_avg": 10.62,
            "equity": 6512863,
            "current_ratio": 89,
            "debt_ratio": 50.57,
            "inventory_turnover_ratio": 0.48,
            "account_receivable_turnover_ratio": 3.37,
            "reinvestment_rate": null,
            "research_to_sale_ratio": 0.35,
            "price_fair": 49,
            "eps_avg_yearly": 1.4,
            "eps_latest_yearly": 0.64,
            "eps_growth_yearly": 81.8
        },
        "20104": {
            "year_quarter": 20104,
            "year": 2010,
            "quarter": 4,
            "eps": 0.06,
            "eps_growth_year": null,
            "eps_4q": 0.69,
            "eps_4q_growth_year": null,
            "roe": 0.46,
            "roe_4q": 6.75,
            "gross_profit": 156352,
            "gross_margin": 7.88,
            "gross_margin_4q_avg": 11.47,
            "net_income": 31402,
            "revenue": 1984604,
            "common_shares": 4838207,
            "book_valuer_per_share": 11.53,
            "book_valuer_per_share_4q_avg": 11.58,
            "equity": 7122006,
            "current_ratio": 117.44,
            "debt_ratio": 46.21,
            "inventory_turnover_ratio": 0.45,
            "account_receivable_turnover_ratio": 3.36,
            "reinvestment_rate": null,
            "research_to_sale_ratio": 0.38,
            "price_fair": 42.23,
            "eps_avg_yearly": 1.21,
            "eps_latest_yearly": 0.24,
            "eps_growth_yearly": 26.5
        },
        "20111": {
            "year_quarter": 20111,
            "year": 2011,
            "quarter": 1,
            "eps": 0.24,
            "eps_growth_year": -25,
            "eps_4q": 0.56,
            "eps_4q_growth_year": null,
            "roe": 2.08,
            "roe_4q": 5.32,
            "gross_profit": 383430,
            "gross_margin": 13.1,
            "gross_margin_4q_avg": 10.31,
            "net_income": 149473,
            "revenue": 2926029,
            "common_shares": 4838207,
            "book_valuer_per_share": 11.78,
            "book_valuer_per_share_4q_avg": 12.47,
            "equity": 7278724,
            "current_ratio": 129.73,
            "debt_ratio": 46.04,
            "inventory_turnover_ratio": 0.64,
            "account_receivable_turnover_ratio": 4.36,
            "reinvestment_rate": null,
            "research_to_sale_ratio": 0.28,
            "price_fair": 41,
            "eps_avg_yearly": 1.17,
            "eps_latest_yearly": 0.96,
            "eps_growth_yearly": 194.14
        },
        "20112": {
            "year_quarter": 20112,
            "year": 2011,
            "quarter": 2,
            "eps": 0.2,
            "eps_growth_year": 4.11,
            "eps_4q": 0.61,
            "eps_4q_growth_year": null,
            "roe": 1.65,
            "roe_4q": 5.49,
            "gross_profit": 382272,
            "gross_margin": 13.33,
            "gross_margin_4q_avg": 10.58,
            "net_income": 119416,
            "revenue": 2867622,
            "common_shares": 4838207,
            "book_valuer_per_share": 11.6,
            "book_valuer_per_share_4q_avg": 12.13,
            "equity": 7168781,
            "current_ratio": 142.59,
            "debt_ratio": 44.89,
            "inventory_turnover_ratio": 0.73,
            "account_receivable_turnover_ratio": 3.83,
            "reinvestment_rate": null,
            "research_to_sale_ratio": 0.24,
            "price_fair": 39.38,
            "eps_avg_yearly": 1.13,
            "eps_latest_yearly": 0.8,
            "eps_growth_yearly": 161.54
        },
        "20113": {
            "year_quarter": 20113,
            "year": 2011,
            "quarter": 3,
            "eps": -0.09,
            "eps_growth_year": -153.85,
            "eps_4q": 0.41,
            "eps_4q_growth_year": null,
            "roe": -0.29,
            "roe_4q": 3.9,
            "gross_profit": 276821,
            "gross_margin": 10.91,
            "gross_margin_4q_avg": 11.31,
            "net_income": -22047,
            "revenue": 2536497,
            "common_shares": 4838207,
            "book_valuer_per_share": 11.78,
            "book_valuer_per_share_4q_avg": 11.67,
            "equity": 7868567,
            "current_ratio": 144.46,
            "debt_ratio": 42.16,
            "inventory_turnover_ratio": 0.64,
            "account_receivable_turnover_ratio": 3.18,
            "reinvestment_rate": null,
            "research_to_sale_ratio": 0.25,
            "price_fair": 39.38,
            "eps_avg_yearly": 1.13,
            "eps_latest_yearly": 0.8,
            "eps_growth_yearly": 161.54
        },
        "20114": {
            "year_quarter": 20114,
            "year": 2011,
            "quarter": 4,
            "eps": -0.14,
            "eps_growth_year": -344.77,
            "eps_4q": 0.21,
            "eps_4q_growth_year": -69.31,
            "roe": -1.27,
            "roe_4q": 2.17,
            "gross_profit": 55316,
            "gross_margin": 2.12,
            "gross_margin_4q_avg": 9.87,
            "net_income": -97373,
            "revenue": 2604575,
            "common_shares": 4838207,
            "book_valuer_per_share": 11.25,
            "book_valuer_per_share_4q_avg": 11.6,
            "equity": 7481120,
            "current_ratio": 135.51,
            "debt_ratio": 43.68,
            "inventory_turnover_ratio": 0.62,
            "account_receivable_turnover_ratio": 3.42,
            "reinvestment_rate": null,
            "research_to_sale_ratio": 0.25,
            "price_fair": 39.38,
            "eps_avg_yearly": 1.13,
            "eps_latest_yearly": 0.8,
            "eps_growth_yearly": 161.54
        },
        "20121": {
            "year_quarter": 20121,
            "year": 2012,
            "quarter": 1,
            "eps": -0.07,
            "eps_growth_year": -129.17,
            "eps_4q": -0.1,
            "eps_4q_growth_year": -117.72,
            "roe": -0.5,
            "roe_4q": -0.41000000000000014,
            "gross_profit": 130072,
            "gross_margin": 4.31,
            "gross_margin_4q_avg": 7.67,
            "net_income": -37529,
            "revenue": 3021355,
            "common_shares": 4838207,
            "book_valuer_per_share": 11.12,
            "book_valuer_per_share_4q_avg": 11.44,
            "equity": 7391191,
            "current_ratio": 127.08,
            "debt_ratio": 44.32,
            "inventory_turnover_ratio": 0.69,
            "account_receivable_turnover_ratio": 4.13,
            "reinvestment_rate": null,
            "research_to_sale_ratio": 0.24,
            "price_fair": 38.6,
            "eps_avg_yearly": 1.1,
            "eps_latest_yearly": 0.8,
            "eps_growth_yearly": 140.17
        },
        "20122": {
            "year_quarter": 20122,
            "year": 2012,
            "quarter": 2,
            "eps": -0.35,
            "eps_growth_year": -276.01,
            "eps_4q": -0.65,
            "eps_4q_growth_year": -205.29,
            "roe": -3.09,
            "roe_4q": -5.1499999999999995,
            "gross_profit": 67056,
            "gross_margin": 2.53,
            "gross_margin_4q_avg": 4.97,
            "net_income": -223672,
            "revenue": 2652484,
            "common_shares": 4838207,
            "book_valuer_per_share": 10.65,
            "book_valuer_per_share_4q_avg": 11.2,
            "equity": 7084740,
            "current_ratio": 120.03,
            "debt_ratio": 44.45,
            "inventory_turnover_ratio": 0.66,
            "account_receivable_turnover_ratio": 3.46,
            "reinvestment_rate": null,
            "research_to_sale_ratio": 0.2,
            "price_fair": 27.07,
            "eps_avg_yearly": 0.77,
            "eps_latest_yearly": 0.8,
            "eps_growth_yearly": 69.79
        },
        "20123": {
            "year_quarter": 20123,
            "year": 2012,
            "quarter": 3,
            "eps": -0.15,
            "eps_growth_year": null,
            "eps_4q": -0.71,
            "eps_4q_growth_year": -273.5,
            "roe": -1.11,
            "roe_4q": -5.970000000000001,
            "gross_profit": -38739,
            "gross_margin": -1.36,
            "gross_margin_4q_avg": 1.9,
            "net_income": -78137,
            "revenue": 2858643,
            "common_shares": 4838207,
            "book_valuer_per_share": 10.56,
            "book_valuer_per_share_4q_avg": 10.9,
            "equity": 7027689,
            "current_ratio": 132.32,
            "debt_ratio": 44.07,
            "inventory_turnover_ratio": 0.79,
            "account_receivable_turnover_ratio": 3.78,
            "reinvestment_rate": null,
            "research_to_sale_ratio": 0.26,
            "price_fair": 23.8,
            "eps_avg_yearly": 0.68,
            "eps_latest_yearly": 0.8,
            "eps_growth_yearly": 131.54
        },
        "20124": {
            "year_quarter": 20124,
            "year": 2012,
            "quarter": 4,
            "eps": -0.16,
            "eps_growth_year": null,
            "eps_4q": -0.73,
            "eps_4q_growth_year": -445.19,
            "roe": -1.4,
            "roe_4q": -6.1,
            "gross_profit": 98365,
            "gross_margin": 3.84,
            "gross_margin_4q_avg": 2.33,
            "net_income": -97826,
            "revenue": 2561575,
            "common_shares": 4838207,
            "book_valuer_per_share": 10.37,
            "book_valuer_per_share_4q_avg": 10.68,
            "equity": 6900618,
            "current_ratio": 124.27,
            "debt_ratio": 47.46,
            "inventory_turnover_ratio": 0.65,
            "account_receivable_turnover_ratio": 3.7,
            "reinvestment_rate": null,
            "research_to_sale_ratio": 0.27,
            "price_fair": 23.8,
            "eps_avg_yearly": 0.68,
            "eps_latest_yearly": 0.8,
            "eps_growth_yearly": 131.54
        },
        "20131": {
            "year_quarter": 20131,
            "year": 2013,
            "quarter": 1,
            "eps": 0.35,
            "eps_growth_year": null,
            "eps_4q": -0.29,
            "eps_4q_growth_year": null,
            "roe": 3.3,
            "roe_4q": -2.3,
            "gross_profit": 43754,
            "gross_margin": 1.45,
            "gross_margin_4q_avg": 1.62,
            "net_income": 235888,
            "revenue": 3019455,
            "common_shares": 4983490,
            "book_valuer_per_share": 11.04,
            "book_valuer_per_share_4q_avg": 10.66,
            "equity": 7416294,
            "current_ratio": 112.91,
            "debt_ratio": 49.87,
            "inventory_turnover_ratio": 0.69,
            "account_receivable_turnover_ratio": 4.27,
            "reinvestment_rate": null,
            "research_to_sale_ratio": 0,
            "price_fair": 23.8,
            "eps_avg_yearly": 0.68,
            "eps_latest_yearly": 0.8,
            "eps_growth_yearly": 131.54
        },
        "20132": {
            "year_quarter": 20132,
            "year": 2013,
            "quarter": 2,
            "eps": -0.28,
            "eps_growth_year": null,
            "eps_4q": -0.23,
            "eps_4q_growth_year": null,
            "roe": -2.65,
            "roe_4q": -1.86,
            "gross_profit": 194322,
            "gross_margin": 7.77,
            "gross_margin_4q_avg": 2.93,
            "net_income": -191361,
            "revenue": 2502360,
            "common_shares": 5124999,
            "book_valuer_per_share": 10.19,
            "book_valuer_per_share_4q_avg": 10.54,
            "equity": 7011455,
            "current_ratio": 103.42,
            "debt_ratio": 49.54,
            "inventory_turnover_ratio": 0.55,
            "account_receivable_turnover_ratio": 3.55,
            "reinvestment_rate": null,
            "research_to_sale_ratio": 0,
            "price_fair": 23.8,
            "eps_avg_yearly": 0.68,
            "eps_latest_yearly": 0.8,
            "eps_growth_yearly": 131.54
        },
        "20133": {
            "year_quarter": 20133,
            "year": 2013,
            "quarter": 3,
            "eps": -0.17,
            "eps_growth_year": null,
            "eps_4q": -0.25,
            "eps_4q_growth_year": null,
            "roe": -1.61,
            "roe_4q": -2.36,
            "gross_profit": 57739,
            "gross_margin": 2.26,
            "gross_margin_4q_avg": 3.83,
            "net_income": -113010,
            "revenue": 2549809,
            "common_shares": 5404245,
            "book_valuer_per_share": 9.72,
            "book_valuer_per_share_4q_avg": 10.33,
            "equity": 6985897,
            "current_ratio": 109.87,
            "debt_ratio": 49.6,
            "inventory_turnover_ratio": 0.72,
            "account_receivable_turnover_ratio": 4.14,
            "reinvestment_rate": null,
            "research_to_sale_ratio": 0,
            "price_fair": 23.8,
            "eps_avg_yearly": 0.68,
            "eps_latest_yearly": 0.8,
            "eps_growth_yearly": 131.54
        },
        "20134": {
            "year_quarter": 20134,
            "year": 2013,
            "quarter": 4,
            "eps": -0.51,
            "eps_growth_year": null,
            "eps_4q": -0.62,
            "eps_4q_growth_year": null,
            "roe": -5.33,
            "roe_4q": -6.29,
            "gross_profit": 45977,
            "gross_margin": 2.22,
            "gross_margin_4q_avg": 3.43,
            "net_income": -358390,
            "revenue": 2073245,
            "common_shares": 5404245,
            "book_valuer_per_share": 8.86,
            "book_valuer_per_share_4q_avg": 9.95,
            "equity": 6451668,
            "current_ratio": 107.65,
            "debt_ratio": 53.39,
            "inventory_turnover_ratio": 0.66,
            "account_receivable_turnover_ratio": 3.43,
            "reinvestment_rate": null,
            "research_to_sale_ratio": 0,
            "price_fair": 23.8,
            "eps_avg_yearly": 0.68,
            "eps_latest_yearly": 0.8,
            "eps_growth_yearly": 131.54
        },
        "20141": {
            "year_quarter": 20141,
            "year": 2014,
            "quarter": 1,
            "eps": 0.07,
            "eps_growth_year": -80,
            "eps_4q": -0.87,
            "eps_4q_growth_year": null,
            "roe": 0.83,
            "roe_4q": -8.76,
            "gross_profit": 132471,
            "gross_margin": 5.78,
            "gross_margin_4q_avg": 4.51,
            "net_income": 54728,
            "revenue": 2291638,
            "common_shares": 5404245,
            "book_valuer_per_share": 9.3,
            "book_valuer_per_share_4q_avg": 9.52,
            "equity": 6691983,
            "current_ratio": 99.69,
            "debt_ratio": 52.07,
            "inventory_turnover_ratio": 0.72,
            "account_receivable_turnover_ratio": 3.82,
            "reinvestment_rate": null,
            "research_to_sale_ratio": null,
            "price_fair": 23.8,
            "eps_avg_yearly": 0.68,
            "eps_latest_yearly": 0.8,
            "eps_growth_yearly": 131.54
        },
        "20142": {
            "year_quarter": 20142,
            "year": 2014,
            "quarter": 2,
            "eps": 0,
            "eps_growth_year": null,
            "eps_4q": -0.6,
            "eps_4q_growth_year": null,
            "roe": 0.07,
            "roe_4q": -6.04,
            "gross_profit": 149626,
            "gross_margin": 6.38,
            "gross_margin_4q_avg": 4.16,
            "net_income": 4693,
            "revenue": 2346410,
            "common_shares": 5404245,
            "book_valuer_per_share": 9.22,
            "book_valuer_per_share_4q_avg": 9.28,
            "equity": 6624828,
            "current_ratio": 106.65,
            "debt_ratio": 51.58,
            "inventory_turnover_ratio": 0.76,
            "account_receivable_turnover_ratio": 3.71,
            "reinvestment_rate": null,
            "research_to_sale_ratio": null,
            "price_fair": 23.1,
            "eps_avg_yearly": 0.66,
            "eps_latest_yearly": 0.8,
            "eps_growth_yearly": 205.04
        },
        "20143": {
            "year_quarter": 20143,
            "year": 2014,
            "quarter": 3,
            "eps": 0,
            "eps_growth_year": null,
            "eps_4q": -0.44,
            "eps_4q_growth_year": null,
            "roe": 0.01,
            "roe_4q": -4.42,
            "gross_profit": 137770,
            "gross_margin": 7.03,
            "gross_margin_4q_avg": 5.35,
            "net_income": 443,
            "revenue": 1961029,
            "common_shares": 5445911,
            "book_valuer_per_share": 9.35,
            "book_valuer_per_share_4q_avg": 9.18,
            "equity": 6766291,
            "current_ratio": 90.16,
            "debt_ratio": 53.41,
            "inventory_turnover_ratio": 0.59,
            "account_receivable_turnover_ratio": 2.99,
            "reinvestment_rate": null,
            "research_to_sale_ratio": 0,
            "price_fair": 23.33,
            "eps_avg_yearly": 0.67,
            "eps_latest_yearly": 0.8,
            "eps_growth_yearly": 294.44
        },
        "20144": {
            "year_quarter": 20144,
            "year": 2014,
            "quarter": 4,
            "eps": -0.07,
            "eps_growth_year": null,
            "eps_4q": 0,
            "eps_4q_growth_year": null,
            "roe": -0.65,
            "roe_4q": 0.2599999999999999,
            "gross_profit": 157666,
            "gross_margin": 6.55,
            "gross_margin_4q_avg": 6.44,
            "net_income": -44015,
            "revenue": 2407747,
            "common_shares": 5470911,
            "book_valuer_per_share": 9.36,
            "book_valuer_per_share_4q_avg": 9.31,
            "equity": 6827410,
            "current_ratio": 94.15,
            "debt_ratio": 55.03,
            "inventory_turnover_ratio": 0.66,
            "account_receivable_turnover_ratio": 3.26,
            "reinvestment_rate": null,
            "research_to_sale_ratio": 0,
            "price_fair": 30.8,
            "eps_avg_yearly": 0.88,
            "eps_latest_yearly": 0.8,
            "eps_growth_yearly": 566.67
        },
        "20151": {
            "year_quarter": 20151,
            "year": 2015,
            "quarter": 1,
            "eps": -0.15,
            "eps_growth_year": -314.29,
            "eps_4q": -0.22,
            "eps_4q_growth_year": null,
            "roe": -1.52,
            "roe_4q": -2.0900000000000003,
            "gross_profit": 72189,
            "gross_margin": 3.64,
            "gross_margin_4q_avg": 5.9,
            "net_income": -103094,
            "revenue": 1984919,
            "common_shares": 5470911,
            "book_valuer_per_share": 9.18,
            "book_valuer_per_share_4q_avg": 9.28,
            "equity": 6704357,
            "current_ratio": 92.37,
            "debt_ratio": 55.37,
            "inventory_turnover_ratio": 0.57,
            "account_receivable_turnover_ratio": 2.45,
            "reinvestment_rate": null,
            "research_to_sale_ratio": null,
            "price_fair": 2.4,
            "eps_avg_yearly": 0.8,
            "eps_latest_yearly": 0.8,
            "eps_growth_yearly": -66.67
        },
        "20152": {
            "year_quarter": 20152,
            "year": 2015,
            "quarter": 2,
            "eps": -0.18,
            "eps_growth_year": null,
            "eps_4q": -0.4,
            "eps_4q_growth_year": null,
            "roe": -1.87,
            "roe_4q": -4.03,
            "gross_profit": 76362,
            "gross_margin": 3.98,
            "gross_margin_4q_avg": 5.3,
            "net_income": -121430,
            "revenue": 1920730,
            "common_shares": 5470911,
            "book_valuer_per_share": 8.7,
            "book_valuer_per_share_4q_avg": 9.15,
            "equity": 6310511,
            "current_ratio": 104.15,
            "debt_ratio": 55.48,
            "inventory_turnover_ratio": 0.6,
            "account_receivable_turnover_ratio": 2.52,
            "reinvestment_rate": null,
            "research_to_sale_ratio": null,
            "price_fair": 0,
            "eps_avg_yearly": 0,
            "eps_latest_yearly": 0,
            "eps_growth_yearly": 0
        },
        "20153": {
            "year_quarter": 20153,
            "year": 2015,
            "quarter": 3,
            "eps": -0.36,
            "eps_growth_year": null,
            "eps_4q": -0.76,
            "eps_4q_growth_year": null,
            "roe": -3.6,
            "roe_4q": -7.640000000000001,
            "gross_profit": 27903,
            "gross_margin": 1.43,
            "gross_margin_4q_avg": 3.9,
            "net_income": -222912,
            "revenue": 1949369,
            "common_shares": 5470911,
            "book_valuer_per_share": 8.29,
            "book_valuer_per_share_4q_avg": 8.88,
            "equity": 6066125,
            "current_ratio": 93.6,
            "debt_ratio": 57.74,
            "inventory_turnover_ratio": 0.66,
            "account_receivable_turnover_ratio": 2.73,
            "reinvestment_rate": null,
            "research_to_sale_ratio": 0,
            "price_fair": 0,
            "eps_avg_yearly": 0,
            "eps_latest_yearly": 0,
            "eps_growth_yearly": 0
        },
        "20154": {
            "year_quarter": 20154,
            "year": 2015,
            "quarter": 4,
            "eps": -0.37,
            "eps_growth_year": null,
            "eps_4q": -1.06,
            "eps_4q_growth_year": -21679.64,
            "roe": -4.11,
            "roe_4q": -11.100000000000001,
            "gross_profit": 1568,
            "gross_margin": 0.1,
            "gross_margin_4q_avg": 2.29,
            "net_income": -243236,
            "revenue": 1633142,
            "common_shares": 5470911,
            "book_valuer_per_share": 7.92,
            "book_valuer_per_share_4q_avg": 8.52,
            "equity": 5759803,
            "current_ratio": 97.17,
            "debt_ratio": 55.85,
            "inventory_turnover_ratio": 0.68,
            "account_receivable_turnover_ratio": 2.62,
            "reinvestment_rate": null,
            "research_to_sale_ratio": 0,
            "price_fair": 0,
            "eps_avg_yearly": 0,
            "eps_latest_yearly": 0,
            "eps_growth_yearly": 0
        },
        "20161": {
            "year_quarter": 20161,
            "year": 2016,
            "quarter": 1,
            "eps": -0.04,
            "eps_growth_year": null,
            "eps_4q": -0.95,
            "eps_4q_growth_year": null,
            "roe": -0.17,
            "roe_4q": -9.75,
            "gross_profit": 165737,
            "gross_margin": 9.17,
            "gross_margin_4q_avg": 3.67,
            "net_income": -10042,
            "revenue": 1807834,
            "common_shares": 5470911,
            "book_valuer_per_share": 7.96,
            "book_valuer_per_share_4q_avg": 8.22,
            "equity": 5746266,
            "current_ratio": 88.57,
            "debt_ratio": 56.21,
            "inventory_turnover_ratio": 0.86,
            "account_receivable_turnover_ratio": 3.18,
            "reinvestment_rate": null,
            "research_to_sale_ratio": null,
            "price_fair": 0,
            "eps_avg_yearly": 0,
            "eps_latest_yearly": 0,
            "eps_growth_yearly": 0
        },
        "20162": {
            "year_quarter": 20162,
            "year": 2016,
            "quarter": 2,
            "eps": 0.06,
            "eps_growth_year": null,
            "eps_4q": -0.71,
            "eps_4q_growth_year": null,
            "roe": 0.87,
            "roe_4q": -7.01,
            "gross_profit": 215688,
            "gross_margin": 11.49,
            "gross_margin_4q_avg": 5.55,
            "net_income": 49986,
            "revenue": 1877974,
            "common_shares": 5470911,
            "book_valuer_per_share": 8.1,
            "book_valuer_per_share_4q_avg": 8.07,
            "equity": 5807434,
            "current_ratio": 86.88,
            "debt_ratio": 55.81,
            "inventory_turnover_ratio": 0.89,
            "account_receivable_turnover_ratio": 3.43,
            "reinvestment_rate": null,
            "research_to_sale_ratio": null,
            "price_fair": 0,
            "eps_avg_yearly": 0,
            "eps_latest_yearly": 0,
            "eps_growth_yearly": 0
        },
        "20163": {
            "year_quarter": 20163,
            "year": 2016,
            "quarter": 3,
            "eps": -0.03,
            "eps_growth_year": null,
            "eps_4q": -0.38,
            "eps_4q_growth_year": null,
            "roe": 0.07,
            "roe_4q": -3.3400000000000003,
            "gross_profit": 171991,
            "gross_margin": 9.92,
            "gross_margin_4q_avg": 7.67,
            "net_income": 4280,
            "revenue": 1733648,
            "common_shares": 5470911,
            "book_valuer_per_share": 8.05,
            "book_valuer_per_share_4q_avg": 8.01,
            "equity": 5782090,
            "current_ratio": 73.82,
            "debt_ratio": 55.08,
            "inventory_turnover_ratio": 0.88,
            "account_receivable_turnover_ratio": 3.39,
            "reinvestment_rate": null,
            "research_to_sale_ratio": null,
            "price_fair": 0,
            "eps_avg_yearly": 0,
            "eps_latest_yearly": 0,
            "eps_growth_yearly": 0
        },
        "20164": {
            "year_quarter": 20164,
            "year": 2016,
            "quarter": 4,
            "eps": -0.16,
            "eps_growth_year": null,
            "eps_4q": -0.16,
            "eps_4q_growth_year": null,
            "roe": -1.46,
            "roe_4q": -0.69,
            "gross_profit": 154008,
            "gross_margin": 9.96,
            "gross_margin_4q_avg": 10.14,
            "net_income": -83524,
            "revenue": 1546612,
            "common_shares": 5470911,
            "book_valuer_per_share": 7.79,
            "book_valuer_per_share_4q_avg": 7.98,
            "equity": 5657550,
            "current_ratio": 76.6,
            "debt_ratio": 56.83,
            "inventory_turnover_ratio": 0.75,
            "account_receivable_turnover_ratio": 3.14,
            "reinvestment_rate": null,
            "research_to_sale_ratio": null,
            "price_fair": 0,
            "eps_avg_yearly": 0,
            "eps_latest_yearly": 0,
            "eps_growth_yearly": 0
        },
        "20171": {
            "year_quarter": 20171,
            "year": 2017,
            "quarter": 1,
            "eps": -0.02,
            "eps_growth_year": null,
            "eps_4q": -0.15,
            "eps_4q_growth_year": null,
            "roe": 0.13,
            "roe_4q": -0.39,
            "gross_profit": 183732,
            "gross_margin": 10.76,
            "gross_margin_4q_avg": 10.53,
            "net_income": 7051,
            "revenue": 1707002,
            "common_shares": 5470911,
            "book_valuer_per_share": 7.52,
            "book_valuer_per_share_4q_avg": 7.87,
            "equity": 5516223,
            "current_ratio": 74.44,
            "debt_ratio": 57.64,
            "inventory_turnover_ratio": 0.77,
            "account_receivable_turnover_ratio": 3.36,
            "reinvestment_rate": null,
            "research_to_sale_ratio": null,
            "price_fair": 0,
            "eps_avg_yearly": 0,
            "eps_latest_yearly": 0,
            "eps_growth_yearly": 0
        },
        "20172": {
            "year_quarter": 20172,
            "year": 2017,
            "quarter": 2,
            "eps": -0.2,
            "eps_growth_year": -433.33,
            "eps_4q": -0.41,
            "eps_4q_growth_year": null,
            "roe": -1.98,
            "roe_4q": -3.24,
            "gross_profit": 86066,
            "gross_margin": 4.9,
            "gross_margin_4q_avg": 8.89,
            "net_income": -108502,
            "revenue": 1756763,
            "common_shares": 5470911,
            "book_valuer_per_share": 7.41,
            "book_valuer_per_share_4q_avg": 7.69,
            "equity": 5460552,
            "current_ratio": 88.53,
            "debt_ratio": 60.19,
            "inventory_turnover_ratio": 0.81,
            "account_receivable_turnover_ratio": 2.88,
            "reinvestment_rate": null,
            "research_to_sale_ratio": null,
            "price_fair": 0,
            "eps_avg_yearly": 0,
            "eps_latest_yearly": 0,
            "eps_growth_yearly": 0
        },
        "20173": {
            "year_quarter": 20173,
            "year": 2017,
            "quarter": 3,
            "eps": -0.07,
            "eps_growth_year": null,
            "eps_4q": -0.46,
            "eps_4q_growth_year": null,
            "roe": -0.26,
            "roe_4q": -3.5700000000000003,
            "gross_profit": 190514,
            "gross_margin": 8.43,
            "gross_margin_4q_avg": 8.51,
            "net_income": -14103,
            "revenue": 2259753,
            "common_shares": 5470911,
            "book_valuer_per_share": 7.46,
            "book_valuer_per_share_4q_avg": 7.55,
            "equity": 5506268,
            "current_ratio": 94.51,
            "debt_ratio": 62.6,
            "inventory_turnover_ratio": 0.83,
            "account_receivable_turnover_ratio": 2.98,
            "reinvestment_rate": null,
            "research_to_sale_ratio": null,
            "price_fair": 0,
            "eps_avg_yearly": 0,
            "eps_latest_yearly": 0,
            "eps_growth_yearly": 0
        },
        "20174": {
            "year_quarter": 20174,
            "year": 2017,
            "quarter": 4,
            "eps": 0.13,
            "eps_growth_year": null,
            "eps_4q": -0.16,
            "eps_4q_growth_year": null,
            "roe": 1.93,
            "roe_4q": -0.18000000000000005,
            "gross_profit": 214470,
            "gross_margin": 10.16,
            "gross_margin_4q_avg": 8.56,
            "net_income": 107544,
            "revenue": 2110258,
            "common_shares": 5470911,
            "book_valuer_per_share": 7.64,
            "book_valuer_per_share_4q_avg": 7.51,
            "equity": 5636750,
            "current_ratio": 88.96,
            "debt_ratio": 62.11,
            "inventory_turnover_ratio": 0.65,
            "account_receivable_turnover_ratio": 2.75,
            "reinvestment_rate": null,
            "research_to_sale_ratio": null,
            "price_fair": 0,
            "eps_avg_yearly": 0,
            "eps_latest_yearly": 0,
            "eps_growth_yearly": 0
        },
        "20181": {
            "year_quarter": 20181,
            "year": 2018,
            "quarter": 1,
            "eps": 0.11,
            "eps_growth_year": null,
            "eps_4q": -0.04,
            "eps_4q_growth_year": null,
            "roe": 1.92,
            "roe_4q": 1.6099999999999999,
            "gross_profit": 155326,
            "gross_margin": 6.65,
            "gross_margin_4q_avg": 7.54,
            "net_income": 108911,
            "revenue": 2337258,
            "common_shares": 5470911,
            "book_valuer_per_share": 7.7,
            "book_valuer_per_share_4q_avg": 7.55,
            "equity": 5690712,
            "current_ratio": 85.42,
            "debt_ratio": 61.97,
            "inventory_turnover_ratio": 0.73,
            "account_receivable_turnover_ratio": 3.24,
            "reinvestment_rate": null,
            "research_to_sale_ratio": null,
            "price_fair": 1.32,
            "eps_avg_yearly": 0.44,
            "eps_latest_yearly": 0.44,
            "eps_growth_yearly": -61.54
        },
        "20182": {
            "year_quarter": 20182,
            "year": 2018,
            "quarter": 2,
            "eps": -0.05,
            "eps_growth_year": null,
            "eps_4q": 0.16,
            "eps_4q_growth_year": null,
            "roe": -0.22,
            "roe_4q": 3.37,
            "gross_profit": 177482,
            "gross_margin": 6.32,
            "gross_margin_4q_avg": 7.89,
            "net_income": -12533,
            "revenue": 2806928,
            "common_shares": 3797520,
            "book_valuer_per_share": 11.01,
            "book_valuer_per_share_4q_avg": 8.45,
            "equity": 5639744,
            "current_ratio": 87.8,
            "debt_ratio": 61.72,
            "inventory_turnover_ratio": 0.94,
            "account_receivable_turnover_ratio": 3.68,
            "reinvestment_rate": null,
            "research_to_sale_ratio": null,
            "price_fair": 1.32,
            "eps_avg_yearly": 0.44,
            "eps_latest_yearly": 0.44,
            "eps_growth_yearly": -61.54
        },
        "20183": {
            "year_quarter": 20183,
            "year": 2018,
            "quarter": 3,
            "eps": 0,
            "eps_growth_year": null,
            "eps_4q": 0.26,
            "eps_4q_growth_year": null,
            "roe": 0.1,
            "roe_4q": 3.7299999999999995,
            "gross_profit": 191356,
            "gross_margin": 6.44,
            "gross_margin_4q_avg": 7.39,
            "net_income": 5754,
            "revenue": 2970551,
            "common_shares": 3797520,
            "book_valuer_per_share": 11.28,
            "book_valuer_per_share_4q_avg": 9.41,
            "equity": 5686021,
            "current_ratio": 90.04,
            "debt_ratio": 62.29,
            "inventory_turnover_ratio": 0.98,
            "account_receivable_turnover_ratio": 3.65,
            "reinvestment_rate": null,
            "research_to_sale_ratio": null,
            "price_fair": 1.32,
            "eps_avg_yearly": 0.44,
            "eps_latest_yearly": 0.44,
            "eps_growth_yearly": -61.54
        },
        "20184": {
            "year_quarter": 20184,
            "year": 2018,
            "quarter": 4,
            "eps": -0.17,
            "eps_growth_year": -226.23,
            "eps_4q": -0.11,
            "eps_4q_growth_year": null,
            "roe": -1.59,
            "roe_4q": 0.20999999999999996,
            "gross_profit": 91292,
            "gross_margin": 2.81,
            "gross_margin_4q_avg": 5.56,
            "net_income": -94705,
            "revenue": 3250615,
            "common_shares": 4797520,
            "book_valuer_per_share": 10.15,
            "book_valuer_per_share_4q_avg": 10.04,
            "equity": 6251570,
            "current_ratio": 127.81,
            "debt_ratio": 60.58,
            "inventory_turnover_ratio": 1.07,
            "account_receivable_turnover_ratio": 4.19,
            "reinvestment_rate": null,
            "research_to_sale_ratio": null,
            "price_fair": 1.32,
            "eps_avg_yearly": 0.44,
            "eps_latest_yearly": 0.44,
            "eps_growth_yearly": -61.54
        },
        "20191": {
            "year_quarter": 20191,
            "year": 2019,
            "quarter": 1,
            "eps": -0.01,
            "eps_growth_year": -109.09,
            "eps_4q": -0.24,
            "eps_4q_growth_year": null,
            "roe": -0.12,
            "roe_4q": -1.8299999999999998,
            "gross_profit": 192635,
            "gross_margin": 6,
            "gross_margin_4q_avg": 5.39,
            "net_income": -7332,
            "revenue": 3209103,
            "common_shares": 4797520,
            "book_valuer_per_share": 10.39,
            "book_valuer_per_share_4q_avg": 10.71,
            "equity": 6394665,
            "current_ratio": 128.1,
            "debt_ratio": 58.33,
            "inventory_turnover_ratio": 1.14,
            "account_receivable_turnover_ratio": 4.01,
            "reinvestment_rate": null,
            "research_to_sale_ratio": 0.08,
            "price_fair": 1.32,
            "eps_avg_yearly": 0.44,
            "eps_latest_yearly": 0.44,
            "eps_growth_yearly": -61.54
        },
        "20192": {
            "year_quarter": 20192,
            "year": 2019,
            "quarter": 2,
            "eps": 0.02,
            "eps_growth_year": null,
            "eps_4q": -0.16,
            "eps_4q_growth_year": -199.53,
            "roe": 0.06,
            "roe_4q": -1.55,
            "gross_profit": 130196,
            "gross_margin": 4.73,
            "gross_margin_4q_avg": 5,
            "net_income": 4020,
            "revenue": 2753989,
            "common_shares": 4797520,
            "book_valuer_per_share": 10.69,
            "book_valuer_per_share_4q_avg": 10.63,
            "equity": 6546598,
            "current_ratio": 146.13,
            "debt_ratio": 33.71,
            "inventory_turnover_ratio": 1.09,
            "account_receivable_turnover_ratio": 3.05,
            "reinvestment_rate": null,
            "research_to_sale_ratio": 0.13,
            "price_fair": 1.32,
            "eps_avg_yearly": 0.44,
            "eps_latest_yearly": 0.44,
            "eps_growth_yearly": -61.54
        },
        "20193": {
            "year_quarter": 20193,
            "year": 2019,
            "quarter": 3,
            "eps": -0.35,
            "eps_growth_year": null,
            "eps_4q": -0.51,
            "eps_4q_growth_year": -291.64,
            "roe": -3.14,
            "roe_4q": -4.79,
            "gross_profit": -77111,
            "gross_margin": -2.93,
            "gross_margin_4q_avg": 2.65,
            "net_income": -201708,
            "revenue": 2631946,
            "common_shares": 4797520,
            "book_valuer_per_share": 10.34,
            "book_valuer_per_share_4q_avg": 10.39,
            "equity": 6289585,
            "current_ratio": 156.07,
            "debt_ratio": 33.17,
            "inventory_turnover_ratio": 1.21,
            "account_receivable_turnover_ratio": 2.81,
            "reinvestment_rate": null,
            "research_to_sale_ratio": 0.07,
            "price_fair": 1.32,
            "eps_avg_yearly": 0.44,
            "eps_latest_yearly": 0.44,
            "eps_growth_yearly": -61.54
        },
        "20194": {
            "year_quarter": 20194,
            "year": 2019,
            "quarter": 4,
            "eps": -1.3,
            "eps_growth_year": null,
            "eps_4q": -1.64,
            "eps_4q_growth_year": null,
            "roe": -13.67,
            "roe_4q": -16.87,
            "gross_profit": 4634,
            "gross_margin": 0.16,
            "gross_margin_4q_avg": 1.99,
            "net_income": -802406,
            "revenue": 2924164,
            "common_shares": 4797520,
            "book_valuer_per_share": 9.01,
            "book_valuer_per_share_4q_avg": 10.11,
            "equity": 5449736,
            "current_ratio": 143.55,
            "debt_ratio": 38.45,
            "inventory_turnover_ratio": 1.36,
            "account_receivable_turnover_ratio": 3.18,
            "reinvestment_rate": null,
            "research_to_sale_ratio": 0.09,
            "price_fair": 1.32,
            "eps_avg_yearly": 0.44,
            "eps_latest_yearly": 0.44,
            "eps_growth_yearly": -61.54
        },
        "20201": {
            "year_quarter": 20201,
            "year": 2020,
            "quarter": 1,
            "eps": -0.2,
            "eps_growth_year": null,
            "eps_4q": -1.82,
            "eps_4q_growth_year": null,
            "roe": -2.16,
            "roe_4q": -18.91,
            "gross_profit": 87089,
            "gross_margin": 4.07,
            "gross_margin_4q_avg": 1.51,
            "net_income": -112578,
            "revenue": 2139329,
            "common_shares": 4797520,
            "book_valuer_per_share": 8.33,
            "book_valuer_per_share_4q_avg": 9.59,
            "equity": 4990738,
            "current_ratio": 140.79,
            "debt_ratio": 39.62,
            "inventory_turnover_ratio": 0.94,
            "account_receivable_turnover_ratio": 2.74,
            "reinvestment_rate": null,
            "research_to_sale_ratio": 0.07,
            "price_fair": 1.32,
            "eps_avg_yearly": 0.44,
            "eps_latest_yearly": 0.44,
            "eps_growth_yearly": -61.54
        },
        "20202": {
            "year_quarter": 20202,
            "year": 2020,
            "quarter": 2,
            "eps": -0.14,
            "eps_growth_year": -800,
            "eps_4q": -1.98,
            "eps_4q_growth_year": null,
            "roe": -1.57,
            "roe_4q": -20.54,
            "gross_profit": 143836,
            "gross_margin": 6.64,
            "gross_margin_4q_avg": 1.99,
            "net_income": -78701,
            "revenue": 2165318,
            "common_shares": 4797520,
            "book_valuer_per_share": 8.41,
            "book_valuer_per_share_4q_avg": 9.02,
            "equity": 5025108,
            "current_ratio": 147.2,
            "debt_ratio": 38.5,
            "inventory_turnover_ratio": 0.97,
            "account_receivable_turnover_ratio": 3.13,
            "reinvestment_rate": null,
            "research_to_sale_ratio": 0.1,
            "price_fair": 1.32,
            "eps_avg_yearly": 0.44,
            "eps_latest_yearly": 0.44,
            "eps_growth_yearly": -61.54
        },
        "20203": {
            "year_quarter": 20203,
            "year": 2020,
            "quarter": 3,
            "eps": 0.07,
            "eps_growth_year": null,
            "eps_4q": -1.57,
            "eps_4q_growth_year": null,
            "roe": 0.75,
            "roe_4q": -16.65,
            "gross_profit": 164678,
            "gross_margin": 8.68,
            "gross_margin_4q_avg": 4.89,
            "net_income": 39366,
            "revenue": 1897657,
            "common_shares": 4797520,
            "book_valuer_per_share": 8.46,
            "book_valuer_per_share_4q_avg": 8.55,
            "equity": 5421006,
            "current_ratio": 142.95,
            "debt_ratio": 36.66,
            "inventory_turnover_ratio": 0.75,
            "account_receivable_turnover_ratio": 2.77,
            "reinvestment_rate": null,
            "research_to_sale_ratio": 0.12,
            "price_fair": 1.32,
            "eps_avg_yearly": 0.44,
            "eps_latest_yearly": 0.44,
            "eps_growth_yearly": -61.54
        },
        "20204": {
            "year_quarter": 20204,
            "year": 2020,
            "quarter": 4,
            "eps": -0.12,
            "eps_growth_year": null,
            "eps_4q": -0.39,
            "eps_4q_growth_year": null,
            "roe": -1.25,
            "roe_4q": -4.23,
            "gross_profit": 137354,
            "gross_margin": 7.95,
            "gross_margin_4q_avg": 6.84,
            "net_income": -67910,
            "revenue": 1728080,
            "common_shares": 4797520,
            "book_valuer_per_share": 8.52,
            "book_valuer_per_share_4q_avg": 8.43,
            "equity": 5451198,
            "current_ratio": 152.34,
            "debt_ratio": 33.21,
            "inventory_turnover_ratio": 0.64,
            "account_receivable_turnover_ratio": 2.63,
            "reinvestment_rate": null,
            "research_to_sale_ratio": 0.19,
            "price_fair": 1.32,
            "eps_avg_yearly": 0.44,
            "eps_latest_yearly": 0.44,
            "eps_growth_yearly": -61.54
        },
        "20211": {
            "year_quarter": 20211,
            "year": 2021,
            "quarter": 1,
            "eps": 0.4,
            "eps_growth_year": null,
            "eps_4q": 0.21,
            "eps_4q_growth_year": null,
            "roe": 5.03,
            "roe_4q": 2.96,
            "gross_profit": 499225,
            "gross_margin": 16.81,
            "gross_margin_4q_avg": 10.02,
            "net_income": 277639,
            "revenue": 2969364,
            "common_shares": 4797520,
            "book_valuer_per_share": 8.8,
            "book_valuer_per_share_4q_avg": 8.55,
            "equity": 5580153,
            "current_ratio": 165.99,
            "debt_ratio": 32.54,
            "inventory_turnover_ratio": 1.02,
            "account_receivable_turnover_ratio": 3.95,
            "reinvestment_rate": null,
            "research_to_sale_ratio": 0.11,
            "price_fair": 1.32,
            "eps_avg_yearly": 0.44,
            "eps_latest_yearly": 0.44,
            "eps_growth_yearly": -61.54
        },
        "20212": {
            "year_quarter": 20212,
            "year": 2021,
            "quarter": 2,
            "eps": 0.31,
            "eps_growth_year": null,
            "eps_4q": 0.66,
            "eps_4q_growth_year": null,
            "roe": 3.51,
            "roe_4q": 8.04,
            "gross_profit": 406199,
            "gross_margin": 12.34,
            "gross_margin_4q_avg": 11.45,
            "net_income": 196705,
            "revenue": 3292853,
            "common_shares": 4797520,
            "book_valuer_per_share": 8.87,
            "book_valuer_per_share_4q_avg": 8.66,
            "equity": 5635234,
            "current_ratio": 160.65,
            "debt_ratio": 36.87,
            "inventory_turnover_ratio": 1.08,
            "account_receivable_turnover_ratio": 3.66,
            "reinvestment_rate": null,
            "research_to_sale_ratio": 0.03,
            "price_fair": 2.52,
            "eps_avg_yearly": 0.84,
            "eps_latest_yearly": 1.24,
            "eps_growth_yearly": -75.77
        },
        "20213": {
            "year_quarter": 20213,
            "year": 2021,
            "quarter": 3,
            "eps": 0.23,
            "eps_growth_year": 228.57,
            "eps_4q": 0.83,
            "eps_4q_growth_year": null,
            "roe": 2.61,
            "roe_4q": 9.899999999999999,
            "gross_profit": 330948,
            "gross_margin": 13.75,
            "gross_margin_4q_avg": 12.71,
            "net_income": 153855,
            "revenue": 2406415,
            "common_shares": 4797520,
            "book_valuer_per_share": 7.67,
            "book_valuer_per_share_4q_avg": 8.47,
            "equity": 6139757,
            "current_ratio": 189.31,
            "debt_ratio": 31.95,
            "inventory_turnover_ratio": 0.7,
            "account_receivable_turnover_ratio": 2.84,
            "reinvestment_rate": null,
            "research_to_sale_ratio": 0.06,
            "price_fair": 2.6,
            "eps_avg_yearly": 0.87,
            "eps_latest_yearly": 0.92,
            "eps_growth_yearly": -84.92
        },
        "20214": {
            "year_quarter": 20214,
            "year": 2021,
            "quarter": 4,
            "eps": -0.05,
            "eps_growth_year": null,
            "eps_4q": 0.89,
            "eps_4q_growth_year": null,
            "roe": -2.47,
            "roe_4q": 8.68,
            "gross_profit": 169569,
            "gross_margin": 8.35,
            "gross_margin_4q_avg": 12.81,
            "net_income": -153765,
            "revenue": 2031761,
            "common_shares": 4797520,
            "book_valuer_per_share": 7.22,
            "book_valuer_per_share_4q_avg": 8.14,
            "equity": 6317684,
            "current_ratio": 202.98,
            "debt_ratio": 27.67,
            "inventory_turnover_ratio": 0.66,
            "account_receivable_turnover_ratio": 2.68,
            "reinvestment_rate": null,
            "research_to_sale_ratio": 0.08,
            "price_fair": 2.6,
            "eps_avg_yearly": 0.87,
            "eps_latest_yearly": 0.92,
            "eps_growth_yearly": -84.92
        },
        "20221": {
            "year_quarter": 20221,
            "year": 2022,
            "quarter": 1,
            "eps": 0.08,
            "eps_growth_year": -80,
            "eps_4q": 0.57,
            "eps_4q_growth_year": 175.04,
            "roe": 1.52,
            "roe_4q": 5.17,
            "gross_profit": 221578,
            "gross_margin": 9.43,
            "gross_margin_4q_avg": 10.97,
            "net_income": 97914,
            "revenue": 2350782,
            "common_shares": 4797520,
            "book_valuer_per_share": 7.41,
            "book_valuer_per_share_4q_avg": 7.79,
            "equity": 6563567,
            "current_ratio": 200.89,
            "debt_ratio": 29.17,
            "inventory_turnover_ratio": 0.74,
            "account_receivable_turnover_ratio": 3.12,
            "reinvestment_rate": null,
            "research_to_sale_ratio": 0.01,
            "price_fair": 3.24,
            "eps_avg_yearly": 1.08,
            "eps_latest_yearly": 0.92,
            "eps_growth_yearly": -96.61
        },
        "20222": {
            "year_quarter": 20222,
            "year": 2022,
            "quarter": 2,
            "eps": -0.08,
            "eps_growth_year": -125.81,
            "eps_4q": 0.18,
            "eps_4q_growth_year": -73.45,
            "roe": -1.05,
            "roe_4q": 0.6099999999999999,
            "gross_profit": 174735,
            "gross_margin": 6.15,
            "gross_margin_4q_avg": 9.42,
            "net_income": -67993,
            "revenue": 2840785,
            "common_shares": 4797520,
            "book_valuer_per_share": 7.29,
            "book_valuer_per_share_4q_avg": 7.4,
            "equity": 6410354,
            "current_ratio": 200.36,
            "debt_ratio": 28.3,
            "inventory_turnover_ratio": 0.93,
            "account_receivable_turnover_ratio": 3.88,
            "reinvestment_rate": null,
            "research_to_sale_ratio": 0.04,
            "price_fair": 3.24,
            "eps_avg_yearly": 1.08,
            "eps_latest_yearly": 0.92,
            "eps_growth_yearly": -96.61
        },
        "20223": {
            "year_quarter": 20223,
            "year": 2022,
            "quarter": 3,
            "eps": -0.17,
            "eps_growth_year": -173.91,
            "eps_4q": -0.22,
            "eps_4q_growth_year": -127.03,
            "roe": -1.54,
            "roe_4q": -3.54,
            "gross_profit": 111829,
            "gross_margin": 4.95,
            "gross_margin_4q_avg": 7.22,
            "net_income": -97634,
            "revenue": 2260595,
            "common_shares": 4797520,
            "book_valuer_per_share": 7.16,
            "book_valuer_per_share_4q_avg": 7.27,
            "equity": 6294804,
            "current_ratio": 208.13,
            "debt_ratio": 26.58,
            "inventory_turnover_ratio": 0.87,
            "account_receivable_turnover_ratio": 3.11,
            "reinvestment_rate": null,
            "research_to_sale_ratio": 0.09,
            "price_fair": 3.24,
            "eps_avg_yearly": 1.08,
            "eps_latest_yearly": 0.92,
            "eps_growth_yearly": -96.61
        },
        "20224": {
            "year_quarter": 20224,
            "year": 2022,
            "quarter": 4,
            "eps": -0.08,
            "eps_growth_year": null,
            "eps_4q": -0.25,
            "eps_4q_growth_year": -128.26,
            "roe": -0.01,
            "roe_4q": -1.08,
            "gross_profit": 108930,
            "gross_margin": 5.03,
            "gross_margin_4q_avg": 6.39,
            "net_income": -882,
            "revenue": 2163955,
            "common_shares": 4797520,
            "book_valuer_per_share": 7.23,
            "book_valuer_per_share_4q_avg": 7.27,
            "equity": 6487034,
            "current_ratio": 224.47,
            "debt_ratio": 23.87,
            "inventory_turnover_ratio": 0.88,
            "account_receivable_turnover_ratio": 3.29,
            "reinvestment_rate": null,
            "research_to_sale_ratio": 0.27,
            "price_fair": 3.24,
            "eps_avg_yearly": 1.08,
            "eps_latest_yearly": 0.92,
            "eps_growth_yearly": -96.61
        },
        "20231": {
            "year_quarter": 20231,
            "year": 2023,
            "quarter": 1,
            "eps": 0.18,
            "eps_growth_year": 125,
            "eps_4q": -0.15,
            "eps_4q_growth_year": -126.07,
            "roe": 1.99,
            "roe_4q": -0.6100000000000001,
            "gross_profit": 288450,
            "gross_margin": 14.12,
            "gross_margin_4q_avg": 7.56,
            "net_income": 132310,
            "revenue": 2043255,
            "common_shares": 4797520,
            "book_valuer_per_share": 7.42,
            "book_valuer_per_share_4q_avg": 7.28,
            "equity": 6798288,
            "current_ratio": 219.27,
            "debt_ratio": 27.41,
            "inventory_turnover_ratio": 0.7,
            "account_receivable_turnover_ratio": 2.88,
            "reinvestment_rate": null,
            "research_to_sale_ratio": 0,
            "price_fair": 3.24,
            "eps_avg_yearly": 1.08,
            "eps_latest_yearly": 0.92,
            "eps_growth_yearly": -96.61
        }
    },
    "months": {
        "2001-06": {
            "month": "2001-06",
            "price": "2.63",
            "revenue": 64690
        },
        "2001-07": {
            "month": "2001-07",
            "price": "2.03",
            "revenue": 91370
        },
        "2001-08": {
            "month": "2001-08",
            "price": "1.92",
            "revenue": 143026
        },
        "2001-09": {
            "month": "2001-09",
            "price": "1.64",
            "revenue": 103332
        },
        "2001-10": {
            "month": "2001-10",
            "price": "1.45",
            "revenue": 100845
        },
        "2001-11": {
            "month": "2001-11",
            "price": "1.60",
            "revenue": 154301
        },
        "2001-12": {
            "month": "2001-12",
            "price": "1.92",
            "revenue": 94385
        },
        "2002-01": {
            "month": "2002-01",
            "price": "2.32",
            "revenue": 137814
        },
        "2002-02": {
            "month": "2002-02",
            "price": "2.79",
            "revenue": 127333
        },
        "2002-03": {
            "month": "2002-03",
            "price": "5.55",
            "revenue": 175214
        },
        "2002-04": {
            "month": "2002-04",
            "price": "5.94",
            "revenue": 138454
        },
        "2002-05": {
            "month": "2002-05",
            "price": "4.98",
            "revenue": 213225
        },
        "2002-06": {
            "month": "2002-06",
            "price": "5.19",
            "revenue": 181973
        },
        "2002-07": {
            "month": "2002-07",
            "price": "5.11",
            "revenue": 119501
        },
        "2002-08": {
            "month": "2002-08",
            "price": "4.88",
            "revenue": 141888
        },
        "2002-09": {
            "month": "2002-09",
            "price": "4.64",
            "revenue": 111133
        },
        "2002-10": {
            "month": "2002-10",
            "price": "4.23",
            "revenue": 165756
        },
        "2002-11": {
            "month": "2002-11",
            "price": "4.88",
            "revenue": 129251
        },
        "2002-12": {
            "month": "2002-12",
            "price": "5.96",
            "revenue": 164038
        },
        "2003-01": {
            "month": "2003-01",
            "price": "7.61",
            "revenue": 162514
        },
        "2003-02": {
            "month": "2003-02",
            "price": "8.25",
            "revenue": 175719
        },
        "2003-03": {
            "month": "2003-03",
            "price": "6.31",
            "revenue": 205792
        },
        "2003-04": {
            "month": "2003-04",
            "price": "6.84",
            "revenue": 180217
        },
        "2003-05": {
            "month": "2003-05",
            "price": "7.06",
            "revenue": 139559
        },
        "2003-06": {
            "month": "2003-06",
            "price": "7.95",
            "revenue": 94087
        },
        "2003-07": {
            "month": "2003-07",
            "price": "8.61",
            "revenue": 93312
        },
        "2003-08": {
            "month": "2003-08",
            "price": "8.79",
            "revenue": 101483
        },
        "2003-09": {
            "month": "2003-09",
            "price": "8.84",
            "revenue": 99980
        },
        "2003-10": {
            "month": "2003-10",
            "price": "9.89",
            "revenue": 75084
        },
        "2003-11": {
            "month": "2003-11",
            "price": "10.17",
            "revenue": 76273
        },
        "2003-12": {
            "month": "2003-12",
            "price": "10.20",
            "revenue": 91714
        },
        "2004-01": {
            "month": "2004-01",
            "price": "10.45",
            "revenue": 78053
        },
        "2004-02": {
            "month": "2004-02",
            "price": "12.33",
            "revenue": 89914
        },
        "2004-03": {
            "month": "2004-03",
            "price": "13.80",
            "revenue": 90885
        },
        "2004-04": {
            "month": "2004-04",
            "price": "12.27",
            "revenue": 205519
        },
        "2004-05": {
            "month": "2004-05",
            "price": "9.36",
            "revenue": 155657
        },
        "2004-06": {
            "month": "2004-06",
            "price": "9.61",
            "revenue": 351500
        },
        "2004-07": {
            "month": "2004-07",
            "price": "10.55",
            "revenue": 237704
        },
        "2004-08": {
            "month": "2004-08",
            "price": "9.71",
            "revenue": 140790
        },
        "2004-09": {
            "month": "2004-09",
            "price": "11.07",
            "revenue": 245710
        },
        "2004-10": {
            "month": "2004-10",
            "price": "10.99",
            "revenue": 236467
        },
        "2004-11": {
            "month": "2004-11",
            "price": "10.02",
            "revenue": 147598
        },
        "2004-12": {
            "month": "2004-12",
            "price": "10.46",
            "revenue": 126110
        },
        "2005-01": {
            "month": "2005-01",
            "price": "10.34",
            "revenue": 71408
        },
        "2005-02": {
            "month": "2005-02",
            "price": "10.26",
            "revenue": 74919
        },
        "2005-03": {
            "month": "2005-03",
            "price": "9.42",
            "revenue": 114108
        },
        "2005-04": {
            "month": "2005-04",
            "price": "8.10",
            "revenue": 107297
        },
        "2005-05": {
            "month": "2005-05",
            "price": "7.55",
            "revenue": 166538
        },
        "2005-06": {
            "month": "2005-06",
            "price": "8.11",
            "revenue": 169046
        },
        "2005-07": {
            "month": "2005-07",
            "price": "7.65",
            "revenue": 78560
        },
        "2005-08": {
            "month": "2005-08",
            "price": "6.76",
            "revenue": 486602
        },
        "2005-09": {
            "month": "2005-09",
            "price": "6.78",
            "revenue": 397806
        },
        "2005-10": {
            "month": "2005-10",
            "price": "5.26",
            "revenue": 361760
        },
        "2005-11": {
            "month": "2005-11",
            "price": "4.86",
            "revenue": 401001
        },
        "2005-12": {
            "month": "2005-12",
            "price": "4.80",
            "revenue": 353526
        },
        "2006-01": {
            "month": "2006-01",
            "price": "4.99",
            "revenue": 402621
        },
        "2006-02": {
            "month": "2006-02",
            "price": "5.57",
            "revenue": 372610
        },
        "2006-03": {
            "month": "2006-03",
            "price": "5.13",
            "revenue": 694789
        },
        "2006-04": {
            "month": "2006-04",
            "price": "5.91",
            "revenue": 620337
        },
        "2006-05": {
            "month": "2006-05",
            "price": "5.77",
            "revenue": 726785
        },
        "2006-06": {
            "month": "2006-06",
            "price": "5.06",
            "revenue": 683419
        },
        "2006-07": {
            "month": "2006-07",
            "price": "5.15",
            "revenue": 829280
        },
        "2006-08": {
            "month": "2006-08",
            "price": "4.93",
            "revenue": 622768
        },
        "2006-09": {
            "month": "2006-09",
            "price": "4.73",
            "revenue": 508430
        },
        "2006-10": {
            "month": "2006-10",
            "price": "5.30",
            "revenue": 732730
        },
        "2006-11": {
            "month": "2006-11",
            "price": "5.29",
            "revenue": 707830
        },
        "2006-12": {
            "month": "2006-12",
            "price": "7.62",
            "revenue": 574054
        },
        "2007-01": {
            "month": "2007-01",
            "price": "7.33",
            "revenue": 325374
        },
        "2007-02": {
            "month": "2007-02",
            "price": "7.03",
            "revenue": 498528
        },
        "2007-03": {
            "month": "2007-03",
            "price": "7.06",
            "revenue": 723900
        },
        "2007-04": {
            "month": "2007-04",
            "price": "7.50",
            "revenue": 600570
        },
        "2007-05": {
            "month": "2007-05",
            "price": "6.99",
            "revenue": 672156
        },
        "2007-06": {
            "month": "2007-06",
            "price": "6.88",
            "revenue": 653760
        },
        "2007-07": {
            "month": "2007-07",
            "price": "7.81",
            "revenue": 591197
        },
        "2007-08": {
            "month": "2007-08",
            "price": "7.05",
            "revenue": 646049
        },
        "2007-09": {
            "month": "2007-09",
            "price": "7.44",
            "revenue": 661949
        },
        "2007-10": {
            "month": "2007-10",
            "price": "7.14",
            "revenue": 1018252
        },
        "2007-11": {
            "month": "2007-11",
            "price": "6.47",
            "revenue": 1424967
        },
        "2007-12": {
            "month": "2007-12",
            "price": "6.50",
            "revenue": 1069104
        },
        "2008-01": {
            "month": "2008-01",
            "price": "6.68",
            "revenue": 1178563
        },
        "2008-02": {
            "month": "2008-02",
            "price": "7.10",
            "revenue": 1086052
        },
        "2008-03": {
            "month": "2008-03",
            "price": "7.85",
            "revenue": 1323443
        },
        "2008-04": {
            "month": "2008-04",
            "price": "10.05",
            "revenue": 1417972
        },
        "2008-05": {
            "month": "2008-05",
            "price": "12.96",
            "revenue": 1687111
        },
        "2008-06": {
            "month": "2008-06",
            "price": "12.31",
            "revenue": 1534015
        },
        "2008-07": {
            "month": "2008-07",
            "price": "11.40",
            "revenue": 1183990
        },
        "2008-08": {
            "month": "2008-08",
            "price": "9.54",
            "revenue": 734253
        },
        "2008-09": {
            "month": "2008-09",
            "price": "7.05",
            "revenue": 683811
        },
        "2008-10": {
            "month": "2008-10",
            "price": "5.09",
            "revenue": 743985
        },
        "2008-11": {
            "month": "2008-11",
            "price": "4.97",
            "revenue": 660521
        },
        "2008-12": {
            "month": "2008-12",
            "price": "4.91",
            "revenue": 474058
        },
        "2009-01": {
            "month": "2009-01",
            "price": "4.99",
            "revenue": 490649
        },
        "2009-02": {
            "month": "2009-02",
            "price": "4.87",
            "revenue": 625545
        },
        "2009-03": {
            "month": "2009-03",
            "price": "5.19",
            "revenue": 456540
        },
        "2009-04": {
            "month": "2009-04",
            "price": "5.99",
            "revenue": 359257
        },
        "2009-05": {
            "month": "2009-05",
            "price": "5.85",
            "revenue": 332930
        },
        "2009-06": {
            "month": "2009-06",
            "price": "5.78",
            "revenue": 525414
        },
        "2009-07": {
            "month": "2009-07",
            "price": "5.68",
            "revenue": 817576
        },
        "2009-08": {
            "month": "2009-08",
            "price": "5.97",
            "revenue": 640776
        },
        "2009-09": {
            "month": "2009-09",
            "price": "5.57",
            "revenue": 572835
        },
        "2009-10": {
            "month": "2009-10",
            "price": "5.34",
            "revenue": 686701
        },
        "2009-11": {
            "month": "2009-11",
            "price": "5.13",
            "revenue": 578625
        },
        "2009-12": {
            "month": "2009-12",
            "price": "5.71",
            "revenue": 558940
        },
        "2010-01": {
            "month": "2010-01",
            "price": "7.64",
            "revenue": 598129
        },
        "2010-02": {
            "month": "2010-02",
            "price": "6.89",
            "revenue": 435715
        },
        "2010-03": {
            "month": "2010-03",
            "price": "7.35",
            "revenue": 856552
        },
        "2010-04": {
            "month": "2010-04",
            "price": "7.49",
            "revenue": 764805
        },
        "2010-05": {
            "month": "2010-05",
            "price": "6.43",
            "revenue": 685721
        },
        "2010-06": {
            "month": "2010-06",
            "price": "5.70",
            "revenue": 666073
        },
        "2010-07": {
            "month": "2010-07",
            "price": "5.73",
            "revenue": 653482
        },
        "2010-08": {
            "month": "2010-08",
            "price": "5.80",
            "revenue": 947000
        },
        "2010-09": {
            "month": "2010-09",
            "price": "9.21",
            "revenue": 399135
        },
        "2010-10": {
            "month": "2010-10",
            "price": "8.25",
            "revenue": 543501
        },
        "2010-11": {
            "month": "2010-11",
            "price": "7.79",
            "revenue": 736006
        },
        "2010-12": {
            "month": "2010-12",
            "price": "8.31",
            "revenue": 764494
        },
        "2011-01": {
            "month": "2011-01",
            "price": "9.39",
            "revenue": 815036
        },
        "2011-02": {
            "month": "2011-02",
            "price": "9.54",
            "revenue": 1167101
        },
        "2011-03": {
            "month": "2011-03",
            "price": "8.84",
            "revenue": 931976
        },
        "2011-04": {
            "month": "2011-04",
            "price": "8.89",
            "revenue": 1039400
        },
        "2011-05": {
            "month": "2011-05",
            "price": "8.51",
            "revenue": 1026680
        },
        "2011-06": {
            "month": "2011-06",
            "price": "7.96",
            "revenue": 819586
        },
        "2011-07": {
            "month": "2011-07",
            "price": "7.88",
            "revenue": 819333
        },
        "2011-08": {
            "month": "2011-08",
            "price": "7.50",
            "revenue": 846170
        },
        "2011-09": {
            "month": "2011-09",
            "price": "7.60",
            "revenue": 854382
        },
        "2011-10": {
            "month": "2011-10",
            "price": "7.21",
            "revenue": 892583
        },
        "2011-11": {
            "month": "2011-11",
            "price": "6.38",
            "revenue": 869956
        },
        "2011-12": {
            "month": "2011-12",
            "price": "5.49",
            "revenue": 875187
        },
        "2012-01": {
            "month": "2012-01",
            "price": "5.49",
            "revenue": 924585
        },
        "2012-02": {
            "month": "2012-02",
            "price": "6.64",
            "revenue": 1170554
        },
        "2012-03": {
            "month": "2012-03",
            "price": "6.75",
            "revenue": 944181
        },
        "2012-04": {
            "month": "2012-04",
            "price": "5.84",
            "revenue": 786912
        },
        "2012-05": {
            "month": "2012-05",
            "price": "5.30",
            "revenue": 1029591
        },
        "2012-06": {
            "month": "2012-06",
            "price": "4.88",
            "revenue": 779890
        },
        "2012-07": {
            "month": "2012-07",
            "price": "4.89",
            "revenue": 1355773
        },
        "2012-08": {
            "month": "2012-08",
            "price": "5.03",
            "revenue": 721687
        },
        "2012-09": {
            "month": "2012-09",
            "price": "5.14",
            "revenue": 812495
        },
        "2012-10": {
            "month": "2012-10",
            "price": "5.02",
            "revenue": 819358
        },
        "2012-11": {
            "month": "2012-11",
            "price": "4.75",
            "revenue": 1059767
        },
        "2012-12": {
            "month": "2012-12",
            "price": "5.21",
            "revenue": 627008
        },
        "2013-01": {
            "month": "2013-01",
            "price": "6.21",
            "revenue": 993937
        },
        "2013-02": {
            "month": "2013-02",
            "price": "6.20",
            "revenue": 993862
        },
        "2013-03": {
            "month": "2013-03",
            "price": "5.95",
            "revenue": 1024731
        },
        "2013-04": {
            "month": "2013-04",
            "price": "5.62",
            "revenue": 874756
        },
        "2013-05": {
            "month": "2013-05",
            "price": "6.12",
            "revenue": 1031696
        },
        "2013-06": {
            "month": "2013-06",
            "price": "6.10",
            "revenue": 587202
        },
        "2013-07": {
            "month": "2013-07",
            "price": "5.94",
            "revenue": 910096
        },
        "2013-08": {
            "month": "2013-08",
            "price": "5.77",
            "revenue": 900505
        },
        "2013-09": {
            "month": "2013-09",
            "price": "5.80",
            "revenue": 760425
        },
        "2013-10": {
            "month": "2013-10",
            "price": "6.00",
            "revenue": 684554
        },
        "2013-11": {
            "month": "2013-11",
            "price": "5.50",
            "revenue": 734736
        },
        "2013-12": {
            "month": "2013-12",
            "price": "5.49",
            "revenue": 681298
        },
        "2014-01": {
            "month": "2014-01",
            "price": "5.80",
            "revenue": 670094
        },
        "2014-02": {
            "month": "2014-02",
            "price": "5.64",
            "revenue": 870592
        },
        "2014-03": {
            "month": "2014-03",
            "price": "5.50",
            "revenue": 710674
        },
        "2014-04": {
            "month": "2014-04",
            "price": "5.54",
            "revenue": 896362
        },
        "2014-05": {
            "month": "2014-05",
            "price": "5.32",
            "revenue": 798965
        },
        "2014-06": {
            "month": "2014-06",
            "price": "5.24",
            "revenue": 691515
        },
        "2014-07": {
            "month": "2014-07",
            "price": "5.90",
            "revenue": 801083
        },
        "2014-08": {
            "month": "2014-08",
            "price": "6.36",
            "revenue": 699946
        },
        "2014-09": {
            "month": "2014-09",
            "price": "6.53",
            "revenue": 532448
        },
        "2014-10": {
            "month": "2014-10",
            "price": "5.76",
            "revenue": 685420
        },
        "2014-11": {
            "month": "2014-11",
            "price": "5.67",
            "revenue": 795450
        },
        "2014-12": {
            "month": "2014-12",
            "price": "5.84",
            "revenue": 880604
        },
        "2015-01": {
            "month": "2015-01",
            "price": "6.05",
            "revenue": 701067
        },
        "2015-02": {
            "month": "2015-02",
            "price": "5.85",
            "revenue": 718842
        },
        "2015-03": {
            "month": "2015-03",
            "price": "5.85",
            "revenue": 642637
        },
        "2015-04": {
            "month": "2015-04",
            "price": "5.77",
            "revenue": 597851
        },
        "2015-05": {
            "month": "2015-05",
            "price": "5.52",
            "revenue": 681663
        },
        "2015-06": {
            "month": "2015-06",
            "price": "4.92",
            "revenue": 684434
        },
        "2015-07": {
            "month": "2015-07",
            "price": "4.50",
            "revenue": 595418
        },
        "2015-08": {
            "month": "2015-08",
            "price": "3.96",
            "revenue": 632598
        },
        "2015-09": {
            "month": "2015-09",
            "price": "3.87",
            "revenue": 691476
        },
        "2015-10": {
            "month": "2015-10",
            "price": "4.15",
            "revenue": 674709
        },
        "2015-11": {
            "month": "2015-11",
            "price": "3.93",
            "revenue": 639901
        },
        "2015-12": {
            "month": "2015-12",
            "price": "3.77",
            "revenue": 227564
        },
        "2016-01": {
            "month": "2016-01",
            "price": "3.64",
            "revenue": 568606
        },
        "2016-02": {
            "month": "2016-02",
            "price": "3.90",
            "revenue": 541820
        },
        "2016-03": {
            "month": "2016-03",
            "price": "3.97",
            "revenue": 721826
        },
        "2016-04": {
            "month": "2016-04",
            "price": "3.89",
            "revenue": 590437
        },
        "2016-05": {
            "month": "2016-05",
            "price": "3.65",
            "revenue": 703361
        },
        "2016-06": {
            "month": "2016-06",
            "price": "3.55",
            "revenue": 591559
        },
        "2016-07": {
            "month": "2016-07",
            "price": "3.70",
            "revenue": 522996
        },
        "2016-08": {
            "month": "2016-08",
            "price": "4.14",
            "revenue": 624464
        },
        "2016-09": {
            "month": "2016-09",
            "price": "4.26",
            "revenue": 566894
        },
        "2016-10": {
            "month": "2016-10",
            "price": "4.25",
            "revenue": 542172
        },
        "2016-11": {
            "month": "2016-11",
            "price": "4.64",
            "revenue": 516728
        },
        "2016-12": {
            "month": "2016-12",
            "price": "4.79",
            "revenue": 512892
        },
        "2017-01": {
            "month": "2017-01",
            "price": "4.88",
            "revenue": 618630
        },
        "2017-02": {
            "month": "2017-02",
            "price": "5.78",
            "revenue": 524749
        },
        "2017-03": {
            "month": "2017-03",
            "price": "6.50",
            "revenue": 606449
        },
        "2017-04": {
            "month": "2017-04",
            "price": "5.56",
            "revenue": 530984
        },
        "2017-05": {
            "month": "2017-05",
            "price": "5.10",
            "revenue": 547698
        },
        "2017-06": {
            "month": "2017-06",
            "price": "5.50",
            "revenue": 680767
        },
        "2017-07": {
            "month": "2017-07",
            "price": "5.76",
            "revenue": 704145
        },
        "2017-08": {
            "month": "2017-08",
            "price": "5.79",
            "revenue": 825833
        },
        "2017-09": {
            "month": "2017-09",
            "price": "6.10",
            "revenue": 762470
        },
        "2017-10": {
            "month": "2017-10",
            "price": "6.09",
            "revenue": 672302
        },
        "2017-11": {
            "month": "2017-11",
            "price": "6.06",
            "revenue": 781953
        },
        "2017-12": {
            "month": "2017-12",
            "price": "6.16",
            "revenue": 697417
        },
        "2018-01": {
            "month": "2018-01",
            "price": "6.96",
            "revenue": 831956
        },
        "2018-02": {
            "month": "2018-02",
            "price": "6.82",
            "revenue": 746428
        },
        "2018-03": {
            "month": "2018-03",
            "price": "6.62",
            "revenue": 755559
        },
        "2018-04": {
            "month": "2018-04",
            "price": "6.92",
            "revenue": 637390
        },
        "2018-05": {
            "month": "2018-05",
            "price": "6.54",
            "revenue": 1089051
        },
        "2018-06": {
            "month": "2018-06",
            "price": "6.60",
            "revenue": 1114265
        },
        "2018-07": {
            "month": "2018-07",
            "price": "6.64",
            "revenue": 952358
        },
        "2018-08": {
            "month": "2018-08",
            "price": "7.41",
            "revenue": 1050245
        },
        "2018-09": {
            "month": "2018-09",
            "price": "8.65",
            "revenue": 944808
        },
        "2018-10": {
            "month": "2018-10",
            "price": "7.32",
            "revenue": 1050477
        },
        "2018-11": {
            "month": "2018-11",
            "price": "6.59",
            "revenue": 1023444
        },
        "2018-12": {
            "month": "2018-12",
            "price": "6.97",
            "revenue": 907426
        },
        "2019-01": {
            "month": "2019-01",
            "price": "6.63",
            "revenue": 1160536
        },
        "2019-02": {
            "month": "2019-02",
            "price": "6.90",
            "revenue": 923190
        },
        "2019-03": {
            "month": "2019-03",
            "price": "6.89",
            "revenue": 1111123
        },
        "2019-04": {
            "month": "2019-04",
            "price": "6.51",
            "revenue": 981207
        },
        "2019-05": {
            "month": "2019-05",
            "price": "6.57",
            "revenue": 1117614
        },
        "2019-06": {
            "month": "2019-06",
            "price": "6.76",
            "revenue": 712433
        },
        "2019-07": {
            "month": "2019-07",
            "price": "6.68",
            "revenue": 798460
        },
        "2019-08": {
            "month": "2019-08",
            "price": "6.62",
            "revenue": 975735
        },
        "2019-09": {
            "month": "2019-09",
            "price": "6.52",
            "revenue": 850570
        },
        "2019-10": {
            "month": "2019-10",
            "price": "5.88",
            "revenue": 964411
        },
        "2019-11": {
            "month": "2019-11",
            "price": "5.42",
            "revenue": 1093624
        },
        "2019-12": {
            "month": "2019-12",
            "price": "5.27",
            "revenue": 930456
        },
        "2020-01": {
            "month": "2020-01",
            "price": "5.24",
            "revenue": 862248
        },
        "2020-02": {
            "month": "2020-02",
            "price": "4.80",
            "revenue": 694652
        },
        "2020-03": {
            "month": "2020-03",
            "price": "3.83",
            "revenue": 708038
        },
        "2020-04": {
            "month": "2020-04",
            "price": "4.03",
            "revenue": 657258
        },
        "2020-05": {
            "month": "2020-05",
            "price": "4.09",
            "revenue": 654742
        },
        "2020-06": {
            "month": "2020-06",
            "price": "4.14",
            "revenue": 792370
        },
        "2020-07": {
            "month": "2020-07",
            "price": "4.46",
            "revenue": 735681
        },
        "2020-08": {
            "month": "2020-08",
            "price": "4.68",
            "revenue": 528155
        },
        "2020-09": {
            "month": "2020-09",
            "price": "5.64",
            "revenue": 686857
        },
        "2020-10": {
            "month": "2020-10",
            "price": "5.35",
            "revenue": 555853
        },
        "2020-11": {
            "month": "2020-11",
            "price": "5.38",
            "revenue": 560876
        },
        "2020-12": {
            "month": "2020-12",
            "price": "6.83",
            "revenue": 706924
        },
        "2021-01": {
            "month": "2021-01",
            "price": "6.95",
            "revenue": 1094501
        },
        "2021-02": {
            "month": "2021-02",
            "price": "6.79",
            "revenue": 728517
        },
        "2021-03": {
            "month": "2021-03",
            "price": "6.96",
            "revenue": 1150216
        },
        "2021-04": {
            "month": "2021-04",
            "price": "10.97",
            "revenue": 905818
        },
        "2021-05": {
            "month": "2021-05",
            "price": "14.17",
            "revenue": 1237469
        },
        "2021-06": {
            "month": "2021-06",
            "price": "16.95",
            "revenue": 1171871
        },
        "2021-07": {
            "month": "2021-07",
            "price": "23.28",
            "revenue": 747735
        },
        "2021-08": {
            "month": "2021-08",
            "price": "18.98",
            "revenue": 979911
        },
        "2021-09": {
            "month": "2021-09",
            "price": "17.56",
            "revenue": 766008
        },
        "2021-10": {
            "month": "2021-10",
            "price": "14.69",
            "revenue": 760531
        },
        "2021-11": {
            "month": "2021-11",
            "price": "14.22",
            "revenue": 616183
        },
        "2021-12": {
            "month": "2021-12",
            "price": "14.07",
            "revenue": 566084
        },
        "2022-01": {
            "month": "2022-01",
            "price": "12.84",
            "revenue": 758133
        },
        "2022-02": {
            "month": "2022-02",
            "price": "13.18",
            "revenue": 760051
        },
        "2022-03": {
            "month": "2022-03",
            "price": "13.64",
            "revenue": 808016
        },
        "2022-04": {
            "month": "2022-04",
            "price": "12.16",
            "revenue": 1011389
        },
        "2022-05": {
            "month": "2022-05",
            "price": "10.28",
            "revenue": 924370
        },
        "2022-06": {
            "month": "2022-06",
            "price": "9.36",
            "revenue": 948947
        },
        "2022-07": {
            "month": "2022-07",
            "price": "8.17",
            "revenue": 683525
        },
        "2022-08": {
            "month": "2022-08",
            "price": "8.83",
            "revenue": 833061
        },
        "2022-09": {
            "month": "2022-09",
            "price": "8.13",
            "revenue": 764039
        },
        "2022-10": {
            "month": "2022-10",
            "price": "8.00",
            "revenue": 822455
        },
        "2022-11": {
            "month": "2022-11",
            "price": "8.17",
            "revenue": 799751
        },
        "2022-12": {
            "month": "2022-12",
            "price": "8.43",
            "revenue": 535650
        },
        "2023-01": {
            "month": "2023-01",
            "price": "8.37",
            "revenue": 456412
        },
        "2023-02": {
            "month": "2023-02",
            "price": "8.56",
            "revenue": 664808
        },
        "2023-03": {
            "month": "2023-03",
            "price": "8.39",
            "revenue": 893706
        },
        "2023-04": {
            "month": "2023-04",
            "price": "8.50",
            "revenue": 675601
        }
    }
}
