{
    "summary": {
        "stock_name": "燁輝",
        "stock_id": "2023",
        "category": "鋼鐵",
        "main_business": "酸洗鋼捲、軋延鋼捲、鍍鋅鋼捲、烤漆鋼捲、鋼構工程、起重機",
        "website_url": "http://www.yiehphui.com.tw",
        "ceo": "張振武",
        "pe_ratio": -34,
        "report_year_from": 2001,
        "report_year_to": 2023,
        "age": 22,
        "eps_negative_percentage": 17,
        "eps_growth_avg": {
            "last_all": -19.34,
            "last_2y": 8,
            "last_4y": -40.87,
            "last_8y": -36.04,
            "last_12y": -28.56,
            "last_16y": -28.24,
            "last_20y": -19.34,
            "at_2006_last_3y": -7.16,
            "at_2007_last_3y": -13.59,
            "at_2008_last_3y": -23.71,
            "at_2009_last_3y": -27.43,
            "at_2010_last_3y": -41.81,
            "at_2011_last_3y": -11.44,
            "at_2012_last_3y": -27.25,
            "at_2013_last_3y": -11.11,
            "at_2014_last_3y": 19.15,
            "at_2015_last_3y": -47.52,
            "at_2016_last_3y": -21.28,
            "at_2017_last_3y": -29.59,
            "at_2018_last_3y": -75.23,
            "at_2019_last_3y": -75.23,
            "at_2020_last_3y": -75.23,
            "at_2021_last_3y": -26.5,
            "at_2022_last_3y": -28,
            "at_2023_last_3y": -28,
            "at_2006_last_all": 14.27,
            "at_2007_last_all": 8.31,
            "at_2008_last_all": 1.87,
            "at_2009_last_all": -7.82,
            "at_2010_last_all": -10.65,
            "at_2011_last_all": 0.41,
            "at_2012_last_all": -8.72,
            "at_2013_last_all": -8.72,
            "at_2014_last_all": -3.2,
            "at_2015_last_all": -10.65,
            "at_2016_last_all": -10.65,
            "at_2017_last_all": -13.19,
            "at_2018_last_all": -17.61,
            "at_2019_last_all": -22.76,
            "at_2020_last_all": -22.76,
            "at_2021_last_all": -15.54,
            "at_2022_last_all": -19.34,
            "at_2023_last_all": -19.34
        },
        "latest_eps": -0.45,
        "latest_price": 15.4,
        "latest_roe": -3.89,
        "latest_gross_margin": 9.09,
        "latest_equity": 31761147,
        "latest_revenue": 18406557,
        "latest_gross_profit": 1673398,
        "latest_net_income": -271621,
        "latest_debt_ratio": 65.79,
        "latest_current_ratio": 120.37,
        "latest_account_receivable_turnover_ratio": 6.01,
        "latest_inventory_turnover_ratio": 1.55,
        "latest_reinvestment_rate": 35.6,
        "latest_research_to_sale_ratio": 0.18
    },
    "eps_dividends": {
        "1994": {
            "cash": 0,
            "stock": 1.2,
            "eps": 0
        },
        "1995": {
            "cash": 0,
            "stock": 2.69,
            "eps": 0
        },
        "1996": {
            "cash": 0,
            "stock": 2.5,
            "eps": 0
        },
        "1997": {
            "cash": 0.5,
            "stock": 0.5,
            "eps": 0
        },
        "1998": {
            "cash": 0,
            "stock": 1.5,
            "eps": 0
        },
        "1999": {
            "cash": 0,
            "stock": 1.5,
            "eps": 0
        },
        "2000": {
            "cash": 0,
            "stock": 1.2,
            "eps": 0
        },
        "2001": {
            "cash": 0,
            "stock": 0.41,
            "eps": 0.56
        },
        "2002": {
            "cash": 0,
            "stock": 0,
            "eps": 2.83
        },
        "2003": {
            "cash": 0.6,
            "stock": 1.4,
            "eps": 2.95
        },
        "2004": {
            "cash": 1.5,
            "stock": 0,
            "eps": 3.06
        },
        "2005": {
            "cash": 1,
            "stock": 0.5,
            "eps": 1.2
        },
        "2006": {
            "cash": 0.3,
            "stock": 0.7,
            "eps": 1.49
        },
        "2007": {
            "cash": 0.7,
            "stock": 0.3,
            "eps": 1.17
        },
        "2008": {
            "cash": 0.5,
            "stock": 0.5,
            "eps": 0.74
        },
        "2009": {
            "cash": 0.2,
            "stock": 0.3,
            "eps": 0.18
        },
        "2010": {
            "cash": 0.3,
            "stock": 0.5,
            "eps": 0.12
        },
        "2011": {
            "cash": 0.6,
            "stock": 0.7,
            "eps": 0.35
        },
        "2012": {
            "cash": 0,
            "stock": 0,
            "eps": -0.66
        },
        "2013": {
            "cash": 0,
            "stock": 0,
            "eps": 0.47
        },
        "2014": {
            "cash": 0.2,
            "stock": 0.2,
            "eps": 0.74
        },
        "2015": {
            "cash": 0.2,
            "stock": 0.3,
            "eps": -0.56
        },
        "2016": {
            "cash": 0,
            "stock": 0,
            "eps": 1.45
        },
        "2017": {
            "cash": 0.4,
            "stock": 0.6,
            "eps": 0.78
        },
        "2018": {
            "cash": 0.2,
            "stock": 0.3,
            "eps": 0.16
        },
        "2019": {
            "cash": 0.1,
            "stock": 0.2,
            "eps": -0.74
        },
        "2020": {
            "cash": 0,
            "stock": 0,
            "eps": 0.4
        },
        "2021": {
            "cash": 0,
            "stock": 0,
            "eps": 2.75
        },
        "2022": {
            "cash": 0.5,
            "stock": 0.5,
            "eps": 0.44
        },
        "2023": {
            "cash": 0.3,
            "stock": 0,
            "eps": -0.07
        }
    },
    "dividends": {
        "1994-05-20": {
            "cash": 0,
            "stock": 1.2
        },
        "1995-04-22": {
            "cash": 0,
            "stock": 2.69
        },
        "1996-03-15": {
            "cash": 0,
            "stock": 2.5
        },
        "1997-05-03": {
            "cash": 0.5,
            "stock": 0.5
        },
        "1998-04-10": {
            "cash": 0,
            "stock": 1.5
        },
        "1999-05-12": {
            "cash": 0,
            "stock": 1.5
        },
        "2000-05-30": {
            "cash": 0,
            "stock": 1.2
        },
        "2001-06-20": {
            "cash": 0,
            "stock": 0.41
        },
        "2003-04-04": {
            "cash": 0.6,
            "stock": 1.4
        },
        "2004-03-19": {
            "cash": 1.5,
            "stock": 0
        },
        "2005-05-04": {
            "cash": 1,
            "stock": 0.5
        },
        "2006-04-04": {
            "cash": 0.3,
            "stock": 0.7
        },
        "2007-04-24": {
            "cash": 0.7,
            "stock": 0.3
        },
        "2008-04-21": {
            "cash": 0.5,
            "stock": 0.5
        },
        "2009-04-23": {
            "cash": 0.2,
            "stock": 0.3
        },
        "2010-04-22": {
            "cash": 0.3,
            "stock": 0.5
        },
        "2011-01-01": {
            "cash": 0.3,
            "stock": 0.2
        },
        "2011-04-25": {
            "cash": 0.3,
            "stock": 0.5
        },
        "2014-09-29": {
            "cash": 0.2,
            "stock": 0.2
        },
        "2015-09-29": {
            "cash": 0.2,
            "stock": 0.3
        },
        "2017-09-29": {
            "cash": 0.4,
            "stock": 0.6
        },
        "2018-09-26": {
            "cash": 0.2,
            "stock": 0.3
        },
        "2019-09-27": {
            "cash": 0.1,
            "stock": 0.2
        },
        "2022-09-12": {
            "cash": 0.5,
            "stock": 0.5
        },
        "2023-08-24": {
            "cash": 0.3,
            "stock": 0
        }
    },
    "prices": {
        "200101": "6.60",
        "200102": "7.57",
        "200103": "7.05",
        "200104": "6.10",
        "200105": "5.07",
        "200106": "4.87",
        "200107": "3.62",
        "200108": "4.00",
        "200109": "3.40",
        "200110": "2.91",
        "200111": "2.45",
        "200112": "2.99",
        "200201": "4.03",
        "200202": "5.37",
        "200203": "6.04",
        "200204": "6.67",
        "200205": "8.26",
        "200206": "10.64",
        "200207": "12.51",
        "200208": "12.32",
        "200209": "11.40",
        "200210": "14.33",
        "200211": "20.30",
        "200212": "22.39",
        "200301": "32.46",
        "200302": "32.41",
        "200303": "24.85",
        "200304": "23.14",
        "200305": "21.34",
        "200306": "26.76",
        "200307": "31.73",
        "200308": "30.79",
        "200309": "25.55",
        "200310": "25.33",
        "200311": "23.58",
        "200312": "23.37",
        "200401": "27.77",
        "200402": "28.94",
        "200403": "30.46",
        "200404": "27.37",
        "200405": "20.80",
        "200406": "21.51",
        "200407": "21.72",
        "200408": "20.86",
        "200409": "26.70",
        "200410": "25.60",
        "200411": "22.14",
        "200412": "23.63",
        "200501": "22.56",
        "200502": "22.33",
        "200503": "20.69",
        "200504": "17.68",
        "200505": "16.36",
        "200506": "17.01",
        "200507": "16.17",
        "200508": "13.92",
        "200509": "14.75",
        "200510": "12.03",
        "200511": "11.21",
        "200512": "11.35",
        "200601": "11.07",
        "200602": "13.02",
        "200603": "13.30",
        "200604": "15.53",
        "200605": "13.80",
        "200606": "11.88",
        "200607": "12.61",
        "200608": "12.25",
        "200609": "12.29",
        "200610": "13.44",
        "200611": "14.19",
        "200612": "14.49",
        "200701": "13.97",
        "200702": "13.84",
        "200703": "13.31",
        "200704": "14.92",
        "200705": "14.54",
        "200706": "14.54",
        "200707": "16.17",
        "200708": "14.11",
        "200709": "14.64",
        "200710": "14.70",
        "200711": "12.98",
        "200712": "11.96",
        "200801": "11.78",
        "200802": "12.45",
        "200803": "14.01",
        "200804": "14.49",
        "200805": "15.92",
        "200806": "15.28",
        "200807": "14.83",
        "200808": "12.61",
        "200809": "11.59",
        "200810": "10.04",
        "200811": "9.10",
        "200812": "8.93",
        "200901": "9.18",
        "200902": "9.03",
        "200903": "9.47",
        "200904": "10.60",
        "200905": "12.08",
        "200906": "12.50",
        "200907": "12.43",
        "200908": "12.97",
        "200909": "11.92",
        "200910": "11.56",
        "200911": "11.47",
        "200912": "12.07",
        "201001": "13.16",
        "201002": "11.73",
        "201003": "12.43",
        "201004": "12.85",
        "201005": "11.71",
        "201006": "11.44",
        "201007": "11.83",
        "201008": "12.14",
        "201009": "11.93",
        "201010": "11.25",
        "201011": "10.86",
        "201012": "11.08",
        "201101": "11.75",
        "201102": "11.41",
        "201103": "11.00",
        "201104": "11.12",
        "201105": "11.13",
        "201106": "11.22",
        "201107": "11.51",
        "201108": "11.07",
        "201109": "10.62",
        "201110": "10.16",
        "201111": "10.01",
        "201112": "9.94",
        "201201": "9.93",
        "201202": "10.93",
        "201203": "11.38",
        "201204": "10.10",
        "201205": "9.55",
        "201206": "9.07",
        "201207": "8.98",
        "201208": "9.10",
        "201209": "9.22",
        "201210": "8.63",
        "201211": "8.40",
        "201212": "8.85",
        "201301": "9.65",
        "201302": "9.40",
        "201303": "8.89",
        "201304": "8.21",
        "201305": "8.70",
        "201306": "8.51",
        "201307": "8.57",
        "201308": "9.41",
        "201309": "9.68",
        "201310": "9.35",
        "201311": "8.86",
        "201312": "9.24",
        "201401": "9.73",
        "201402": "9.54",
        "201403": "9.41",
        "201404": "9.68",
        "201405": "9.37",
        "201406": "9.44",
        "201407": "9.54",
        "201408": "9.89",
        "201409": "9.42",
        "201410": "8.85",
        "201411": "8.82",
        "201412": "8.93",
        "201501": "9.09",
        "201502": "9.28",
        "201503": "9.28",
        "201504": "9.52",
        "201505": "9.30",
        "201506": "8.85",
        "201507": "8.29",
        "201508": "7.90",
        "201509": "7.55",
        "201510": "7.63",
        "201511": "7.62",
        "201512": "7.16",
        "201601": "7.20",
        "201602": "7.64",
        "201603": "8.16",
        "201604": "8.33",
        "201605": "7.96",
        "201606": "7.97",
        "201607": "8.16",
        "201608": "9.26",
        "201609": "10.42",
        "201610": "11.16",
        "201611": "12.41",
        "201612": "11.56",
        "201701": "11.79",
        "201702": "13.88",
        "201703": "14.27",
        "201704": "12.73",
        "201705": "12.44",
        "201706": "12.65",
        "201707": "13.32",
        "201708": "13.25",
        "201709": "11.92",
        "201710": "11.52",
        "201711": "11.32",
        "201712": "11.46",
        "201801": "11.93",
        "201802": "11.26",
        "201803": "10.98",
        "201804": "10.52",
        "201805": "10.24",
        "201806": "10.42",
        "201807": "10.49",
        "201808": "10.41",
        "201809": "10.24",
        "201810": "9.77",
        "201811": "9.83",
        "201812": "10.34",
        "201901": "9.97",
        "201902": "10.01",
        "201903": "10.06",
        "201904": "9.59",
        "201905": "9.32",
        "201906": "9.20",
        "201907": "9.16",
        "201908": "9.05",
        "201909": "9.19",
        "201910": "9.15",
        "201911": "9.19",
        "201912": "9.20",
        "202001": "9.21",
        "202002": "9.17",
        "202003": "8.40",
        "202004": "8.54",
        "202005": "8.47",
        "202006": "8.66",
        "202007": "8.59",
        "202008": "8.91",
        "202009": "10.24",
        "202010": "10.33",
        "202011": "10.74",
        "202012": "12.80",
        "202101": "12.49",
        "202102": "12.39",
        "202103": "13.31",
        "202104": "17.90",
        "202105": "22.00",
        "202106": "24.58",
        "202107": "36.14",
        "202108": "32.62",
        "202109": "30.27",
        "202110": "26.04",
        "202111": "24.93",
        "202112": "24.78",
        "202201": "22.95",
        "202202": "23.67",
        "202203": "24.74",
        "202204": "23.79",
        "202205": "20.22",
        "202206": "18.71",
        "202207": "16.09",
        "202208": "16.08",
        "202209": "14.48",
        "202210": "14.12",
        "202211": "14.86",
        "202212": "15.84",
        "202301": "16.11",
        "202302": "17.07",
        "202303": "16.21",
        "202304": "15.58",
        "202305": "15.29",
        "202306": "15.52",
        "202307": "15.23",
        "202308": "15.17",
        "202309": "15.30"
    },
    "quarters": {
        "20011": {
            "year_quarter": 20011,
            "year": 2001,
            "quarter": 1,
            "eps": 0.07,
            "eps_growth_year": -81.58,
            "eps_4q": 0.66,
            "eps_4q_growth_year": -59.16,
            "roe": 0.54,
            "roe_4q": 0.54,
            "gross_profit": 444701,
            "gross_margin": 10.01,
            "gross_margin_4q_avg": 10.01,
            "net_income": 57738,
            "revenue": 4440602,
            "common_shares": 7971788,
            "book_valuer_per_share": 13.44,
            "book_valuer_per_share_4q_avg": 13.44,
            "equity": 10717903,
            "current_ratio": 95.25,
            "debt_ratio": 48.48,
            "inventory_turnover_ratio": 1.98,
            "account_receivable_turnover_ratio": null,
            "reinvestment_rate": null,
            "research_to_sale_ratio": null,
            "price_fair": 0,
            "eps_avg_yearly": 0,
            "eps_latest_yearly": 0,
            "eps_growth_yearly": 0
        },
        "20012": {
            "year_quarter": 20012,
            "year": 2001,
            "quarter": 2,
            "eps": 0.23,
            "eps_growth_year": -28.12,
            "eps_4q": 0.64,
            "eps_4q_growth_year": -53.93,
            "roe": 1.7,
            "roe_4q": 2.24,
            "gross_profit": 586305,
            "gross_margin": 13.34,
            "gross_margin_4q_avg": 11.68,
            "net_income": 181248,
            "revenue": 4394746,
            "common_shares": 7971788,
            "book_valuer_per_share": 13.34,
            "book_valuer_per_share_4q_avg": 13.39,
            "equity": 10633838,
            "current_ratio": 87.62,
            "debt_ratio": 49.11,
            "inventory_turnover_ratio": 1.72,
            "account_receivable_turnover_ratio": null,
            "reinvestment_rate": null,
            "research_to_sale_ratio": null,
            "price_fair": 0,
            "eps_avg_yearly": 0,
            "eps_latest_yearly": 0,
            "eps_growth_yearly": 0
        },
        "20013": {
            "year_quarter": 20013,
            "year": 2001,
            "quarter": 3,
            "eps": 0.18,
            "eps_growth_year": 500,
            "eps_4q": 0.78,
            "eps_4q_growth_year": -13.46,
            "roe": 1.35,
            "roe_4q": 3.59,
            "gross_profit": 721001,
            "gross_margin": 16.49,
            "gross_margin_4q_avg": 13.28,
            "net_income": 143569,
            "revenue": 4371392,
            "common_shares": 7971788,
            "book_valuer_per_share": 13.4,
            "book_valuer_per_share_4q_avg": 13.39,
            "equity": 10681091,
            "current_ratio": 85.32,
            "debt_ratio": 48.17,
            "inventory_turnover_ratio": 1.52,
            "account_receivable_turnover_ratio": null,
            "reinvestment_rate": null,
            "research_to_sale_ratio": null,
            "price_fair": 0,
            "eps_avg_yearly": 0,
            "eps_latest_yearly": 0,
            "eps_growth_yearly": 0
        },
        "20014": {
            "year_quarter": 20014,
            "year": 2001,
            "quarter": 4,
            "eps": 0.08,
            "eps_growth_year": -72.41,
            "eps_4q": 0.52,
            "eps_4q_growth_year": -41.18,
            "roe": 0.64,
            "roe_4q": 4.23,
            "gross_profit": 630099,
            "gross_margin": 13.6,
            "gross_margin_4q_avg": 13.36,
            "net_income": 68850,
            "revenue": 4631915,
            "common_shares": 8090660,
            "book_valuer_per_share": 13.3,
            "book_valuer_per_share_4q_avg": 13.37,
            "equity": 10764478,
            "current_ratio": 99.67,
            "debt_ratio": 45.32,
            "inventory_turnover_ratio": 1.95,
            "account_receivable_turnover_ratio": null,
            "reinvestment_rate": null,
            "research_to_sale_ratio": null,
            "price_fair": 0,
            "eps_avg_yearly": 0,
            "eps_latest_yearly": 0,
            "eps_growth_yearly": 0
        },
        "20021": {
            "year_quarter": 20021,
            "year": 2002,
            "quarter": 1,
            "eps": 0.38,
            "eps_growth_year": 442.86,
            "eps_4q": 0.87,
            "eps_4q_growth_year": 32.57,
            "roe": 2.81,
            "roe_4q": 6.500000000000001,
            "gross_profit": 688895,
            "gross_margin": 15.4,
            "gross_margin_4q_avg": 14.71,
            "net_income": 306080,
            "revenue": 4474180,
            "common_shares": 8090660,
            "book_valuer_per_share": 13.66,
            "book_valuer_per_share_4q_avg": 13.43,
            "equity": 11049980,
            "current_ratio": 100.34,
            "debt_ratio": 42.83,
            "inventory_turnover_ratio": 2.51,
            "account_receivable_turnover_ratio": null,
            "reinvestment_rate": null,
            "research_to_sale_ratio": null,
            "price_fair": 53.2,
            "eps_avg_yearly": 1.52,
            "eps_latest_yearly": 1.52,
            "eps_growth_yearly": 1500
        },
        "20022": {
            "year_quarter": 20022,
            "year": 2002,
            "quarter": 2,
            "eps": 0.56,
            "eps_growth_year": 143.48,
            "eps_4q": 1.21,
            "eps_4q_growth_year": 90.15,
            "roe": 3.98,
            "roe_4q": 8.78,
            "gross_profit": 936219,
            "gross_margin": 19.1,
            "gross_margin_4q_avg": 16.15,
            "net_income": 448094,
            "revenue": 4901486,
            "common_shares": 8090660,
            "book_valuer_per_share": 14.18,
            "book_valuer_per_share_4q_avg": 13.64,
            "equity": 11472921,
            "current_ratio": 123.35,
            "debt_ratio": 40.01,
            "inventory_turnover_ratio": 3.15,
            "account_receivable_turnover_ratio": null,
            "reinvestment_rate": null,
            "research_to_sale_ratio": null,
            "price_fair": 65.8,
            "eps_avg_yearly": 1.88,
            "eps_latest_yearly": 2.24,
            "eps_growth_yearly": 844.74
        },
        "20023": {
            "year_quarter": 20023,
            "year": 2002,
            "quarter": 3,
            "eps": 0.86,
            "eps_growth_year": 377.78,
            "eps_4q": 1.89,
            "eps_4q_growth_year": 141.64,
            "roe": 5.83,
            "roe_4q": 13.260000000000002,
            "gross_profit": 1353544,
            "gross_margin": 24.17,
            "gross_margin_4q_avg": 18.07,
            "net_income": 689240,
            "revenue": 5599292,
            "common_shares": 8090660,
            "book_valuer_per_share": 15.06,
            "book_valuer_per_share_4q_avg": 14.05,
            "equity": 12188218,
            "current_ratio": 122.69,
            "debt_ratio": 37.47,
            "inventory_turnover_ratio": 3.35,
            "account_receivable_turnover_ratio": null,
            "reinvestment_rate": null,
            "research_to_sale_ratio": null,
            "price_fair": 84,
            "eps_avg_yearly": 2.4,
            "eps_latest_yearly": 3.44,
            "eps_growth_yearly": 634.59
        },
        "20024": {
            "year_quarter": 20024,
            "year": 2002,
            "quarter": 4,
            "eps": 1.03,
            "eps_growth_year": 1187.5,
            "eps_4q": 2.83,
            "eps_4q_growth_year": 438.88,
            "roe": 6.57,
            "roe_4q": 19.189999999999998,
            "gross_profit": 1506721,
            "gross_margin": 23.9,
            "gross_margin_4q_avg": 20.64,
            "net_income": 827567,
            "revenue": 6305511,
            "common_shares": 8090660,
            "book_valuer_per_share": 16.09,
            "book_valuer_per_share_4q_avg": 14.75,
            "equity": 13016773,
            "current_ratio": 120.44,
            "debt_ratio": 35.47,
            "inventory_turnover_ratio": 3.3,
            "account_receivable_turnover_ratio": null,
            "reinvestment_rate": 56.73,
            "research_to_sale_ratio": null,
            "price_fair": 99.05,
            "eps_avg_yearly": 2.83,
            "eps_latest_yearly": 4.12,
            "eps_growth_yearly": 495.71
        },
        "20031": {
            "year_quarter": 20031,
            "year": 2003,
            "quarter": 1,
            "eps": 1.06,
            "eps_growth_year": 178.95,
            "eps_4q": 3.5,
            "eps_4q_growth_year": 302.39,
            "roe": 6.3,
            "roe_4q": 22.680000000000003,
            "gross_profit": 1613910,
            "gross_margin": 24.21,
            "gross_margin_4q_avg": 22.85,
            "net_income": 855105,
            "revenue": 6666278,
            "common_shares": 8090660,
            "book_valuer_per_share": 17.45,
            "book_valuer_per_share_4q_avg": 15.7,
            "equity": 14117081,
            "current_ratio": 109.58,
            "debt_ratio": 33.47,
            "inventory_turnover_ratio": 2.96,
            "account_receivable_turnover_ratio": null,
            "reinvestment_rate": 45.86,
            "research_to_sale_ratio": null,
            "price_fair": 108.92,
            "eps_avg_yearly": 3.11,
            "eps_latest_yearly": 4.24,
            "eps_growth_yearly": 398.9
        },
        "20032": {
            "year_quarter": 20032,
            "year": 2003,
            "quarter": 2,
            "eps": 0.75,
            "eps_growth_year": 33.93,
            "eps_4q": 3.67,
            "eps_4q_growth_year": 204.19,
            "roe": 4.3,
            "roe_4q": 23,
            "gross_profit": 1345105,
            "gross_margin": 21.13,
            "gross_margin_4q_avg": 23.35,
            "net_income": 608282,
            "revenue": 6365184,
            "common_shares": 8090660,
            "book_valuer_per_share": 17.55,
            "book_valuer_per_share_4q_avg": 16.54,
            "equity": 14202117,
            "current_ratio": 100.35,
            "debt_ratio": 38.22,
            "inventory_turnover_ratio": 2.31,
            "account_receivable_turnover_ratio": null,
            "reinvestment_rate": 36.96,
            "research_to_sale_ratio": null,
            "price_fair": 108.27,
            "eps_avg_yearly": 3.09,
            "eps_latest_yearly": 3,
            "eps_growth_yearly": 312.92
        },
        "20033": {
            "year_quarter": 20033,
            "year": 2003,
            "quarter": 3,
            "eps": 0.54,
            "eps_growth_year": -37.21,
            "eps_4q": 3.01,
            "eps_4q_growth_year": 59.45,
            "roe": 3.47,
            "roe_4q": 20.64,
            "gross_profit": 1070588,
            "gross_margin": 14.73,
            "gross_margin_4q_avg": 20.99,
            "net_income": 501101,
            "revenue": 7266044,
            "common_shares": 9223352,
            "book_valuer_per_share": 15.92,
            "book_valuer_per_share_4q_avg": 16.75,
            "equity": 14683222,
            "current_ratio": 148.76,
            "debt_ratio": 36.09,
            "inventory_turnover_ratio": 2.87,
            "account_receivable_turnover_ratio": null,
            "reinvestment_rate": 23.27,
            "research_to_sale_ratio": null,
            "price_fair": 103.6,
            "eps_avg_yearly": 2.96,
            "eps_latest_yearly": 2.16,
            "eps_growth_yearly": 252.21
        },
        "20034": {
            "year_quarter": 20034,
            "year": 2003,
            "quarter": 4,
            "eps": 0.6,
            "eps_growth_year": -41.75,
            "eps_4q": 2.72,
            "eps_4q_growth_year": -3.93,
            "roe": 3.52,
            "roe_4q": 17.59,
            "gross_profit": 1208363,
            "gross_margin": 17.01,
            "gross_margin_4q_avg": 19.27,
            "net_income": 557185,
            "revenue": 7103389,
            "common_shares": 9946051,
            "book_valuer_per_share": 16.94,
            "book_valuer_per_share_4q_avg": 16.97,
            "equity": 16958283,
            "current_ratio": 102.61,
            "debt_ratio": 43.91,
            "inventory_turnover_ratio": 2.96,
            "account_receivable_turnover_ratio": null,
            "reinvestment_rate": 77.69,
            "research_to_sale_ratio": null,
            "price_fair": 101.15,
            "eps_avg_yearly": 2.89,
            "eps_latest_yearly": 2.4,
            "eps_growth_yearly": 226.24
        },
        "20041": {
            "year_quarter": 20041,
            "year": 2004,
            "quarter": 1,
            "eps": 0.73,
            "eps_growth_year": -31.13,
            "eps_4q": 2.38,
            "eps_4q_growth_year": -31.86,
            "roe": 4.16,
            "roe_4q": 15.45,
            "gross_profit": 1442909,
            "gross_margin": 18.45,
            "gross_margin_4q_avg": 17.83,
            "net_income": 736427,
            "revenue": 7819866,
            "common_shares": 10346181,
            "book_valuer_per_share": 17.85,
            "book_valuer_per_share_4q_avg": 17.07,
            "equity": 18470742,
            "current_ratio": 165.75,
            "debt_ratio": 41.3,
            "inventory_turnover_ratio": 2.99,
            "account_receivable_turnover_ratio": null,
            "reinvestment_rate": 29.27,
            "research_to_sale_ratio": null,
            "price_fair": 101.27,
            "eps_avg_yearly": 2.89,
            "eps_latest_yearly": 2.92,
            "eps_growth_yearly": 210.73
        },
        "20042": {
            "year_quarter": 20042,
            "year": 2004,
            "quarter": 2,
            "eps": 0.32,
            "eps_growth_year": -57.33,
            "eps_4q": 2.05,
            "eps_4q_growth_year": -44.23,
            "roe": 1.86,
            "roe_4q": 13.010000000000002,
            "gross_profit": 1850403,
            "gross_margin": 22.88,
            "gross_margin_4q_avg": 18.27,
            "net_income": 332123,
            "revenue": 8089084,
            "common_shares": 10346181,
            "book_valuer_per_share": 16.69,
            "book_valuer_per_share_4q_avg": 16.85,
            "equity": 17270343,
            "current_ratio": 136.51,
            "debt_ratio": 50.39,
            "inventory_turnover_ratio": 2.36,
            "account_receivable_turnover_ratio": null,
            "reinvestment_rate": 18.49,
            "research_to_sale_ratio": null,
            "price_fair": 95.62,
            "eps_avg_yearly": 2.73,
            "eps_latest_yearly": 1.28,
            "eps_growth_yearly": 167.2
        },
        "20043": {
            "year_quarter": 20043,
            "year": 2004,
            "quarter": 3,
            "eps": 1.26,
            "eps_growth_year": 133.33,
            "eps_4q": 2.83,
            "eps_4q_growth_year": -5.98,
            "roe": 7.11,
            "roe_4q": 16.650000000000002,
            "gross_profit": 1685349,
            "gross_margin": 17.55,
            "gross_margin_4q_avg": 18.97,
            "net_income": 1305765,
            "revenue": 9604747,
            "common_shares": 10747216,
            "book_valuer_per_share": 18.12,
            "book_valuer_per_share_4q_avg": 17.4,
            "equity": 19476550,
            "current_ratio": 154.45,
            "debt_ratio": 45.87,
            "inventory_turnover_ratio": 2.56,
            "account_receivable_turnover_ratio": null,
            "reinvestment_rate": 12.72,
            "research_to_sale_ratio": null,
            "price_fair": 102.96,
            "eps_avg_yearly": 2.94,
            "eps_latest_yearly": 5.04,
            "eps_growth_yearly": 258.81
        },
        "20044": {
            "year_quarter": 20044,
            "year": 2004,
            "quarter": 4,
            "eps": 0.75,
            "eps_growth_year": 25,
            "eps_4q": 3.05,
            "eps_4q_growth_year": 12.21,
            "roe": 3.86,
            "roe_4q": 16.990000000000002,
            "gross_profit": 1645413,
            "gross_margin": 17.16,
            "gross_margin_4q_avg": 19.01,
            "net_income": 775215,
            "revenue": 9588253,
            "common_shares": 10953026,
            "book_valuer_per_share": 18.78,
            "book_valuer_per_share_4q_avg": 17.86,
            "equity": 20674100,
            "current_ratio": 135.26,
            "debt_ratio": 52.13,
            "inventory_turnover_ratio": 2.37,
            "account_receivable_turnover_ratio": null,
            "reinvestment_rate": 74.44,
            "research_to_sale_ratio": null,
            "price_fair": 103.13,
            "eps_avg_yearly": 2.95,
            "eps_latest_yearly": 3,
            "eps_growth_yearly": 223.75
        },
        "20051": {
            "year_quarter": 20051,
            "year": 2005,
            "quarter": 1,
            "eps": 0.61,
            "eps_growth_year": -16.44,
            "eps_4q": 2.66,
            "eps_4q_growth_year": 11.71,
            "roe": 3.27,
            "roe_4q": 16.1,
            "gross_profit": 1204287,
            "gross_margin": 12.87,
            "gross_margin_4q_avg": 17.62,
            "net_income": 717739,
            "revenue": 9356579,
            "common_shares": 11962580,
            "book_valuer_per_share": 19.47,
            "book_valuer_per_share_4q_avg": 18.27,
            "equity": 23287177,
            "current_ratio": 189.87,
            "debt_ratio": 40.58,
            "inventory_turnover_ratio": 2.37,
            "account_receivable_turnover_ratio": null,
            "reinvestment_rate": 12.61,
            "research_to_sale_ratio": null,
            "price_fair": 101.77,
            "eps_avg_yearly": 2.91,
            "eps_latest_yearly": 2.44,
            "eps_growth_yearly": 200.8
        },
        "20052": {
            "year_quarter": 20052,
            "year": 2005,
            "quarter": 2,
            "eps": 0.32,
            "eps_growth_year": 0,
            "eps_4q": 2.69,
            "eps_4q_growth_year": 31.37,
            "roe": 1.65,
            "roe_4q": 15.89,
            "gross_profit": 913346,
            "gross_margin": 10.1,
            "gross_margin_4q_avg": 14.42,
            "net_income": 377559,
            "revenue": 9046454,
            "common_shares": 11962580,
            "book_valuer_per_share": 18.79,
            "book_valuer_per_share_4q_avg": 18.79,
            "equity": 22472687,
            "current_ratio": 204.55,
            "debt_ratio": 37.97,
            "inventory_turnover_ratio": 2.13,
            "account_receivable_turnover_ratio": null,
            "reinvestment_rate": 9.38,
            "research_to_sale_ratio": null,
            "price_fair": 97.7,
            "eps_avg_yearly": 2.79,
            "eps_latest_yearly": 1.28,
            "eps_growth_yearly": 172.87
        },
        "20053": {
            "year_quarter": 20053,
            "year": 2005,
            "quarter": 3,
            "eps": 0.12,
            "eps_growth_year": -90.48,
            "eps_4q": 1.59,
            "eps_4q_growth_year": -43.86,
            "roe": 0.67,
            "roe_4q": 9.45,
            "gross_profit": 357162,
            "gross_margin": 4.3,
            "gross_margin_4q_avg": 11.11,
            "net_income": 152896,
            "revenue": 8298725,
            "common_shares": 12609299,
            "book_valuer_per_share": 18.12,
            "book_valuer_per_share_4q_avg": 18.79,
            "equity": 22842772,
            "current_ratio": 204.42,
            "debt_ratio": 37.8,
            "inventory_turnover_ratio": 1.68,
            "account_receivable_turnover_ratio": null,
            "reinvestment_rate": 24.36,
            "research_to_sale_ratio": null,
            "price_fair": 92.31,
            "eps_avg_yearly": 2.64,
            "eps_latest_yearly": 0.48,
            "eps_growth_yearly": 144.68
        },
        "20054": {
            "year_quarter": 20054,
            "year": 2005,
            "quarter": 4,
            "eps": 0.15,
            "eps_growth_year": -80,
            "eps_4q": 1.15,
            "eps_4q_growth_year": -62.31,
            "roe": 0.82,
            "roe_4q": 6.41,
            "gross_profit": 782942,
            "gross_margin": 8.66,
            "gross_margin_4q_avg": 8.98,
            "net_income": 187509,
            "revenue": 9046106,
            "common_shares": 12609299,
            "book_valuer_per_share": 18.24,
            "book_valuer_per_share_4q_avg": 18.66,
            "equity": 23114388,
            "current_ratio": 173.61,
            "debt_ratio": 49.73,
            "inventory_turnover_ratio": 1.42,
            "account_receivable_turnover_ratio": null,
            "reinvestment_rate": 93.41,
            "research_to_sale_ratio": null,
            "price_fair": 87.85,
            "eps_avg_yearly": 2.51,
            "eps_latest_yearly": 0.6,
            "eps_growth_yearly": 141.89
        },
        "20061": {
            "year_quarter": 20061,
            "year": 2006,
            "quarter": 1,
            "eps": 0.11,
            "eps_growth_year": -81.97,
            "eps_4q": 0.68,
            "eps_4q_growth_year": -74.52,
            "roe": 0.6,
            "roe_4q": 3.7399999999999998,
            "gross_profit": 683282,
            "gross_margin": 9.35,
            "gross_margin_4q_avg": 8.1,
            "net_income": 139076,
            "revenue": 7306649,
            "common_shares": 12609299,
            "book_valuer_per_share": 18.33,
            "book_valuer_per_share_4q_avg": 18.37,
            "equity": 23114505,
            "current_ratio": 200.24,
            "debt_ratio": 28.62,
            "inventory_turnover_ratio": 1.25,
            "account_receivable_turnover_ratio": null,
            "reinvestment_rate": 16.45,
            "research_to_sale_ratio": null,
            "price_fair": 85.49,
            "eps_avg_yearly": 2.44,
            "eps_latest_yearly": 0.44,
            "eps_growth_yearly": 41.47
        },
        "20062": {
            "year_quarter": 20062,
            "year": 2006,
            "quarter": 2,
            "eps": 0.39,
            "eps_growth_year": 21.88,
            "eps_4q": 0.77,
            "eps_4q_growth_year": -71.41,
            "roe": 2.12,
            "roe_4q": 4.21,
            "gross_profit": 1348260,
            "gross_margin": 15.68,
            "gross_margin_4q_avg": 9.5,
            "net_income": 492674,
            "revenue": 8597755,
            "common_shares": 12609299,
            "book_valuer_per_share": 18.48,
            "book_valuer_per_share_4q_avg": 18.29,
            "equity": 23299321,
            "current_ratio": 166.27,
            "debt_ratio": 28.88,
            "inventory_turnover_ratio": 1.86,
            "account_receivable_turnover_ratio": null,
            "reinvestment_rate": 22.86,
            "research_to_sale_ratio": null,
            "price_fair": 84,
            "eps_avg_yearly": 2.4,
            "eps_latest_yearly": 1.56,
            "eps_growth_yearly": 93.27
        },
        "20063": {
            "year_quarter": 20063,
            "year": 2006,
            "quarter": 3,
            "eps": 0.63,
            "eps_growth_year": 425,
            "eps_4q": 1.24,
            "eps_4q_growth_year": -22.12,
            "roe": 3.58,
            "roe_4q": 7.12,
            "gross_profit": 1655810,
            "gross_margin": 17.64,
            "gross_margin_4q_avg": 12.83,
            "net_income": 850667,
            "revenue": 9385508,
            "common_shares": 12609299,
            "book_valuer_per_share": 19.23,
            "book_valuer_per_share_4q_avg": 18.57,
            "equity": 24243610,
            "current_ratio": 166.71,
            "debt_ratio": 28.56,
            "inventory_turnover_ratio": 1.77,
            "account_receivable_turnover_ratio": null,
            "reinvestment_rate": 12.03,
            "research_to_sale_ratio": null,
            "price_fair": 81.99,
            "eps_avg_yearly": 2.34,
            "eps_latest_yearly": 2.52,
            "eps_growth_yearly": 95.26
        },
        "20064": {
            "year_quarter": 20064,
            "year": 2006,
            "quarter": 4,
            "eps": 0.36,
            "eps_growth_year": 140,
            "eps_4q": 1.47,
            "eps_4q_growth_year": 27.65,
            "roe": 1.97,
            "roe_4q": 8.27,
            "gross_profit": 1271937,
            "gross_margin": 12.4,
            "gross_margin_4q_avg": 13.77,
            "net_income": 482484,
            "revenue": 10258563,
            "common_shares": 13491950,
            "book_valuer_per_share": 18.34,
            "book_valuer_per_share_4q_avg": 18.6,
            "equity": 24798915,
            "current_ratio": 135.96,
            "debt_ratio": 46.49,
            "inventory_turnover_ratio": 1.3,
            "account_receivable_turnover_ratio": null,
            "reinvestment_rate": 96.47,
            "research_to_sale_ratio": null,
            "price_fair": 76.13,
            "eps_avg_yearly": 2.18,
            "eps_latest_yearly": 1.44,
            "eps_growth_yearly": 79.6
        },
        "20071": {
            "year_quarter": 20071,
            "year": 2007,
            "quarter": 1,
            "eps": 0.34,
            "eps_growth_year": 209.09,
            "eps_4q": 1.69,
            "eps_4q_growth_year": 149.43,
            "roe": 1.84,
            "roe_4q": 9.510000000000002,
            "gross_profit": 1210774,
            "gross_margin": 11.61,
            "gross_margin_4q_avg": 14.33,
            "net_income": 459568,
            "revenue": 10426062,
            "common_shares": 13491950,
            "book_valuer_per_share": 18.73,
            "book_valuer_per_share_4q_avg": 18.7,
            "equity": 25270149,
            "current_ratio": 158.31,
            "debt_ratio": 30.79,
            "inventory_turnover_ratio": 1.26,
            "account_receivable_turnover_ratio": null,
            "reinvestment_rate": 11.87,
            "research_to_sale_ratio": null,
            "price_fair": 69.83,
            "eps_avg_yearly": 2,
            "eps_latest_yearly": 1.36,
            "eps_growth_yearly": 77.48
        },
        "20072": {
            "year_quarter": 20072,
            "year": 2007,
            "quarter": 2,
            "eps": 0.46,
            "eps_growth_year": 17.95,
            "eps_4q": 1.77,
            "eps_4q_growth_year": 130.59,
            "roe": 2.5,
            "roe_4q": 9.89,
            "gross_profit": 1267148,
            "gross_margin": 13.07,
            "gross_margin_4q_avg": 13.68,
            "net_income": 627332,
            "revenue": 9694844,
            "common_shares": 13491950,
            "book_valuer_per_share": 18.51,
            "book_valuer_per_share_4q_avg": 18.7,
            "equity": 24979240,
            "current_ratio": 153.61,
            "debt_ratio": 30.38,
            "inventory_turnover_ratio": 1.6,
            "account_receivable_turnover_ratio": null,
            "reinvestment_rate": 11.61,
            "research_to_sale_ratio": null,
            "price_fair": 67.29,
            "eps_avg_yearly": 1.92,
            "eps_latest_yearly": 1.84,
            "eps_growth_yearly": 93.62
        },
        "20073": {
            "year_quarter": 20073,
            "year": 2007,
            "quarter": 3,
            "eps": 0.29,
            "eps_growth_year": -53.97,
            "eps_4q": 1.42,
            "eps_4q_growth_year": 15.01,
            "roe": 1.6,
            "roe_4q": 7.909999999999999,
            "gross_profit": 906188,
            "gross_margin": 9.5,
            "gross_margin_4q_avg": 11.65,
            "net_income": 401897,
            "revenue": 9534864,
            "common_shares": 13896708,
            "book_valuer_per_share": 18.28,
            "book_valuer_per_share_4q_avg": 18.47,
            "equity": 25397634,
            "current_ratio": 148.33,
            "debt_ratio": 29.25,
            "inventory_turnover_ratio": 1.78,
            "account_receivable_turnover_ratio": null,
            "reinvestment_rate": 15.61,
            "research_to_sale_ratio": null,
            "price_fair": 65.1,
            "eps_avg_yearly": 1.86,
            "eps_latest_yearly": 1.16,
            "eps_growth_yearly": 91.38
        },
        "20074": {
            "year_quarter": 20074,
            "year": 2007,
            "quarter": 4,
            "eps": 0.08,
            "eps_growth_year": -77.78,
            "eps_4q": 1.1,
            "eps_4q_growth_year": -25.19,
            "roe": 0.46,
            "roe_4q": 6.4,
            "gross_profit": 744994,
            "gross_margin": 7.87,
            "gross_margin_4q_avg": 10.51,
            "net_income": 117145,
            "revenue": 9472052,
            "common_shares": 13896708,
            "book_valuer_per_share": 18.36,
            "book_valuer_per_share_4q_avg": 18.47,
            "equity": 25562616,
            "current_ratio": 145.86,
            "debt_ratio": 47.56,
            "inventory_turnover_ratio": 1.49,
            "account_receivable_turnover_ratio": null,
            "reinvestment_rate": 69.85,
            "research_to_sale_ratio": null,
            "price_fair": 60.55,
            "eps_avg_yearly": 1.73,
            "eps_latest_yearly": 0.32,
            "eps_growth_yearly": 70.5
        },
        "20081": {
            "year_quarter": 20081,
            "year": 2008,
            "quarter": 1,
            "eps": 0.24,
            "eps_growth_year": -29.41,
            "eps_4q": 1.08,
            "eps_4q_growth_year": -36.06,
            "roe": 1.27,
            "roe_4q": 5.83,
            "gross_profit": 1203257,
            "gross_margin": 9.35,
            "gross_margin_4q_avg": 9.95,
            "net_income": 327462,
            "revenue": 12868521,
            "common_shares": 13896708,
            "book_valuer_per_share": 18.54,
            "book_valuer_per_share_4q_avg": 18.42,
            "equity": 25810091,
            "current_ratio": 119.82,
            "debt_ratio": 47.9,
            "inventory_turnover_ratio": 1.79,
            "account_receivable_turnover_ratio": null,
            "reinvestment_rate": 102.84,
            "research_to_sale_ratio": null,
            "price_fair": 56.26,
            "eps_avg_yearly": 1.61,
            "eps_latest_yearly": 0.96,
            "eps_growth_yearly": 115.08
        },
        "20082": {
            "year_quarter": 20082,
            "year": 2008,
            "quarter": 2,
            "eps": 0.75,
            "eps_growth_year": 63.04,
            "eps_4q": 1.38,
            "eps_4q_growth_year": -22.16,
            "roe": 3.95,
            "roe_4q": 7.280000000000001,
            "gross_profit": 2005059,
            "gross_margin": 12.58,
            "gross_margin_4q_avg": 9.83,
            "net_income": 1026833,
            "revenue": 15938311,
            "common_shares": 13896708,
            "book_valuer_per_share": 18.79,
            "book_valuer_per_share_4q_avg": 18.49,
            "equity": 26181800,
            "current_ratio": 120.75,
            "debt_ratio": 48.24,
            "inventory_turnover_ratio": 2.11,
            "account_receivable_turnover_ratio": null,
            "reinvestment_rate": 96.92,
            "research_to_sale_ratio": null,
            "price_fair": 60.03,
            "eps_avg_yearly": 1.72,
            "eps_latest_yearly": 3,
            "eps_growth_yearly": 182.25
        },
        "20083": {
            "year_quarter": 20083,
            "year": 2008,
            "quarter": 3,
            "eps": 0.47,
            "eps_growth_year": 62.07,
            "eps_4q": 1.51,
            "eps_4q_growth_year": 6.21,
            "roe": 2.54,
            "roe_4q": 8.22,
            "gross_profit": 1989348,
            "gross_margin": 11.54,
            "gross_margin_4q_avg": 10.34,
            "net_income": 676147,
            "revenue": 17232490,
            "common_shares": 14591543,
            "book_valuer_per_share": 18.51,
            "book_valuer_per_share_4q_avg": 18.55,
            "equity": 27073265,
            "current_ratio": 125.13,
            "debt_ratio": 52.04,
            "inventory_turnover_ratio": 1.82,
            "account_receivable_turnover_ratio": null,
            "reinvestment_rate": 111.84,
            "research_to_sale_ratio": null,
            "price_fair": 53.11,
            "eps_avg_yearly": 1.52,
            "eps_latest_yearly": 1.88,
            "eps_growth_yearly": 99.48
        },
        "20084": {
            "year_quarter": 20084,
            "year": 2008,
            "quarter": 4,
            "eps": -0.72,
            "eps_growth_year": -1000,
            "eps_4q": 0.74,
            "eps_4q_growth_year": -32.1,
            "roe": -3.61,
            "roe_4q": 4.15,
            "gross_profit": 683242,
            "gross_margin": 5.54,
            "gross_margin_4q_avg": 9.75,
            "net_income": -1073262,
            "revenue": 12330871,
            "common_shares": 14591543,
            "book_valuer_per_share": 18.21,
            "book_valuer_per_share_4q_avg": 18.51,
            "equity": 32414722,
            "current_ratio": 120.4,
            "debt_ratio": 52.39,
            "inventory_turnover_ratio": 1.4,
            "account_receivable_turnover_ratio": null,
            "reinvestment_rate": 191.29,
            "research_to_sale_ratio": null,
            "price_fair": 49.65,
            "eps_avg_yearly": 1.42,
            "eps_latest_yearly": 1.88,
            "eps_growth_yearly": 116.9
        },
        "20091": {
            "year_quarter": 20091,
            "year": 2009,
            "quarter": 1,
            "eps": -0.27,
            "eps_growth_year": -212.5,
            "eps_4q": 0.22,
            "eps_4q_growth_year": -79.72,
            "roe": -1.42,
            "roe_4q": 1.4600000000000009,
            "gross_profit": 4382,
            "gross_margin": 0.05,
            "gross_margin_4q_avg": 7.43,
            "net_income": -457560,
            "revenue": 9462685,
            "common_shares": 14118633,
            "book_valuer_per_share": 18.64,
            "book_valuer_per_share_4q_avg": 18.54,
            "equity": 32082014,
            "current_ratio": 112.36,
            "debt_ratio": 51.23,
            "inventory_turnover_ratio": 1.4,
            "account_receivable_turnover_ratio": null,
            "reinvestment_rate": 333.41,
            "research_to_sale_ratio": null,
            "price_fair": 47.1,
            "eps_avg_yearly": 1.35,
            "eps_latest_yearly": 1.88,
            "eps_growth_yearly": 130.59
        },
        "20092": {
            "year_quarter": 20092,
            "year": 2009,
            "quarter": 2,
            "eps": -0.31,
            "eps_growth_year": -141.33,
            "eps_4q": -0.83,
            "eps_4q_growth_year": -160.39,
            "roe": -1.64,
            "roe_4q": -4.13,
            "gross_profit": 139544,
            "gross_margin": 1.4,
            "gross_margin_4q_avg": 4.63,
            "net_income": -521369,
            "revenue": 9938164,
            "common_shares": 14118633,
            "book_valuer_per_share": 18.23,
            "book_valuer_per_share_4q_avg": 18.4,
            "equity": 31426463,
            "current_ratio": 111.41,
            "debt_ratio": 51.17,
            "inventory_turnover_ratio": 1.71,
            "account_receivable_turnover_ratio": 6.79,
            "reinvestment_rate": 422.53,
            "research_to_sale_ratio": null,
            "price_fair": 47.28,
            "eps_avg_yearly": 1.35,
            "eps_latest_yearly": 1.88,
            "eps_growth_yearly": 155.26
        },
        "20093": {
            "year_quarter": 20093,
            "year": 2009,
            "quarter": 3,
            "eps": 0.34,
            "eps_growth_year": -27.66,
            "eps_4q": -0.91,
            "eps_4q_growth_year": -160.53,
            "roe": 1.6,
            "roe_4q": -5.069999999999999,
            "gross_profit": 1314399,
            "gross_margin": 10.03,
            "gross_margin_4q_avg": 4.26,
            "net_income": 506497,
            "revenue": 13106142,
            "common_shares": 14542192,
            "book_valuer_per_share": 17.99,
            "book_valuer_per_share_4q_avg": 18.27,
            "equity": 31854754,
            "current_ratio": 114.3,
            "debt_ratio": 52.16,
            "inventory_turnover_ratio": 2.09,
            "account_receivable_turnover_ratio": 3.8,
            "reinvestment_rate": 331.56,
            "research_to_sale_ratio": null,
            "price_fair": 49.82,
            "eps_avg_yearly": 1.42,
            "eps_latest_yearly": 1.88,
            "eps_growth_yearly": 189.03
        },
        "20094": {
            "year_quarter": 20094,
            "year": 2009,
            "quarter": 4,
            "eps": 0.42,
            "eps_growth_year": null,
            "eps_4q": 0.17,
            "eps_4q_growth_year": -76.62,
            "roe": 2.14,
            "roe_4q": 0.6800000000000006,
            "gross_profit": 1326323,
            "gross_margin": 10.77,
            "gross_margin_4q_avg": 5.56,
            "net_income": 689343,
            "revenue": 12313022,
            "common_shares": 14542192,
            "book_valuer_per_share": 18.45,
            "book_valuer_per_share_4q_avg": 18.33,
            "equity": 32529460,
            "current_ratio": 123.17,
            "debt_ratio": 51.74,
            "inventory_turnover_ratio": 1.69,
            "account_receivable_turnover_ratio": 3.06,
            "reinvestment_rate": 155.84,
            "research_to_sale_ratio": null,
            "price_fair": 52.97,
            "eps_avg_yearly": 1.51,
            "eps_latest_yearly": 1.68,
            "eps_growth_yearly": 188.54
        },
        "20101": {
            "year_quarter": 20101,
            "year": 2010,
            "quarter": 1,
            "eps": null,
            "eps_growth_year": null,
            "eps_4q": null,
            "eps_4q_growth_year": null,
            "roe": null,
            "roe_4q": 2.1000000000000005,
            "gross_profit": 1275417,
            "gross_margin": null,
            "gross_margin_4q_avg": 5.55,
            "net_income": 248370,
            "revenue": 15300461,
            "common_shares": 14542192,
            "book_valuer_per_share": 18.57,
            "book_valuer_per_share_4q_avg": 18.31,
            "equity": 32754793,
            "current_ratio": 122.37,
            "debt_ratio": 51.91,
            "inventory_turnover_ratio": null,
            "account_receivable_turnover_ratio": null,
            "reinvestment_rate": null,
            "research_to_sale_ratio": null,
            "price_fair": 56.38,
            "eps_avg_yearly": 1.61,
            "eps_latest_yearly": 1.68,
            "eps_growth_yearly": 215.38
        },
        "20102": {
            "year_quarter": 20102,
            "year": 2010,
            "quarter": 2,
            "eps": 0.21,
            "eps_growth_year": null,
            "eps_4q": 0.94,
            "eps_4q_growth_year": null,
            "roe": 1.05,
            "roe_4q": 4.790000000000001,
            "gross_profit": 1594939,
            "gross_margin": 9.21,
            "gross_margin_4q_avg": 7.5,
            "net_income": 325783,
            "revenue": 17324486,
            "common_shares": 14542192,
            "book_valuer_per_share": 18.35,
            "book_valuer_per_share_4q_avg": 18.34,
            "equity": 29570152,
            "current_ratio": 112.22,
            "debt_ratio": 55.89,
            "inventory_turnover_ratio": 1.94,
            "account_receivable_turnover_ratio": 7.34,
            "reinvestment_rate": 540.64,
            "research_to_sale_ratio": null,
            "price_fair": 56.56,
            "eps_avg_yearly": 1.62,
            "eps_latest_yearly": 1.68,
            "eps_growth_yearly": 135.1
        },
        "20103": {
            "year_quarter": 20103,
            "year": 2010,
            "quarter": 3,
            "eps": 0.06,
            "eps_growth_year": -83.37,
            "eps_4q": 0.67,
            "eps_4q_growth_year": null,
            "roe": 0.31,
            "roe_4q": 3.5,
            "gross_profit": 755206,
            "gross_margin": 5.03,
            "gross_margin_4q_avg": 6.25,
            "net_income": 92230,
            "revenue": 14999857,
            "common_shares": 15269302,
            "book_valuer_per_share": 17.48,
            "book_valuer_per_share_4q_avg": 18.21,
            "equity": 29588180,
            "current_ratio": 104.55,
            "debt_ratio": 55.65,
            "inventory_turnover_ratio": 1.59,
            "account_receivable_turnover_ratio": 3.47,
            "reinvestment_rate": 666.49,
            "research_to_sale_ratio": 0.1,
            "price_fair": 48.58,
            "eps_avg_yearly": 1.39,
            "eps_latest_yearly": 0.24,
            "eps_growth_yearly": 81.91
        },
        "20104": {
            "year_quarter": 20104,
            "year": 2010,
            "quarter": 4,
            "eps": -0.15,
            "eps_growth_year": -135.36,
            "eps_4q": 0.12,
            "eps_4q_growth_year": -30.28,
            "roe": -0.69,
            "roe_4q": 0.6700000000000002,
            "gross_profit": 725313,
            "gross_margin": 4.76,
            "gross_margin_4q_avg": 4.75,
            "net_income": -200571,
            "revenue": 15251562,
            "common_shares": 15269302,
            "book_valuer_per_share": 16.98,
            "book_valuer_per_share_4q_avg": 17.85,
            "equity": 28854623,
            "current_ratio": 147.14,
            "debt_ratio": 55.5,
            "inventory_turnover_ratio": 1.68,
            "account_receivable_turnover_ratio": 3.69,
            "reinvestment_rate": 550.01,
            "research_to_sale_ratio": -0,
            "price_fair": 48.38,
            "eps_avg_yearly": 1.38,
            "eps_latest_yearly": 0.24,
            "eps_growth_yearly": 110.06
        },
        "20111": {
            "year_quarter": 20111,
            "year": 2011,
            "quarter": 1,
            "eps": 0.22,
            "eps_growth_year": null,
            "eps_4q": 0.35,
            "eps_4q_growth_year": null,
            "roe": 1.36,
            "roe_4q": 2.0300000000000002,
            "gross_profit": 1276928,
            "gross_margin": 7.46,
            "gross_margin_4q_avg": 6.62,
            "net_income": 396673,
            "revenue": 17108503,
            "common_shares": 15269302,
            "book_valuer_per_share": 17.26,
            "book_valuer_per_share_4q_avg": 17.52,
            "equity": 29335407,
            "current_ratio": 149.06,
            "debt_ratio": 55.12,
            "inventory_turnover_ratio": 1.89,
            "account_receivable_turnover_ratio": 3.84,
            "reinvestment_rate": 847.12,
            "research_to_sale_ratio": 0.07,
            "price_fair": 48.48,
            "eps_avg_yearly": 1.39,
            "eps_latest_yearly": 0.24,
            "eps_growth_yearly": 126.6
        },
        "20112": {
            "year_quarter": 20112,
            "year": 2011,
            "quarter": 2,
            "eps": 0.13,
            "eps_growth_year": -39.58,
            "eps_4q": 0.25,
            "eps_4q_growth_year": -72.88,
            "roe": 0.63,
            "roe_4q": 1.6100000000000003,
            "gross_profit": 1014047,
            "gross_margin": 5.96,
            "gross_margin_4q_avg": 5.8,
            "net_income": 184210,
            "revenue": 17021993,
            "common_shares": 15269302,
            "book_valuer_per_share": 16.93,
            "book_valuer_per_share_4q_avg": 17.16,
            "equity": 28753671,
            "current_ratio": 125.84,
            "debt_ratio": 57.87,
            "inventory_turnover_ratio": 1.77,
            "account_receivable_turnover_ratio": 4.1,
            "reinvestment_rate": 1046.09,
            "research_to_sale_ratio": 0.06,
            "price_fair": 42.7,
            "eps_avg_yearly": 1.22,
            "eps_latest_yearly": 0.52,
            "eps_growth_yearly": 88.49
        },
        "20113": {
            "year_quarter": 20113,
            "year": 2011,
            "quarter": 3,
            "eps": 0.04,
            "eps_growth_year": -25.48,
            "eps_4q": 0.24,
            "eps_4q_growth_year": -63.67,
            "roe": 0.13,
            "roe_4q": 1.4300000000000002,
            "gross_profit": 545808,
            "gross_margin": 3.22,
            "gross_margin_4q_avg": 5.35,
            "net_income": 36591,
            "revenue": 16928231,
            "common_shares": 16032767,
            "book_valuer_per_share": 16.38,
            "book_valuer_per_share_4q_avg": 16.89,
            "equity": 29139832,
            "current_ratio": 128.13,
            "debt_ratio": 56.62,
            "inventory_turnover_ratio": 1.68,
            "account_receivable_turnover_ratio": 4.45,
            "reinvestment_rate": 1227.62,
            "research_to_sale_ratio": 0.07,
            "price_fair": 38.33,
            "eps_avg_yearly": 1.1,
            "eps_latest_yearly": 0.16,
            "eps_growth_yearly": 72.36
        },
        "20114": {
            "year_quarter": 20114,
            "year": 2011,
            "quarter": 4,
            "eps": -0.04,
            "eps_growth_year": null,
            "eps_4q": 0.34,
            "eps_4q_growth_year": 180.92,
            "roe": -0.26,
            "roe_4q": 1.86,
            "gross_profit": 701123,
            "gross_margin": 4.66,
            "gross_margin_4q_avg": 5.33,
            "net_income": -75169,
            "revenue": 15061363,
            "common_shares": 16032767,
            "book_valuer_per_share": 16.4,
            "book_valuer_per_share_4q_avg": 16.74,
            "equity": 29168636,
            "current_ratio": 118.61,
            "debt_ratio": 55.58,
            "inventory_turnover_ratio": 1.57,
            "account_receivable_turnover_ratio": 4.35,
            "reinvestment_rate": 935.55,
            "research_to_sale_ratio": 0.08,
            "price_fair": 42.2,
            "eps_avg_yearly": 1.21,
            "eps_latest_yearly": 0.16,
            "eps_growth_yearly": 124.07
        },
        "20121": {
            "year_quarter": 20121,
            "year": 2012,
            "quarter": 1,
            "eps": -0.21,
            "eps_growth_year": -195.45,
            "eps_4q": -0.08,
            "eps_4q_growth_year": -123.27,
            "roe": -1.41,
            "roe_4q": -0.91,
            "gross_profit": 420100,
            "gross_margin": 2.91,
            "gross_margin_4q_avg": 4.19,
            "net_income": -407546,
            "revenue": 14417109,
            "common_shares": 16032767,
            "book_valuer_per_share": 16.08,
            "book_valuer_per_share_4q_avg": 16.45,
            "equity": 28580190,
            "current_ratio": 118.29,
            "debt_ratio": 55.59,
            "inventory_turnover_ratio": 1.64,
            "account_receivable_turnover_ratio": 4.8,
            "reinvestment_rate": 1570.27,
            "research_to_sale_ratio": 0.07,
            "price_fair": 26.7,
            "eps_avg_yearly": 1.25,
            "eps_latest_yearly": 0.16,
            "eps_growth_yearly": 11.42
        },
        "20122": {
            "year_quarter": 20122,
            "year": 2012,
            "quarter": 2,
            "eps": -0.1,
            "eps_growth_year": -173.72,
            "eps_4q": -0.3,
            "eps_4q_growth_year": -217.79,
            "roe": -0.83,
            "roe_4q": -2.37,
            "gross_profit": 651691,
            "gross_margin": 4.29,
            "gross_margin_4q_avg": 3.77,
            "net_income": -246870,
            "revenue": 15190126,
            "common_shares": 16032767,
            "book_valuer_per_share": 15.73,
            "book_valuer_per_share_4q_avg": 16.15,
            "equity": 31077538,
            "current_ratio": 153.64,
            "debt_ratio": 52.95,
            "inventory_turnover_ratio": 1.68,
            "account_receivable_turnover_ratio": 5.5,
            "reinvestment_rate": 15787.06,
            "research_to_sale_ratio": 0.07,
            "price_fair": 2.69,
            "eps_avg_yearly": 0.9,
            "eps_latest_yearly": 0.16,
            "eps_growth_yearly": -156.3
        },
        "20123": {
            "year_quarter": 20123,
            "year": 2012,
            "quarter": 3,
            "eps": -0.23,
            "eps_growth_year": -651.38,
            "eps_4q": -0.57,
            "eps_4q_growth_year": -335.98,
            "roe": -1.5,
            "roe_4q": -4,
            "gross_profit": 334105,
            "gross_margin": 2.53,
            "gross_margin_4q_avg": 3.6,
            "net_income": -462021,
            "revenue": 13229400,
            "common_shares": 16353422,
            "book_valuer_per_share": 15.09,
            "book_valuer_per_share_4q_avg": 15.83,
            "equity": 30398413,
            "current_ratio": 159.81,
            "debt_ratio": 55.58,
            "inventory_turnover_ratio": 1.5,
            "account_receivable_turnover_ratio": 5.17,
            "reinvestment_rate": null,
            "research_to_sale_ratio": 0.08,
            "price_fair": 1.95,
            "eps_avg_yearly": 0.65,
            "eps_latest_yearly": 0.16,
            "eps_growth_yearly": -158.04
        },
        "20124": {
            "year_quarter": 20124,
            "year": 2012,
            "quarter": 4,
            "eps": -0.12,
            "eps_growth_year": null,
            "eps_4q": -0.65,
            "eps_4q_growth_year": -290.43,
            "roe": -1.07,
            "roe_4q": -4.8100000000000005,
            "gross_profit": 527220,
            "gross_margin": 3.86,
            "gross_margin_4q_avg": 3.4,
            "net_income": -322300,
            "revenue": 13659224,
            "common_shares": 16353422,
            "book_valuer_per_share": 14.92,
            "book_valuer_per_share_4q_avg": 15.46,
            "equity": 29944940,
            "current_ratio": 142.6,
            "debt_ratio": 55.12,
            "inventory_turnover_ratio": 1.68,
            "account_receivable_turnover_ratio": 4.37,
            "reinvestment_rate": null,
            "research_to_sale_ratio": 0.08,
            "price_fair": 1.95,
            "eps_avg_yearly": 0.65,
            "eps_latest_yearly": 0.16,
            "eps_growth_yearly": -158.04
        },
        "20131": {
            "year_quarter": 20131,
            "year": 2013,
            "quarter": 1,
            "eps": 0.24,
            "eps_growth_year": null,
            "eps_4q": -0.2,
            "eps_4q_growth_year": null,
            "roe": 1.04,
            "roe_4q": -2.36,
            "gross_profit": 959093,
            "gross_margin": 6.92,
            "gross_margin_4q_avg": 4.4,
            "net_income": 316384,
            "revenue": 13854968,
            "common_shares": 16353422,
            "book_valuer_per_share": 15.56,
            "book_valuer_per_share_4q_avg": 15.33,
            "equity": 30984493,
            "current_ratio": 124.41,
            "debt_ratio": 55.87,
            "inventory_turnover_ratio": 1.74,
            "account_receivable_turnover_ratio": 3.75,
            "reinvestment_rate": 1608.96,
            "research_to_sale_ratio": 0.08,
            "price_fair": 1.95,
            "eps_avg_yearly": 0.65,
            "eps_latest_yearly": 0.16,
            "eps_growth_yearly": -158.04
        },
        "20132": {
            "year_quarter": 20132,
            "year": 2013,
            "quarter": 2,
            "eps": 0.07,
            "eps_growth_year": null,
            "eps_4q": -0.04,
            "eps_4q_growth_year": null,
            "roe": -0.08,
            "roe_4q": -1.6099999999999999,
            "gross_profit": 831065,
            "gross_margin": 6.2,
            "gross_margin_4q_avg": 4.88,
            "net_income": -24923,
            "revenue": 13406676,
            "common_shares": 16353422,
            "book_valuer_per_share": 15.55,
            "book_valuer_per_share_4q_avg": 15.28,
            "equity": 30934835,
            "current_ratio": 121.41,
            "debt_ratio": 54.78,
            "inventory_turnover_ratio": 1.72,
            "account_receivable_turnover_ratio": 4.1,
            "reinvestment_rate": 877.46,
            "research_to_sale_ratio": 0.08,
            "price_fair": 1.73,
            "eps_avg_yearly": 0.58,
            "eps_latest_yearly": 0.28,
            "eps_growth_yearly": -183.1
        },
        "20133": {
            "year_quarter": 20133,
            "year": 2013,
            "quarter": 3,
            "eps": 0.04,
            "eps_growth_year": null,
            "eps_4q": 0.23,
            "eps_4q_growth_year": null,
            "roe": -0.09,
            "roe_4q": -0.19999999999999996,
            "gross_profit": 869580,
            "gross_margin": 6.44,
            "gross_margin_4q_avg": 5.86,
            "net_income": -26718,
            "revenue": 13506548,
            "common_shares": 16353422,
            "book_valuer_per_share": 15.52,
            "book_valuer_per_share_4q_avg": 15.39,
            "equity": 30736249,
            "current_ratio": 109.49,
            "debt_ratio": 55.95,
            "inventory_turnover_ratio": 1.8,
            "account_receivable_turnover_ratio": 3.9,
            "reinvestment_rate": 1266.27,
            "research_to_sale_ratio": 0.08,
            "price_fair": 1.52,
            "eps_avg_yearly": 0.51,
            "eps_latest_yearly": 0.16,
            "eps_growth_yearly": -181.15
        },
        "20134": {
            "year_quarter": 20134,
            "year": 2013,
            "quarter": 4,
            "eps": 0.12,
            "eps_growth_year": null,
            "eps_4q": 0.47,
            "eps_4q_growth_year": null,
            "roe": 0.33,
            "roe_4q": 1.2000000000000002,
            "gross_profit": 1028597,
            "gross_margin": 7.3,
            "gross_margin_4q_avg": 6.72,
            "net_income": 98605,
            "revenue": 14098334,
            "common_shares": 16353422,
            "book_valuer_per_share": 15.79,
            "book_valuer_per_share_4q_avg": 15.61,
            "equity": 28648617,
            "current_ratio": 96.94,
            "debt_ratio": 56.18,
            "inventory_turnover_ratio": 1.82,
            "account_receivable_turnover_ratio": 3.67,
            "reinvestment_rate": 2227.77,
            "research_to_sale_ratio": 0.07,
            "price_fair": 0.92,
            "eps_avg_yearly": 0.31,
            "eps_latest_yearly": 0.48,
            "eps_growth_yearly": -63.51
        },
        "20141": {
            "year_quarter": 20141,
            "year": 2014,
            "quarter": 1,
            "eps": 0.07,
            "eps_growth_year": -70.83,
            "eps_4q": 0.3,
            "eps_4q_growth_year": null,
            "roe": 0.13,
            "roe_4q": 0.29,
            "gross_profit": 1083230,
            "gross_margin": 7.35,
            "gross_margin_4q_avg": 6.82,
            "net_income": 38470,
            "revenue": 14739344,
            "common_shares": 16353422,
            "book_valuer_per_share": 15.89,
            "book_valuer_per_share_4q_avg": 15.69,
            "equity": 28743839,
            "current_ratio": 99.82,
            "debt_ratio": 57.5,
            "inventory_turnover_ratio": 1.86,
            "account_receivable_turnover_ratio": 3.63,
            "reinvestment_rate": 2809.23,
            "research_to_sale_ratio": 0.07,
            "price_fair": 0.91,
            "eps_avg_yearly": 0.3,
            "eps_latest_yearly": 0.28,
            "eps_growth_yearly": -78.24
        },
        "20142": {
            "year_quarter": 20142,
            "year": 2014,
            "quarter": 2,
            "eps": 0.21,
            "eps_growth_year": 200,
            "eps_4q": 0.43,
            "eps_4q_growth_year": null,
            "roe": 0.94,
            "roe_4q": 1.3099999999999998,
            "gross_profit": 1149610,
            "gross_margin": 7.65,
            "gross_margin_4q_avg": 7.19,
            "net_income": 268871,
            "revenue": 15027214,
            "common_shares": 16353422,
            "book_valuer_per_share": 15.83,
            "book_valuer_per_share_4q_avg": 15.76,
            "equity": 28574807,
            "current_ratio": 91.45,
            "debt_ratio": 57.49,
            "inventory_turnover_ratio": 1.91,
            "account_receivable_turnover_ratio": 3.93,
            "reinvestment_rate": 508.62,
            "research_to_sale_ratio": 0.06,
            "price_fair": 12.95,
            "eps_avg_yearly": 0.37,
            "eps_latest_yearly": 0.84,
            "eps_growth_yearly": 31.54
        },
        "20143": {
            "year_quarter": 20143,
            "year": 2014,
            "quarter": 3,
            "eps": 0.2,
            "eps_growth_year": 400,
            "eps_4q": 0.6,
            "eps_4q_growth_year": 155.61,
            "roe": 0.97,
            "roe_4q": 2.37,
            "gross_profit": 1042332,
            "gross_margin": 6.73,
            "gross_margin_4q_avg": 7.26,
            "net_income": 276602,
            "revenue": 15481504,
            "common_shares": 16680490,
            "book_valuer_per_share": 15.79,
            "book_valuer_per_share_4q_avg": 15.83,
            "equity": 28650304,
            "current_ratio": 100.46,
            "debt_ratio": 58.19,
            "inventory_turnover_ratio": 2.01,
            "account_receivable_turnover_ratio": 5.18,
            "reinvestment_rate": 790.06,
            "research_to_sale_ratio": 0.06,
            "price_fair": 15.4,
            "eps_avg_yearly": 0.44,
            "eps_latest_yearly": 0.8,
            "eps_growth_yearly": 64.87
        },
        "20144": {
            "year_quarter": 20144,
            "year": 2014,
            "quarter": 4,
            "eps": 0.26,
            "eps_growth_year": 117.61,
            "eps_4q": 0.74,
            "eps_4q_growth_year": 57.33,
            "roe": 1.23,
            "roe_4q": 3.27,
            "gross_profit": 1160911,
            "gross_margin": 7.58,
            "gross_margin_4q_avg": 7.33,
            "net_income": 357091,
            "revenue": 15319257,
            "common_shares": 16680490,
            "book_valuer_per_share": 16.18,
            "book_valuer_per_share_4q_avg": 15.92,
            "equity": 29248171,
            "current_ratio": 94,
            "debt_ratio": 59.32,
            "inventory_turnover_ratio": 1.95,
            "account_receivable_turnover_ratio": 4.81,
            "reinvestment_rate": 658.94,
            "research_to_sale_ratio": 0.3,
            "price_fair": 17.73,
            "eps_avg_yearly": 0.51,
            "eps_latest_yearly": 1.04,
            "eps_growth_yearly": 71
        },
        "20151": {
            "year_quarter": 20151,
            "year": 2015,
            "quarter": 1,
            "eps": 0.2,
            "eps_growth_year": 185.71,
            "eps_4q": 0.87,
            "eps_4q_growth_year": 190.4,
            "roe": 0.13,
            "roe_4q": 3.27,
            "gross_profit": 1321547,
            "gross_margin": 9.45,
            "gross_margin_4q_avg": 7.85,
            "net_income": 37917,
            "revenue": 13987399,
            "common_shares": 16680490,
            "book_valuer_per_share": 16.5,
            "book_valuer_per_share_4q_avg": 16.08,
            "equity": 31073774,
            "current_ratio": 87.76,
            "debt_ratio": 57.93,
            "inventory_turnover_ratio": 1.64,
            "account_receivable_turnover_ratio": 4.28,
            "reinvestment_rate": 879.66,
            "research_to_sale_ratio": 0.15,
            "price_fair": 18.76,
            "eps_avg_yearly": 0.54,
            "eps_latest_yearly": 0.8,
            "eps_growth_yearly": 54.67
        },
        "20152": {
            "year_quarter": 20152,
            "year": 2015,
            "quarter": 2,
            "eps": -0.16,
            "eps_growth_year": -176.19,
            "eps_4q": 0.5,
            "eps_4q_growth_year": 15.23,
            "roe": -1.2,
            "roe_4q": 1.1300000000000001,
            "gross_profit": 795974,
            "gross_margin": 6.04,
            "gross_margin_4q_avg": 7.45,
            "net_income": -367598,
            "revenue": 13170093,
            "common_shares": 16680490,
            "book_valuer_per_share": 16.06,
            "book_valuer_per_share_4q_avg": 16.13,
            "equity": 30050125,
            "current_ratio": 104.81,
            "debt_ratio": 60.16,
            "inventory_turnover_ratio": 1.65,
            "account_receivable_turnover_ratio": 4.76,
            "reinvestment_rate": 1237.47,
            "research_to_sale_ratio": 0.15,
            "price_fair": 18.82,
            "eps_avg_yearly": 0.54,
            "eps_latest_yearly": 0.8,
            "eps_growth_yearly": 78.92
        },
        "20153": {
            "year_quarter": 20153,
            "year": 2015,
            "quarter": 3,
            "eps": -0.26,
            "eps_growth_year": -230,
            "eps_4q": 0.03,
            "eps_4q_growth_year": -94.63,
            "roe": -1.96,
            "roe_4q": -1.8000000000000003,
            "gross_profit": 759827,
            "gross_margin": 6.23,
            "gross_margin_4q_avg": 7.33,
            "net_income": -588660,
            "revenue": 12199098,
            "common_shares": 17180905,
            "book_valuer_per_share": 15.59,
            "book_valuer_per_share_4q_avg": 16.08,
            "equity": 30056005,
            "current_ratio": 110.58,
            "debt_ratio": 60.63,
            "inventory_turnover_ratio": 1.72,
            "account_receivable_turnover_ratio": 4.79,
            "reinvestment_rate": 2648.55,
            "research_to_sale_ratio": 0.2,
            "price_fair": 20.48,
            "eps_avg_yearly": 0.59,
            "eps_latest_yearly": 0.8,
            "eps_growth_yearly": 123.4
        },
        "20154": {
            "year_quarter": 20154,
            "year": 2015,
            "quarter": 4,
            "eps": -0.34,
            "eps_growth_year": -230.02,
            "eps_4q": -0.56,
            "eps_4q_growth_year": -174.75,
            "roe": -2.36,
            "roe_4q": -5.390000000000001,
            "gross_profit": 827144,
            "gross_margin": 7.93,
            "gross_margin_4q_avg": 7.41,
            "net_income": -696496,
            "revenue": 10428244,
            "common_shares": 17180905,
            "book_valuer_per_share": 15.07,
            "book_valuer_per_share_4q_avg": 15.81,
            "equity": 29003845,
            "current_ratio": 120.89,
            "debt_ratio": 62.02,
            "inventory_turnover_ratio": 1.58,
            "account_receivable_turnover_ratio": 3.92,
            "reinvestment_rate": null,
            "research_to_sale_ratio": 0.19,
            "price_fair": 20.48,
            "eps_avg_yearly": 0.59,
            "eps_latest_yearly": 0.8,
            "eps_growth_yearly": 123.4
        },
        "20161": {
            "year_quarter": 20161,
            "year": 2016,
            "quarter": 1,
            "eps": 0.14,
            "eps_growth_year": -30,
            "eps_4q": -0.61,
            "eps_4q_growth_year": -169.58,
            "roe": 0.71,
            "roe_4q": -4.81,
            "gross_profit": 1310670,
            "gross_margin": 11.79,
            "gross_margin_4q_avg": 8,
            "net_income": 205151,
            "revenue": 11114647,
            "common_shares": 17180905,
            "book_valuer_per_share": 15.09,
            "book_valuer_per_share_4q_avg": 15.45,
            "equity": 29070297,
            "current_ratio": 103.43,
            "debt_ratio": 62.87,
            "inventory_turnover_ratio": 1.59,
            "account_receivable_turnover_ratio": 4,
            "reinvestment_rate": 2194.56,
            "research_to_sale_ratio": 0.21,
            "price_fair": 20.48,
            "eps_avg_yearly": 0.59,
            "eps_latest_yearly": 0.8,
            "eps_growth_yearly": 123.4
        },
        "20162": {
            "year_quarter": 20162,
            "year": 2016,
            "quarter": 2,
            "eps": 0.6,
            "eps_growth_year": null,
            "eps_4q": 0.15,
            "eps_4q_growth_year": -70.48,
            "roe": 3.48,
            "roe_4q": -0.13000000000000034,
            "gross_profit": 2169515,
            "gross_margin": 16.67,
            "gross_margin_4q_avg": 10.66,
            "net_income": 1026910,
            "revenue": 13013318,
            "common_shares": 17180905,
            "book_valuer_per_share": 15.56,
            "book_valuer_per_share_4q_avg": 15.33,
            "equity": 29875443,
            "current_ratio": 100.2,
            "debt_ratio": 61.91,
            "inventory_turnover_ratio": 1.59,
            "account_receivable_turnover_ratio": 4.83,
            "reinvestment_rate": 905.84,
            "research_to_sale_ratio": 0.2,
            "price_fair": 27.53,
            "eps_avg_yearly": 0.79,
            "eps_latest_yearly": 2.4,
            "eps_growth_yearly": 255.72
        },
        "20163": {
            "year_quarter": 20163,
            "year": 2016,
            "quarter": 3,
            "eps": 0.31,
            "eps_growth_year": null,
            "eps_4q": 0.72,
            "eps_4q_growth_year": 2122.39,
            "roe": 1.66,
            "roe_4q": 3.4899999999999998,
            "gross_profit": 1729604,
            "gross_margin": 12.66,
            "gross_margin_4q_avg": 12.26,
            "net_income": 494296,
            "revenue": 13659964,
            "common_shares": 17180905,
            "book_valuer_per_share": 15.68,
            "book_valuer_per_share_4q_avg": 15.35,
            "equity": 29695769,
            "current_ratio": 102.77,
            "debt_ratio": 63.18,
            "inventory_turnover_ratio": 1.61,
            "account_receivable_turnover_ratio": 4.72,
            "reinvestment_rate": 620.92,
            "research_to_sale_ratio": 0.19,
            "price_fair": 29.12,
            "eps_avg_yearly": 0.83,
            "eps_latest_yearly": 1.24,
            "eps_growth_yearly": 210.82
        },
        "20164": {
            "year_quarter": 20164,
            "year": 2016,
            "quarter": 4,
            "eps": 0.4,
            "eps_growth_year": null,
            "eps_4q": 1.46,
            "eps_4q_growth_year": null,
            "roe": 2.18,
            "roe_4q": 8.030000000000001,
            "gross_profit": 1996570,
            "gross_margin": 13.26,
            "gross_margin_4q_avg": 13.6,
            "net_income": 652188,
            "revenue": 15059481,
            "common_shares": 17180905,
            "book_valuer_per_share": 16.03,
            "book_valuer_per_share_4q_avg": 15.59,
            "equity": 30243979,
            "current_ratio": 102.1,
            "debt_ratio": 63.13,
            "inventory_turnover_ratio": 1.63,
            "account_receivable_turnover_ratio": 4.29,
            "reinvestment_rate": 455.84,
            "research_to_sale_ratio": 0.18,
            "price_fair": 31.56,
            "eps_avg_yearly": 0.9,
            "eps_latest_yearly": 1.6,
            "eps_growth_yearly": 202.21
        },
        "20171": {
            "year_quarter": 20171,
            "year": 2017,
            "quarter": 1,
            "eps": 0.51,
            "eps_growth_year": 264.29,
            "eps_4q": 1.83,
            "eps_4q_growth_year": null,
            "roe": 2.92,
            "roe_4q": 10.24,
            "gross_profit": 2140309,
            "gross_margin": 11.53,
            "gross_margin_4q_avg": 13.53,
            "net_income": 875776,
            "revenue": 18558315,
            "common_shares": 17180905,
            "book_valuer_per_share": 16.17,
            "book_valuer_per_share_4q_avg": 15.86,
            "equity": 29639384,
            "current_ratio": 105.7,
            "debt_ratio": 64.86,
            "inventory_turnover_ratio": 1.85,
            "account_receivable_turnover_ratio": 4.5,
            "reinvestment_rate": 355.8,
            "research_to_sale_ratio": 0.13,
            "price_fair": 34.88,
            "eps_avg_yearly": 1,
            "eps_latest_yearly": 2.04,
            "eps_growth_yearly": 194.52
        },
        "20172": {
            "year_quarter": 20172,
            "year": 2017,
            "quarter": 2,
            "eps": 0.12,
            "eps_growth_year": -80,
            "eps_4q": 1.28,
            "eps_4q_growth_year": 767.6,
            "roe": 0.93,
            "roe_4q": 7.69,
            "gross_profit": 1291480,
            "gross_margin": 8.13,
            "gross_margin_4q_avg": 11.4,
            "net_income": 274573,
            "revenue": 15893468,
            "common_shares": 17180905,
            "book_valuer_per_share": 16.02,
            "book_valuer_per_share_4q_avg": 15.98,
            "equity": 29320414,
            "current_ratio": 95.87,
            "debt_ratio": 65.07,
            "inventory_turnover_ratio": 1.48,
            "account_receivable_turnover_ratio": 3.71,
            "reinvestment_rate": 366.6,
            "research_to_sale_ratio": 0.14,
            "price_fair": 35.47,
            "eps_avg_yearly": 1.01,
            "eps_latest_yearly": 0.48,
            "eps_growth_yearly": 192.65
        },
        "20173": {
            "year_quarter": 20173,
            "year": 2017,
            "quarter": 3,
            "eps": 0.11,
            "eps_growth_year": -64.52,
            "eps_4q": 1.09,
            "eps_4q_growth_year": 52.13,
            "roe": 0.52,
            "roe_4q": 6.550000000000001,
            "gross_profit": 1630862,
            "gross_margin": 8.64,
            "gross_margin_4q_avg": 10.39,
            "net_income": 153009,
            "revenue": 18868351,
            "common_shares": 18211760,
            "book_valuer_per_share": 15.27,
            "book_valuer_per_share_4q_avg": 15.87,
            "equity": 29636406,
            "current_ratio": 101.17,
            "debt_ratio": 64.93,
            "inventory_turnover_ratio": 1.78,
            "account_receivable_turnover_ratio": 4.54,
            "reinvestment_rate": 388.33,
            "research_to_sale_ratio": 0.13,
            "price_fair": 36.28,
            "eps_avg_yearly": 1.04,
            "eps_latest_yearly": 0.44,
            "eps_growth_yearly": 204.15
        },
        "20174": {
            "year_quarter": 20174,
            "year": 2017,
            "quarter": 4,
            "eps": 0.04,
            "eps_growth_year": -90.19,
            "eps_4q": 0.75,
            "eps_4q_growth_year": -48.44,
            "roe": 0.14,
            "roe_4q": 4.51,
            "gross_profit": 1236732,
            "gross_margin": 6.93,
            "gross_margin_4q_avg": 8.81,
            "net_income": 41952,
            "revenue": 17838528,
            "common_shares": 18211760,
            "book_valuer_per_share": 15.29,
            "book_valuer_per_share_4q_avg": 15.69,
            "equity": 29635861,
            "current_ratio": 100.9,
            "debt_ratio": 66.02,
            "inventory_turnover_ratio": 1.74,
            "account_receivable_turnover_ratio": 4.04,
            "reinvestment_rate": 424.31,
            "research_to_sale_ratio": 0.14,
            "price_fair": 35.35,
            "eps_avg_yearly": 1.01,
            "eps_latest_yearly": 0.16,
            "eps_growth_yearly": 116.27
        },
        "20181": {
            "year_quarter": 20181,
            "year": 2018,
            "quarter": 1,
            "eps": 0.03,
            "eps_growth_year": -94.12,
            "eps_4q": 0.3,
            "eps_4q_growth_year": -83.79,
            "roe": 0.18,
            "roe_4q": 1.77,
            "gross_profit": 1377756,
            "gross_margin": 7.32,
            "gross_margin_4q_avg": 7.76,
            "net_income": 54607,
            "revenue": 18820625,
            "common_shares": 18211760,
            "book_valuer_per_share": 15.42,
            "book_valuer_per_share_4q_avg": 15.5,
            "equity": 29896190,
            "current_ratio": 96.62,
            "debt_ratio": 65.63,
            "inventory_turnover_ratio": 1.73,
            "account_receivable_turnover_ratio": 4.24,
            "reinvestment_rate": 420.62,
            "research_to_sale_ratio": 0.14,
            "price_fair": 34.88,
            "eps_avg_yearly": 1,
            "eps_latest_yearly": 0.12,
            "eps_growth_yearly": 121.83
        },
        "20182": {
            "year_quarter": 20182,
            "year": 2018,
            "quarter": 2,
            "eps": 0.09,
            "eps_growth_year": -25,
            "eps_4q": 0.26,
            "eps_4q_growth_year": -79.39,
            "roe": 0.56,
            "roe_4q": 1.4,
            "gross_profit": 1253343,
            "gross_margin": 6.46,
            "gross_margin_4q_avg": 7.34,
            "net_income": 167367,
            "revenue": 19398494,
            "common_shares": 18211760,
            "book_valuer_per_share": 15.39,
            "book_valuer_per_share_4q_avg": 15.34,
            "equity": 29883799,
            "current_ratio": 103.95,
            "debt_ratio": 67.16,
            "inventory_turnover_ratio": 1.71,
            "account_receivable_turnover_ratio": 4.03,
            "reinvestment_rate": 435.65,
            "research_to_sale_ratio": 0.12,
            "price_fair": 33.48,
            "eps_avg_yearly": 0.96,
            "eps_latest_yearly": 0.36,
            "eps_growth_yearly": 121.83
        },
        "20183": {
            "year_quarter": 20183,
            "year": 2018,
            "quarter": 3,
            "eps": 0.35,
            "eps_growth_year": 218.18,
            "eps_4q": 0.51,
            "eps_4q_growth_year": -53.06,
            "roe": 2.21,
            "roe_4q": 3.0900000000000003,
            "gross_profit": 1432011,
            "gross_margin": 7.33,
            "gross_margin_4q_avg": 7.01,
            "net_income": 666534,
            "revenue": 19538454,
            "common_shares": 18758113,
            "book_valuer_per_share": 15.16,
            "book_valuer_per_share_4q_avg": 15.32,
            "equity": 30376795,
            "current_ratio": 104.63,
            "debt_ratio": 66.7,
            "inventory_turnover_ratio": 1.66,
            "account_receivable_turnover_ratio": 3.44,
            "reinvestment_rate": 304.53,
            "research_to_sale_ratio": 0.13,
            "price_fair": 35.23,
            "eps_avg_yearly": 1.01,
            "eps_latest_yearly": 1.4,
            "eps_growth_yearly": 219.71
        },
        "20184": {
            "year_quarter": 20184,
            "year": 2018,
            "quarter": 4,
            "eps": -0.31,
            "eps_growth_year": -883.06,
            "eps_4q": 0.16,
            "eps_4q_growth_year": -78.1,
            "roe": -2.08,
            "roe_4q": 0.8699999999999999,
            "gross_profit": 1848091,
            "gross_margin": 11.48,
            "gross_margin_4q_avg": 8.15,
            "net_income": -623564,
            "revenue": 16098616,
            "common_shares": 18758113,
            "book_valuer_per_share": 14.81,
            "book_valuer_per_share_4q_avg": 15.2,
            "equity": 29641632,
            "current_ratio": 93.56,
            "debt_ratio": 65.95,
            "inventory_turnover_ratio": 1.36,
            "account_receivable_turnover_ratio": 3,
            "reinvestment_rate": 347.5,
            "research_to_sale_ratio": 0.15,
            "price_fair": 35.13,
            "eps_avg_yearly": 1,
            "eps_latest_yearly": 1.4,
            "eps_growth_yearly": 228.78
        },
        "20191": {
            "year_quarter": 20191,
            "year": 2019,
            "quarter": 1,
            "eps": -0.29,
            "eps_growth_year": -1066.67,
            "eps_4q": -0.16,
            "eps_4q_growth_year": -153.43,
            "roe": -2.09,
            "roe_4q": -1.4,
            "gross_profit": 638006,
            "gross_margin": 4.2,
            "gross_margin_4q_avg": 7.37,
            "net_income": -614899,
            "revenue": 15181509,
            "common_shares": 18758113,
            "book_valuer_per_share": 14.67,
            "book_valuer_per_share_4q_avg": 15.01,
            "equity": 29332106,
            "current_ratio": 88.22,
            "debt_ratio": 67.17,
            "inventory_turnover_ratio": 1.51,
            "account_receivable_turnover_ratio": 3.33,
            "reinvestment_rate": 366.45,
            "research_to_sale_ratio": 0.15,
            "price_fair": 35.84,
            "eps_avg_yearly": 1.02,
            "eps_latest_yearly": 1.4,
            "eps_growth_yearly": 260.89
        },
        "20192": {
            "year_quarter": 20192,
            "year": 2019,
            "quarter": 2,
            "eps": -0.14,
            "eps_growth_year": -255.56,
            "eps_4q": -0.38,
            "eps_4q_growth_year": -245.08,
            "roe": -1.16,
            "roe_4q": -3.12,
            "gross_profit": 786178,
            "gross_margin": 5.27,
            "gross_margin_4q_avg": 7.07,
            "net_income": -336961,
            "revenue": 14904993,
            "common_shares": 18758113,
            "book_valuer_per_share": 14.37,
            "book_valuer_per_share_4q_avg": 14.75,
            "equity": 28712743,
            "current_ratio": 80.81,
            "debt_ratio": 67.32,
            "inventory_turnover_ratio": 1.54,
            "account_receivable_turnover_ratio": 3.73,
            "reinvestment_rate": 340.55,
            "research_to_sale_ratio": 0.15,
            "price_fair": 35.84,
            "eps_avg_yearly": 1.02,
            "eps_latest_yearly": 1.4,
            "eps_growth_yearly": 260.89
        },
        "20193": {
            "year_quarter": 20193,
            "year": 2019,
            "quarter": 3,
            "eps": -0.09,
            "eps_growth_year": -125.71,
            "eps_4q": -0.82,
            "eps_4q_growth_year": -259.76,
            "roe": -0.84,
            "roe_4q": -6.17,
            "gross_profit": 675159,
            "gross_margin": 4.33,
            "gross_margin_4q_avg": 6.32,
            "net_income": -238647,
            "revenue": 15592057,
            "common_shares": 19133275,
            "book_valuer_per_share": 13.87,
            "book_valuer_per_share_4q_avg": 14.43,
            "equity": 28233014,
            "current_ratio": 80.97,
            "debt_ratio": 66.91,
            "inventory_turnover_ratio": 1.68,
            "account_receivable_turnover_ratio": 4.13,
            "reinvestment_rate": 255.71,
            "research_to_sale_ratio": 0.15,
            "price_fair": 35.84,
            "eps_avg_yearly": 1.02,
            "eps_latest_yearly": 1.4,
            "eps_growth_yearly": 260.89
        },
        "20194": {
            "year_quarter": 20194,
            "year": 2019,
            "quarter": 4,
            "eps": -0.22,
            "eps_growth_year": null,
            "eps_4q": -0.73,
            "eps_4q_growth_year": -545.25,
            "roe": -1.83,
            "roe_4q": -5.92,
            "gross_profit": 449775,
            "gross_margin": 3.21,
            "gross_margin_4q_avg": 4.25,
            "net_income": -509778,
            "revenue": 14009038,
            "common_shares": 19133275,
            "book_valuer_per_share": 13.51,
            "book_valuer_per_share_4q_avg": 14.11,
            "equity": 27449920,
            "current_ratio": 75.73,
            "debt_ratio": 67.23,
            "inventory_turnover_ratio": 1.68,
            "account_receivable_turnover_ratio": 3.9,
            "reinvestment_rate": 177.4,
            "research_to_sale_ratio": 0.17,
            "price_fair": 35.84,
            "eps_avg_yearly": 1.02,
            "eps_latest_yearly": 1.4,
            "eps_growth_yearly": 260.89
        },
        "20201": {
            "year_quarter": 20201,
            "year": 2020,
            "quarter": 1,
            "eps": -0.16,
            "eps_growth_year": null,
            "eps_4q": -0.61,
            "eps_4q_growth_year": null,
            "roe": -1.49,
            "roe_4q": -5.32,
            "gross_profit": 896319,
            "gross_margin": 7.08,
            "gross_margin_4q_avg": 4.97,
            "net_income": -402674,
            "revenue": 12653193,
            "common_shares": 19133275,
            "book_valuer_per_share": 13.29,
            "book_valuer_per_share_4q_avg": 13.76,
            "equity": 26697638,
            "current_ratio": 81.86,
            "debt_ratio": 68.13,
            "inventory_turnover_ratio": 1.46,
            "account_receivable_turnover_ratio": 3.81,
            "reinvestment_rate": 210.08,
            "research_to_sale_ratio": 0.17,
            "price_fair": 35.84,
            "eps_avg_yearly": 1.02,
            "eps_latest_yearly": 1.4,
            "eps_growth_yearly": 260.89
        },
        "20202": {
            "year_quarter": 20202,
            "year": 2020,
            "quarter": 2,
            "eps": -0.28,
            "eps_growth_year": null,
            "eps_4q": -0.76,
            "eps_4q_growth_year": null,
            "roe": -2.21,
            "roe_4q": -6.37,
            "gross_profit": 802848,
            "gross_margin": 6.32,
            "gross_margin_4q_avg": 5.24,
            "net_income": -582796,
            "revenue": 12710651,
            "common_shares": 19133275,
            "book_valuer_per_share": 12.96,
            "book_valuer_per_share_4q_avg": 13.41,
            "equity": 25931932,
            "current_ratio": 73.81,
            "debt_ratio": 68.2,
            "inventory_turnover_ratio": 1.52,
            "account_receivable_turnover_ratio": 3.97,
            "reinvestment_rate": 543.84,
            "research_to_sale_ratio": 0.17,
            "price_fair": 30.49,
            "eps_avg_yearly": 0.87,
            "eps_latest_yearly": 1.4,
            "eps_growth_yearly": 143.84
        },
        "20203": {
            "year_quarter": 20203,
            "year": 2020,
            "quarter": 3,
            "eps": 0.61,
            "eps_growth_year": null,
            "eps_4q": -0.06,
            "eps_4q_growth_year": null,
            "roe": 4.18,
            "roe_4q": -1.3500000000000003,
            "gross_profit": 1208528,
            "gross_margin": 8.78,
            "gross_margin_4q_avg": 6.35,
            "net_income": 1107276,
            "revenue": 13769875,
            "common_shares": 18905695,
            "book_valuer_per_share": 13.6,
            "book_valuer_per_share_4q_avg": 13.34,
            "equity": 27104934,
            "current_ratio": 75.92,
            "debt_ratio": 66.96,
            "inventory_turnover_ratio": 1.65,
            "account_receivable_turnover_ratio": 4.76,
            "reinvestment_rate": 334.32,
            "research_to_sale_ratio": 0.17,
            "price_fair": 28.88,
            "eps_avg_yearly": 0.83,
            "eps_latest_yearly": 1.4,
            "eps_growth_yearly": 185.99
        },
        "20204": {
            "year_quarter": 20204,
            "year": 2020,
            "quarter": 4,
            "eps": 0.23,
            "eps_growth_year": null,
            "eps_4q": 0.39,
            "eps_4q_growth_year": null,
            "roe": 1.44,
            "roe_4q": 1.9199999999999993,
            "gross_profit": 1243322,
            "gross_margin": 7.63,
            "gross_margin_4q_avg": 7.45,
            "net_income": 395782,
            "revenue": 16288076,
            "common_shares": 18905695,
            "book_valuer_per_share": 14,
            "book_valuer_per_share_4q_avg": 13.46,
            "equity": 27831114,
            "current_ratio": 76.15,
            "debt_ratio": 66.88,
            "inventory_turnover_ratio": 1.83,
            "account_receivable_turnover_ratio": 6.12,
            "reinvestment_rate": 436.78,
            "research_to_sale_ratio": 0.16,
            "price_fair": 25.9,
            "eps_avg_yearly": 0.74,
            "eps_latest_yearly": 0.92,
            "eps_growth_yearly": 140.33
        },
        "20211": {
            "year_quarter": 20211,
            "year": 2021,
            "quarter": 1,
            "eps": 0.58,
            "eps_growth_year": null,
            "eps_4q": 1.14,
            "eps_4q_growth_year": null,
            "roe": 3.93,
            "roe_4q": 7.340000000000001,
            "gross_profit": 1994655,
            "gross_margin": 10.67,
            "gross_margin_4q_avg": 8.35,
            "net_income": 1113347,
            "revenue": 18690275,
            "common_shares": 18905695,
            "book_valuer_per_share": 14.54,
            "book_valuer_per_share_4q_avg": 13.78,
            "equity": 28843752,
            "current_ratio": 82.4,
            "debt_ratio": 66.47,
            "inventory_turnover_ratio": 1.74,
            "account_receivable_turnover_ratio": 7.05,
            "reinvestment_rate": 444.07,
            "research_to_sale_ratio": 0.14,
            "price_fair": 27.13,
            "eps_avg_yearly": 0.78,
            "eps_latest_yearly": 2.32,
            "eps_growth_yearly": 202.66
        },
        "20212": {
            "year_quarter": 20212,
            "year": 2021,
            "quarter": 2,
            "eps": 0.62,
            "eps_growth_year": null,
            "eps_4q": 2.04,
            "eps_4q_growth_year": null,
            "roe": 3.98,
            "roe_4q": 13.53,
            "gross_profit": 2725661,
            "gross_margin": 11.78,
            "gross_margin_4q_avg": 9.72,
            "net_income": 1176551,
            "revenue": 23129569,
            "common_shares": 18905695,
            "book_valuer_per_share": 15.29,
            "book_valuer_per_share_4q_avg": 14.36,
            "equity": 30291409,
            "current_ratio": 96.45,
            "debt_ratio": 66.87,
            "inventory_turnover_ratio": 1.75,
            "account_receivable_turnover_ratio": 6.99,
            "reinvestment_rate": 250.44,
            "research_to_sale_ratio": 0.11,
            "price_fair": 35.88,
            "eps_avg_yearly": 1.03,
            "eps_latest_yearly": 2.48,
            "eps_growth_yearly": 244.35
        },
        "20213": {
            "year_quarter": 20213,
            "year": 2021,
            "quarter": 3,
            "eps": 0.96,
            "eps_growth_year": 57.38,
            "eps_4q": 2.39,
            "eps_4q_growth_year": null,
            "roe": 5.87,
            "roe_4q": 15.219999999999999,
            "gross_profit": 3233021,
            "gross_margin": 13.27,
            "gross_margin_4q_avg": 10.84,
            "net_income": 1828540,
            "revenue": 24367250,
            "common_shares": 18905695,
            "book_valuer_per_share": 16.18,
            "book_valuer_per_share_4q_avg": 15,
            "equity": 32001452,
            "current_ratio": 94.33,
            "debt_ratio": 66.6,
            "inventory_turnover_ratio": 1.48,
            "account_receivable_turnover_ratio": 6.31,
            "reinvestment_rate": 145.74,
            "research_to_sale_ratio": 0.11,
            "price_fair": 50.75,
            "eps_avg_yearly": 1.45,
            "eps_latest_yearly": 3.84,
            "eps_growth_yearly": 275.93
        },
        "20214": {
            "year_quarter": 20214,
            "year": 2021,
            "quarter": 4,
            "eps": 0.59,
            "eps_growth_year": 159.57,
            "eps_4q": 2.75,
            "eps_4q_growth_year": 607.64,
            "roe": 3.4,
            "roe_4q": 17.18,
            "gross_profit": 2947816,
            "gross_margin": 12.35,
            "gross_margin_4q_avg": 12.02,
            "net_income": 1102015,
            "revenue": 23859559,
            "common_shares": 18905695,
            "book_valuer_per_share": 16.66,
            "book_valuer_per_share_4q_avg": 15.67,
            "equity": 32895625,
            "current_ratio": 98.02,
            "debt_ratio": 65.42,
            "inventory_turnover_ratio": 1.4,
            "account_receivable_turnover_ratio": 7.18,
            "reinvestment_rate": 101.9,
            "research_to_sale_ratio": 0.1,
            "price_fair": 60.38,
            "eps_avg_yearly": 1.73,
            "eps_latest_yearly": 2.36,
            "eps_growth_yearly": 288.48
        },
        "20221": {
            "year_quarter": 20221,
            "year": 2022,
            "quarter": 1,
            "eps": 0.6,
            "eps_growth_year": 3.45,
            "eps_4q": 2.77,
            "eps_4q_growth_year": 143.15,
            "roe": 3.34,
            "roe_4q": 16.59,
            "gross_profit": 2994693,
            "gross_margin": 12.94,
            "gross_margin_4q_avg": 12.59,
            "net_income": 1124685,
            "revenue": 23148159,
            "common_shares": 18905695,
            "book_valuer_per_share": 17.5,
            "book_valuer_per_share_4q_avg": 16.41,
            "equity": 34521473,
            "current_ratio": 104.82,
            "debt_ratio": 64,
            "inventory_turnover_ratio": 1.5,
            "account_receivable_turnover_ratio": 8,
            "reinvestment_rate": 96.67,
            "research_to_sale_ratio": 0.12,
            "price_fair": 70.35,
            "eps_avg_yearly": 2.01,
            "eps_latest_yearly": 2.4,
            "eps_growth_yearly": 301.83
        },
        "20222": {
            "year_quarter": 20222,
            "year": 2022,
            "quarter": 2,
            "eps": 0.22,
            "eps_growth_year": -64.52,
            "eps_4q": 2.26,
            "eps_4q_growth_year": 11.02,
            "roe": 1.08,
            "roe_4q": 13.690000000000001,
            "gross_profit": 2692557,
            "gross_margin": 11.72,
            "gross_margin_4q_avg": 12.57,
            "net_income": 367564,
            "revenue": 22967005,
            "common_shares": 18905695,
            "book_valuer_per_share": 17.08,
            "book_valuer_per_share_4q_avg": 16.86,
            "equity": 33682495,
            "current_ratio": 103.89,
            "debt_ratio": 65.55,
            "inventory_turnover_ratio": 1.48,
            "account_receivable_turnover_ratio": 7.95,
            "reinvestment_rate": 78.3,
            "research_to_sale_ratio": 0.13,
            "price_fair": 72.63,
            "eps_avg_yearly": 2.08,
            "eps_latest_yearly": 0.88,
            "eps_growth_yearly": 170.16
        },
        "20223": {
            "year_quarter": 20223,
            "year": 2022,
            "quarter": 3,
            "eps": -0.19,
            "eps_growth_year": -119.79,
            "eps_4q": 1.15,
            "eps_4q_growth_year": -51.7,
            "roe": -1.48,
            "roe_4q": 6.34,
            "gross_profit": 1842006,
            "gross_margin": 9.04,
            "gross_margin_4q_avg": 11.51,
            "net_income": -495952,
            "revenue": 20377992,
            "common_shares": 19850980,
            "book_valuer_per_share": 16.22,
            "book_valuer_per_share_4q_avg": 16.87,
            "equity": 33525463,
            "current_ratio": 110.8,
            "debt_ratio": 64.95,
            "inventory_turnover_ratio": 1.39,
            "account_receivable_turnover_ratio": 6.53,
            "reinvestment_rate": 115.06,
            "research_to_sale_ratio": 0.15,
            "price_fair": 76,
            "eps_avg_yearly": 2.17,
            "eps_latest_yearly": 0.88,
            "eps_growth_yearly": 29.39
        },
        "20224": {
            "year_quarter": 20224,
            "year": 2022,
            "quarter": 4,
            "eps": -0.19,
            "eps_growth_year": -131.57,
            "eps_4q": 0.41,
            "eps_4q_growth_year": -85.11,
            "roe": -1.43,
            "roe_4q": 1.5099999999999998,
            "gross_profit": 1614829,
            "gross_margin": 9.4,
            "gross_margin_4q_avg": 10.78,
            "net_income": -474192,
            "revenue": 17182707,
            "common_shares": 19850980,
            "book_valuer_per_share": 15.98,
            "book_valuer_per_share_4q_avg": 16.7,
            "equity": 32792103,
            "current_ratio": 108.58,
            "debt_ratio": 64.8,
            "inventory_turnover_ratio": 1.42,
            "account_receivable_turnover_ratio": 5.03,
            "reinvestment_rate": 79.79,
            "research_to_sale_ratio": 0.16,
            "price_fair": 76,
            "eps_avg_yearly": 2.17,
            "eps_latest_yearly": 0.88,
            "eps_growth_yearly": 29.39
        },
        "20231": {
            "year_quarter": 20231,
            "year": 2023,
            "quarter": 1,
            "eps": 0.01,
            "eps_growth_year": -98.33,
            "eps_4q": -0.16,
            "eps_4q_growth_year": -105.73,
            "roe": -0.1,
            "roe_4q": -1.9299999999999997,
            "gross_profit": 1570941,
            "gross_margin": 8.94,
            "gross_margin_4q_avg": 9.78,
            "net_income": -31872,
            "revenue": 17569137,
            "common_shares": 19758650,
            "book_valuer_per_share": 16.04,
            "book_valuer_per_share_4q_avg": 16.33,
            "equity": 32870625,
            "current_ratio": 113.31,
            "debt_ratio": 65.27,
            "inventory_turnover_ratio": 1.53,
            "account_receivable_turnover_ratio": 5.28,
            "reinvestment_rate": 52.7,
            "research_to_sale_ratio": 0.17,
            "price_fair": 76,
            "eps_avg_yearly": 2.17,
            "eps_latest_yearly": 0.88,
            "eps_growth_yearly": 29.39
        },
        "20232": {
            "year_quarter": 20232,
            "year": 2023,
            "quarter": 2,
            "eps": -0.08,
            "eps_growth_year": -136.36,
            "eps_4q": -0.45,
            "eps_4q_growth_year": -120.01,
            "roe": -0.84,
            "roe_4q": -3.85,
            "gross_profit": 1673398,
            "gross_margin": 9.09,
            "gross_margin_4q_avg": 9.12,
            "net_income": -271621,
            "revenue": 18406557,
            "common_shares": 19758650,
            "book_valuer_per_share": 15.61,
            "book_valuer_per_share_4q_avg": 15.96,
            "equity": 31761147,
            "current_ratio": 120.37,
            "debt_ratio": 65.79,
            "inventory_turnover_ratio": 1.55,
            "account_receivable_turnover_ratio": 6.01,
            "reinvestment_rate": 35.6,
            "research_to_sale_ratio": 0.18,
            "price_fair": 76,
            "eps_avg_yearly": 2.17,
            "eps_latest_yearly": 0.88,
            "eps_growth_yearly": 29.39
        }
    },
    "months": {
        "2001-06": {
            "month": "2001-06",
            "price": "4.87",
            "revenue": 1528565
        },
        "2001-07": {
            "month": "2001-07",
            "price": "3.62",
            "revenue": 1506063
        },
        "2001-08": {
            "month": "2001-08",
            "price": "4.00",
            "revenue": 1462898
        },
        "2001-09": {
            "month": "2001-09",
            "price": "3.40",
            "revenue": 1397636
        },
        "2001-10": {
            "month": "2001-10",
            "price": "2.91",
            "revenue": 1584025
        },
        "2001-11": {
            "month": "2001-11",
            "price": "2.45",
            "revenue": 1503814
        },
        "2001-12": {
            "month": "2001-12",
            "price": "2.99",
            "revenue": 1543565
        },
        "2002-01": {
            "month": "2002-01",
            "price": "4.03",
            "revenue": 1543678
        },
        "2002-02": {
            "month": "2002-02",
            "price": "5.37",
            "revenue": 1456118
        },
        "2002-03": {
            "month": "2002-03",
            "price": "6.04",
            "revenue": 1474896
        },
        "2002-04": {
            "month": "2002-04",
            "price": "6.67",
            "revenue": 1595135
        },
        "2002-05": {
            "month": "2002-05",
            "price": "8.26",
            "revenue": 1623574
        },
        "2002-06": {
            "month": "2002-06",
            "price": "10.64",
            "revenue": 1682776
        },
        "2002-07": {
            "month": "2002-07",
            "price": "12.51",
            "revenue": 1847771
        },
        "2002-08": {
            "month": "2002-08",
            "price": "12.32",
            "revenue": 1876745
        },
        "2002-09": {
            "month": "2002-09",
            "price": "11.40",
            "revenue": 1874778
        },
        "2002-10": {
            "month": "2002-10",
            "price": "14.33",
            "revenue": 1965397
        },
        "2002-11": {
            "month": "2002-11",
            "price": "20.30",
            "revenue": 2147679
        },
        "2002-12": {
            "month": "2002-12",
            "price": "22.39",
            "revenue": 2192434
        },
        "2003-01": {
            "month": "2003-01",
            "price": "32.46",
            "revenue": 2185837
        },
        "2003-02": {
            "month": "2003-02",
            "price": "32.41",
            "revenue": 2172713
        },
        "2003-03": {
            "month": "2003-03",
            "price": "24.85",
            "revenue": 2307729
        },
        "2003-04": {
            "month": "2003-04",
            "price": "23.14",
            "revenue": 2140168
        },
        "2003-05": {
            "month": "2003-05",
            "price": "21.34",
            "revenue": 2162729
        },
        "2003-06": {
            "month": "2003-06",
            "price": "26.76",
            "revenue": 2062286
        },
        "2003-07": {
            "month": "2003-07",
            "price": "31.73",
            "revenue": 2381374
        },
        "2003-08": {
            "month": "2003-08",
            "price": "30.79",
            "revenue": 2422928
        },
        "2003-09": {
            "month": "2003-09",
            "price": "25.55",
            "revenue": 2461742
        },
        "2003-10": {
            "month": "2003-10",
            "price": "25.33",
            "revenue": 2364575
        },
        "2003-11": {
            "month": "2003-11",
            "price": "23.58",
            "revenue": 2303452
        },
        "2003-12": {
            "month": "2003-12",
            "price": "23.37",
            "revenue": 2435362
        },
        "2004-01": {
            "month": "2004-01",
            "price": "27.77",
            "revenue": 2428212
        },
        "2004-02": {
            "month": "2004-02",
            "price": "28.94",
            "revenue": 2679964
        },
        "2004-03": {
            "month": "2004-03",
            "price": "30.46",
            "revenue": 2711690
        },
        "2004-04": {
            "month": "2004-04",
            "price": "27.37",
            "revenue": 2730357
        },
        "2004-05": {
            "month": "2004-05",
            "price": "20.80",
            "revenue": 2707342
        },
        "2004-06": {
            "month": "2004-06",
            "price": "21.51",
            "revenue": 2651384
        },
        "2004-07": {
            "month": "2004-07",
            "price": "21.72",
            "revenue": 3252960
        },
        "2004-08": {
            "month": "2004-08",
            "price": "20.86",
            "revenue": 3325348
        },
        "2004-09": {
            "month": "2004-09",
            "price": "26.70",
            "revenue": 3026440
        },
        "2004-10": {
            "month": "2004-10",
            "price": "25.60",
            "revenue": 3255172
        },
        "2004-11": {
            "month": "2004-11",
            "price": "22.14",
            "revenue": 3147782
        },
        "2004-12": {
            "month": "2004-12",
            "price": "23.63",
            "revenue": 3185715
        },
        "2005-01": {
            "month": "2005-01",
            "price": "22.56",
            "revenue": 3103665
        },
        "2005-02": {
            "month": "2005-02",
            "price": "22.33",
            "revenue": 2833130
        },
        "2005-03": {
            "month": "2005-03",
            "price": "20.69",
            "revenue": 3419369
        },
        "2005-04": {
            "month": "2005-04",
            "price": "17.68",
            "revenue": 3143757
        },
        "2005-05": {
            "month": "2005-05",
            "price": "16.36",
            "revenue": 2953689
        },
        "2005-06": {
            "month": "2005-06",
            "price": "17.01",
            "revenue": 2949009
        },
        "2005-07": {
            "month": "2005-07",
            "price": "16.17",
            "revenue": 2666678
        },
        "2005-08": {
            "month": "2005-08",
            "price": "13.92",
            "revenue": 2790334
        },
        "2005-09": {
            "month": "2005-09",
            "price": "14.75",
            "revenue": 2841587
        },
        "2005-10": {
            "month": "2005-10",
            "price": "12.03",
            "revenue": 2879865
        },
        "2005-11": {
            "month": "2005-11",
            "price": "11.21",
            "revenue": 3135208
        },
        "2005-12": {
            "month": "2005-12",
            "price": "11.35",
            "revenue": 3031158
        },
        "2006-01": {
            "month": "2006-01",
            "price": "11.07",
            "revenue": 2378624
        },
        "2006-02": {
            "month": "2006-02",
            "price": "13.02",
            "revenue": 2094482
        },
        "2006-03": {
            "month": "2006-03",
            "price": "13.30",
            "revenue": 2833543
        },
        "2006-04": {
            "month": "2006-04",
            "price": "15.53",
            "revenue": 2776049
        },
        "2006-05": {
            "month": "2006-05",
            "price": "13.80",
            "revenue": 2750079
        },
        "2006-06": {
            "month": "2006-06",
            "price": "11.88",
            "revenue": 3071626
        },
        "2006-07": {
            "month": "2006-07",
            "price": "12.61",
            "revenue": 2817431
        },
        "2006-08": {
            "month": "2006-08",
            "price": "12.25",
            "revenue": 3218022
        },
        "2006-09": {
            "month": "2006-09",
            "price": "12.29",
            "revenue": 3350056
        },
        "2006-10": {
            "month": "2006-10",
            "price": "13.44",
            "revenue": 3493616
        },
        "2006-11": {
            "month": "2006-11",
            "price": "14.19",
            "revenue": 3757690
        },
        "2006-12": {
            "month": "2006-12",
            "price": "14.49",
            "revenue": 3076777
        },
        "2007-01": {
            "month": "2007-01",
            "price": "13.97",
            "revenue": 3378939
        },
        "2007-02": {
            "month": "2007-02",
            "price": "13.84",
            "revenue": 2984381
        },
        "2007-03": {
            "month": "2007-03",
            "price": "13.31",
            "revenue": 4062741
        },
        "2007-04": {
            "month": "2007-04",
            "price": "14.92",
            "revenue": 3308532
        },
        "2007-05": {
            "month": "2007-05",
            "price": "14.54",
            "revenue": 3123467
        },
        "2007-06": {
            "month": "2007-06",
            "price": "14.54",
            "revenue": 3262846
        },
        "2007-07": {
            "month": "2007-07",
            "price": "16.17",
            "revenue": 3052350
        },
        "2007-08": {
            "month": "2007-08",
            "price": "14.11",
            "revenue": 3304224
        },
        "2007-09": {
            "month": "2007-09",
            "price": "14.64",
            "revenue": 3178290
        },
        "2007-10": {
            "month": "2007-10",
            "price": "14.70",
            "revenue": 3206096
        },
        "2007-11": {
            "month": "2007-11",
            "price": "12.98",
            "revenue": 3079628
        },
        "2007-12": {
            "month": "2007-12",
            "price": "11.96",
            "revenue": 3186328
        },
        "2008-01": {
            "month": "2008-01",
            "price": "11.78",
            "revenue": 3219365
        },
        "2008-02": {
            "month": "2008-02",
            "price": "12.45",
            "revenue": 2856359
        },
        "2008-03": {
            "month": "2008-03",
            "price": "14.01",
            "revenue": 3277774
        },
        "2008-04": {
            "month": "2008-04",
            "price": "14.49",
            "revenue": 3574666
        },
        "2008-05": {
            "month": "2008-05",
            "price": "15.92",
            "revenue": 3509339
        },
        "2008-06": {
            "month": "2008-06",
            "price": "15.28",
            "revenue": 3616922
        },
        "2008-07": {
            "month": "2008-07",
            "price": "14.83",
            "revenue": 4004350
        },
        "2008-08": {
            "month": "2008-08",
            "price": "12.61",
            "revenue": 3882923
        },
        "2008-09": {
            "month": "2008-09",
            "price": "11.59",
            "revenue": 3602799
        },
        "2008-10": {
            "month": "2008-10",
            "price": "10.04",
            "revenue": 3146436
        },
        "2008-11": {
            "month": "2008-11",
            "price": "9.10",
            "revenue": 2929743
        },
        "2008-12": {
            "month": "2008-12",
            "price": "8.93",
            "revenue": 1874671
        },
        "2009-01": {
            "month": "2009-01",
            "price": "9.18",
            "revenue": 2054747
        },
        "2009-02": {
            "month": "2009-02",
            "price": "9.03",
            "revenue": 1674543
        },
        "2009-03": {
            "month": "2009-03",
            "price": "9.47",
            "revenue": 2149732
        },
        "2009-04": {
            "month": "2009-04",
            "price": "10.60",
            "revenue": 1944859
        },
        "2009-05": {
            "month": "2009-05",
            "price": "12.08",
            "revenue": 1777864
        },
        "2009-06": {
            "month": "2009-06",
            "price": "12.50",
            "revenue": 2016406
        },
        "2009-07": {
            "month": "2009-07",
            "price": "12.43",
            "revenue": 2492224
        },
        "2009-08": {
            "month": "2009-08",
            "price": "12.97",
            "revenue": 2448361
        },
        "2009-09": {
            "month": "2009-09",
            "price": "11.92",
            "revenue": 2176799
        },
        "2009-10": {
            "month": "2009-10",
            "price": "11.56",
            "revenue": 2560064
        },
        "2009-11": {
            "month": "2009-11",
            "price": "11.47",
            "revenue": 2547396
        },
        "2009-12": {
            "month": "2009-12",
            "price": "12.07",
            "revenue": 2698025
        },
        "2010-01": {
            "month": "2010-01",
            "price": "13.16",
            "revenue": 2805782
        },
        "2010-02": {
            "month": "2010-02",
            "price": "11.73",
            "revenue": 2574678
        },
        "2010-03": {
            "month": "2010-03",
            "price": "12.43",
            "revenue": 2955889
        },
        "2010-04": {
            "month": "2010-04",
            "price": "12.85",
            "revenue": 3065865
        },
        "2010-05": {
            "month": "2010-05",
            "price": "11.71",
            "revenue": 2979886
        },
        "2010-06": {
            "month": "2010-06",
            "price": "11.44",
            "revenue": 3312730
        },
        "2010-07": {
            "month": "2010-07",
            "price": "11.83",
            "revenue": 2595862
        },
        "2010-08": {
            "month": "2010-08",
            "price": "12.14",
            "revenue": 2503573
        },
        "2010-09": {
            "month": "2010-09",
            "price": "11.93",
            "revenue": 2602892
        },
        "2010-10": {
            "month": "2010-10",
            "price": "11.25",
            "revenue": 2418942
        },
        "2010-11": {
            "month": "2010-11",
            "price": "10.86",
            "revenue": 2583705
        },
        "2010-12": {
            "month": "2010-12",
            "price": "11.08",
            "revenue": 2734867
        },
        "2011-01": {
            "month": "2011-01",
            "price": "11.75",
            "revenue": 2913671
        },
        "2011-02": {
            "month": "2011-02",
            "price": "11.41",
            "revenue": 2775890
        },
        "2011-03": {
            "month": "2011-03",
            "price": "11.00",
            "revenue": 3066550
        },
        "2011-04": {
            "month": "2011-04",
            "price": "11.12",
            "revenue": 3248157
        },
        "2011-05": {
            "month": "2011-05",
            "price": "11.13",
            "revenue": 2553711
        },
        "2011-06": {
            "month": "2011-06",
            "price": "11.22",
            "revenue": 2628955
        },
        "2011-07": {
            "month": "2011-07",
            "price": "11.51",
            "revenue": 2605249
        },
        "2011-08": {
            "month": "2011-08",
            "price": "11.07",
            "revenue": 2465431
        },
        "2011-09": {
            "month": "2011-09",
            "price": "10.62",
            "revenue": 2765832
        },
        "2011-10": {
            "month": "2011-10",
            "price": "10.16",
            "revenue": 2819751
        },
        "2011-11": {
            "month": "2011-11",
            "price": "10.01",
            "revenue": 2502711
        },
        "2011-12": {
            "month": "2011-12",
            "price": "9.94",
            "revenue": 2523507
        },
        "2012-01": {
            "month": "2012-01",
            "price": "9.93",
            "revenue": 2112760
        },
        "2012-02": {
            "month": "2012-02",
            "price": "10.93",
            "revenue": 2529702
        },
        "2012-03": {
            "month": "2012-03",
            "price": "11.38",
            "revenue": 2468881
        },
        "2012-04": {
            "month": "2012-04",
            "price": "10.10",
            "revenue": 2425521
        },
        "2012-05": {
            "month": "2012-05",
            "price": "9.55",
            "revenue": 2440386
        },
        "2012-06": {
            "month": "2012-06",
            "price": "9.07",
            "revenue": 2323312
        },
        "2012-07": {
            "month": "2012-07",
            "price": "8.98",
            "revenue": 2172679
        },
        "2012-08": {
            "month": "2012-08",
            "price": "9.10",
            "revenue": 2250360
        },
        "2012-09": {
            "month": "2012-09",
            "price": "9.22",
            "revenue": 2170135
        },
        "2012-10": {
            "month": "2012-10",
            "price": "8.63",
            "revenue": 2147010
        },
        "2012-11": {
            "month": "2012-11",
            "price": "8.40",
            "revenue": 2308008
        },
        "2012-12": {
            "month": "2012-12",
            "price": "8.85",
            "revenue": 2293568
        },
        "2013-01": {
            "month": "2013-01",
            "price": "9.65",
            "revenue": 4819100
        },
        "2013-02": {
            "month": "2013-02",
            "price": "9.40",
            "revenue": 4359225
        },
        "2013-03": {
            "month": "2013-03",
            "price": "8.89",
            "revenue": 4675601
        },
        "2013-04": {
            "month": "2013-04",
            "price": "8.21",
            "revenue": 4531507
        },
        "2013-05": {
            "month": "2013-05",
            "price": "8.70",
            "revenue": 4517997
        },
        "2013-06": {
            "month": "2013-06",
            "price": "8.51",
            "revenue": 4352297
        },
        "2013-07": {
            "month": "2013-07",
            "price": "8.57",
            "revenue": 4348229
        },
        "2013-08": {
            "month": "2013-08",
            "price": "9.41",
            "revenue": 4712175
        },
        "2013-09": {
            "month": "2013-09",
            "price": "9.68",
            "revenue": 4444405
        },
        "2013-10": {
            "month": "2013-10",
            "price": "9.35",
            "revenue": 4645594
        },
        "2013-11": {
            "month": "2013-11",
            "price": "8.86",
            "revenue": 4537891
        },
        "2013-12": {
            "month": "2013-12",
            "price": "9.24",
            "revenue": 4914797
        },
        "2014-01": {
            "month": "2014-01",
            "price": "9.73",
            "revenue": 4724808
        },
        "2014-02": {
            "month": "2014-02",
            "price": "9.54",
            "revenue": 4991970
        },
        "2014-03": {
            "month": "2014-03",
            "price": "9.41",
            "revenue": 5022512
        },
        "2014-04": {
            "month": "2014-04",
            "price": "9.68",
            "revenue": 4793844
        },
        "2014-05": {
            "month": "2014-05",
            "price": "9.37",
            "revenue": 5200580
        },
        "2014-06": {
            "month": "2014-06",
            "price": "9.44",
            "revenue": 5034570
        },
        "2014-07": {
            "month": "2014-07",
            "price": "9.54",
            "revenue": 5130104
        },
        "2014-08": {
            "month": "2014-08",
            "price": "9.89",
            "revenue": 5249636
        },
        "2014-09": {
            "month": "2014-09",
            "price": "9.42",
            "revenue": 5099377
        },
        "2014-10": {
            "month": "2014-10",
            "price": "8.85",
            "revenue": 5301544
        },
        "2014-11": {
            "month": "2014-11",
            "price": "8.82",
            "revenue": 4934156
        },
        "2014-12": {
            "month": "2014-12",
            "price": "8.93",
            "revenue": 5083999
        },
        "2015-01": {
            "month": "2015-01",
            "price": "9.09",
            "revenue": 4964827
        },
        "2015-02": {
            "month": "2015-02",
            "price": "9.28",
            "revenue": 4005616
        },
        "2015-03": {
            "month": "2015-03",
            "price": "9.28",
            "revenue": 5018461
        },
        "2015-04": {
            "month": "2015-04",
            "price": "9.52",
            "revenue": 4559876
        },
        "2015-05": {
            "month": "2015-05",
            "price": "9.30",
            "revenue": 4276985
        },
        "2015-06": {
            "month": "2015-06",
            "price": "8.85",
            "revenue": 4331618
        },
        "2015-07": {
            "month": "2015-07",
            "price": "8.29",
            "revenue": 4205462
        },
        "2015-08": {
            "month": "2015-08",
            "price": "7.90",
            "revenue": 4095138
        },
        "2015-09": {
            "month": "2015-09",
            "price": "7.55",
            "revenue": 4034673
        },
        "2015-10": {
            "month": "2015-10",
            "price": "7.63",
            "revenue": 3469573
        },
        "2015-11": {
            "month": "2015-11",
            "price": "7.62",
            "revenue": 3289709
        },
        "2015-12": {
            "month": "2015-12",
            "price": "7.16",
            "revenue": 3532977
        },
        "2016-01": {
            "month": "2016-01",
            "price": "7.20",
            "revenue": 3589947
        },
        "2016-02": {
            "month": "2016-02",
            "price": "7.64",
            "revenue": 3101603
        },
        "2016-03": {
            "month": "2016-03",
            "price": "8.16",
            "revenue": 4446762
        },
        "2016-04": {
            "month": "2016-04",
            "price": "8.33",
            "revenue": 4276416
        },
        "2016-05": {
            "month": "2016-05",
            "price": "7.96",
            "revenue": 4413121
        },
        "2016-06": {
            "month": "2016-06",
            "price": "7.97",
            "revenue": 4300121
        },
        "2016-07": {
            "month": "2016-07",
            "price": "8.16",
            "revenue": 4462984
        },
        "2016-08": {
            "month": "2016-08",
            "price": "9.26",
            "revenue": 4926116
        },
        "2016-09": {
            "month": "2016-09",
            "price": "10.42",
            "revenue": 4270695
        },
        "2016-10": {
            "month": "2016-10",
            "price": "11.16",
            "revenue": 4761386
        },
        "2016-11": {
            "month": "2016-11",
            "price": "12.41",
            "revenue": 4898151
        },
        "2016-12": {
            "month": "2016-12",
            "price": "11.56",
            "revenue": 5399964
        },
        "2017-01": {
            "month": "2017-01",
            "price": "11.79",
            "revenue": 6393019
        },
        "2017-02": {
            "month": "2017-02",
            "price": "13.88",
            "revenue": 6067541
        },
        "2017-03": {
            "month": "2017-03",
            "price": "14.27",
            "revenue": 6090065
        },
        "2017-04": {
            "month": "2017-04",
            "price": "12.73",
            "revenue": 5189906
        },
        "2017-05": {
            "month": "2017-05",
            "price": "12.44",
            "revenue": 5551771
        },
        "2017-06": {
            "month": "2017-06",
            "price": "12.65",
            "revenue": 5106585
        },
        "2017-07": {
            "month": "2017-07",
            "price": "13.32",
            "revenue": 6079747
        },
        "2017-08": {
            "month": "2017-08",
            "price": "13.25",
            "revenue": 6522523
        },
        "2017-09": {
            "month": "2017-09",
            "price": "11.92",
            "revenue": 6296415
        },
        "2017-10": {
            "month": "2017-10",
            "price": "11.52",
            "revenue": 6278227
        },
        "2017-11": {
            "month": "2017-11",
            "price": "11.32",
            "revenue": 5912436
        },
        "2017-12": {
            "month": "2017-12",
            "price": "11.46",
            "revenue": 5601111
        },
        "2018-01": {
            "month": "2018-01",
            "price": "11.93",
            "revenue": 6598895
        },
        "2018-02": {
            "month": "2018-02",
            "price": "11.26",
            "revenue": 5656786
        },
        "2018-03": {
            "month": "2018-03",
            "price": "10.98",
            "revenue": 6560440
        },
        "2018-04": {
            "month": "2018-04",
            "price": "10.52",
            "revenue": 5772964
        },
        "2018-05": {
            "month": "2018-05",
            "price": "10.24",
            "revenue": 6566692
        },
        "2018-06": {
            "month": "2018-06",
            "price": "10.42",
            "revenue": 6976479
        },
        "2018-07": {
            "month": "2018-07",
            "price": "10.49",
            "revenue": 6796754
        },
        "2018-08": {
            "month": "2018-08",
            "price": "10.41",
            "revenue": 6283913
        },
        "2018-09": {
            "month": "2018-09",
            "price": "10.24",
            "revenue": 6546616
        },
        "2018-10": {
            "month": "2018-10",
            "price": "9.77",
            "revenue": 5637586
        },
        "2018-11": {
            "month": "2018-11",
            "price": "9.83",
            "revenue": 5153446
        },
        "2018-12": {
            "month": "2018-12",
            "price": "10.34",
            "revenue": 5083121
        },
        "2019-01": {
            "month": "2019-01",
            "price": "9.97",
            "revenue": 4547372
        },
        "2019-02": {
            "month": "2019-02",
            "price": "10.01",
            "revenue": 5034644
        },
        "2019-03": {
            "month": "2019-03",
            "price": "10.06",
            "revenue": 5589016
        },
        "2019-04": {
            "month": "2019-04",
            "price": "9.59",
            "revenue": 5193871
        },
        "2019-05": {
            "month": "2019-05",
            "price": "9.32",
            "revenue": 5298673
        },
        "2019-06": {
            "month": "2019-06",
            "price": "9.20",
            "revenue": 4424635
        },
        "2019-07": {
            "month": "2019-07",
            "price": "9.16",
            "revenue": 5364931
        },
        "2019-08": {
            "month": "2019-08",
            "price": "9.05",
            "revenue": 5239566
        },
        "2019-09": {
            "month": "2019-09",
            "price": "9.19",
            "revenue": 4991442
        },
        "2019-10": {
            "month": "2019-10",
            "price": "9.15",
            "revenue": 4560181
        },
        "2019-11": {
            "month": "2019-11",
            "price": "9.19",
            "revenue": 4359246
        },
        "2019-12": {
            "month": "2019-12",
            "price": "9.20",
            "revenue": 5080454
        },
        "2020-01": {
            "month": "2020-01",
            "price": "9.21",
            "revenue": 3741294
        },
        "2020-02": {
            "month": "2020-02",
            "price": "9.17",
            "revenue": 3624072
        },
        "2020-03": {
            "month": "2020-03",
            "price": "8.40",
            "revenue": 5287800
        },
        "2020-04": {
            "month": "2020-04",
            "price": "8.54",
            "revenue": 4172393
        },
        "2020-05": {
            "month": "2020-05",
            "price": "8.47",
            "revenue": 4193667
        },
        "2020-06": {
            "month": "2020-06",
            "price": "8.66",
            "revenue": 4344540
        },
        "2020-07": {
            "month": "2020-07",
            "price": "8.59",
            "revenue": 4079373
        },
        "2020-08": {
            "month": "2020-08",
            "price": "8.91",
            "revenue": 4781153
        },
        "2020-09": {
            "month": "2020-09",
            "price": "10.24",
            "revenue": 4909104
        },
        "2020-10": {
            "month": "2020-10",
            "price": "10.33",
            "revenue": 5376577
        },
        "2020-11": {
            "month": "2020-11",
            "price": "10.74",
            "revenue": 5564557
        },
        "2020-12": {
            "month": "2020-12",
            "price": "12.80",
            "revenue": 5320805
        },
        "2021-01": {
            "month": "2021-01",
            "price": "12.49",
            "revenue": 6226039
        },
        "2021-02": {
            "month": "2021-02",
            "price": "12.39",
            "revenue": 5718626
        },
        "2021-03": {
            "month": "2021-03",
            "price": "13.31",
            "revenue": 6732701
        },
        "2021-04": {
            "month": "2021-04",
            "price": "17.90",
            "revenue": 7040344
        },
        "2021-05": {
            "month": "2021-05",
            "price": "22.00",
            "revenue": 7556716
        },
        "2021-06": {
            "month": "2021-06",
            "price": "24.58",
            "revenue": 8508687
        },
        "2021-07": {
            "month": "2021-07",
            "price": "36.14",
            "revenue": 8464226
        },
        "2021-08": {
            "month": "2021-08",
            "price": "32.62",
            "revenue": 7965598
        },
        "2021-09": {
            "month": "2021-09",
            "price": "30.27",
            "revenue": 7971658
        },
        "2021-10": {
            "month": "2021-10",
            "price": "26.04",
            "revenue": 7611947
        },
        "2021-11": {
            "month": "2021-11",
            "price": "24.93",
            "revenue": 8011239
        },
        "2021-12": {
            "month": "2021-12",
            "price": "24.78",
            "revenue": 8238651
        },
        "2022-01": {
            "month": "2022-01",
            "price": "22.95",
            "revenue": 7631794
        },
        "2022-02": {
            "month": "2022-02",
            "price": "23.67",
            "revenue": 7622611
        },
        "2022-03": {
            "month": "2022-03",
            "price": "24.74",
            "revenue": 7893700
        },
        "2022-04": {
            "month": "2022-04",
            "price": "23.79",
            "revenue": 8131183
        },
        "2022-05": {
            "month": "2022-05",
            "price": "20.22",
            "revenue": 8139221
        },
        "2022-06": {
            "month": "2022-06",
            "price": "18.71",
            "revenue": 6696527
        },
        "2022-07": {
            "month": "2022-07",
            "price": "16.09",
            "revenue": 6658142
        },
        "2022-08": {
            "month": "2022-08",
            "price": "16.08",
            "revenue": 6939344
        },
        "2022-09": {
            "month": "2022-09",
            "price": "14.48",
            "revenue": 6781033
        },
        "2022-10": {
            "month": "2022-10",
            "price": "14.12",
            "revenue": 6438942
        },
        "2022-11": {
            "month": "2022-11",
            "price": "14.86",
            "revenue": 5312633
        },
        "2022-12": {
            "month": "2022-12",
            "price": "15.84",
            "revenue": 5415053
        },
        "2023-01": {
            "month": "2023-01",
            "price": "16.11",
            "revenue": 5280570
        },
        "2023-02": {
            "month": "2023-02",
            "price": "17.07",
            "revenue": 5370438
        },
        "2023-03": {
            "month": "2023-03",
            "price": "16.21",
            "revenue": 6850612
        },
        "2023-04": {
            "month": "2023-04",
            "price": "15.58",
            "revenue": 6761645
        },
        "2023-05": {
            "month": "2023-05",
            "price": "15.29",
            "revenue": 5939533
        },
        "2023-06": {
            "month": "2023-06",
            "price": "15.52",
            "revenue": 5772789
        },
        "2023-07": {
            "month": "2023-07",
            "price": "15.23",
            "revenue": 5796473
        },
        "2023-08": {
            "month": "2023-08",
            "price": "15.17",
            "revenue": 6339079
        }
    }
}
