{
    "summary": {
        "stock_name": "志聯",
        "stock_id": "2024",
        "category": "鋼鐵",
        "main_business": "鋼線、鋼棒、製造加工及買賣",
        "website_url": "http://www.chihlien.com.tw",
        "ceo": "謝陳旺",
        "pe_ratio": -39,
        "report_year_from": 2001,
        "report_year_to": 2023,
        "age": 23,
        "eps_negative_percentage": 35,
        "eps_growth_avg": {
            "last_all": -26.07,
            "last_2y": -22.45,
            "last_4y": -17.62,
            "last_8y": -9.62,
            "last_12y": -7.58,
            "last_16y": -20.79,
            "last_20y": -26.07,
            "at_2006_last_3y": -100,
            "at_2007_last_3y": -100,
            "at_2008_last_3y": -100,
            "at_2009_last_3y": -100,
            "at_2010_last_3y": -100,
            "at_2011_last_3y": -52.21,
            "at_2012_last_3y": -68.14,
            "at_2013_last_3y": -52.21,
            "at_2014_last_3y": -1.47,
            "at_2015_last_3y": -24.27,
            "at_2016_last_3y": 42.4,
            "at_2017_last_3y": 32.29,
            "at_2018_last_3y": 0.38,
            "at_2019_last_3y": -0.5,
            "at_2020_last_3y": -11.61,
            "at_2021_last_3y": 12.91,
            "at_2022_last_3y": 2.97,
            "at_2023_last_3y": -2.95,
            "at_2024_last_3y": -2.95,
            "at_2006_last_all": -100,
            "at_2007_last_all": -100,
            "at_2008_last_all": -100,
            "at_2009_last_all": -100,
            "at_2010_last_all": -100,
            "at_2011_last_all": -76.11,
            "at_2012_last_all": -80.88,
            "at_2013_last_all": -80.88,
            "at_2014_last_all": -50.74,
            "at_2015_last_all": -53.89,
            "at_2016_last_all": -34.65,
            "at_2017_last_all": -30.59,
            "at_2018_last_all": -30.29,
            "at_2019_last_all": -34.47,
            "at_2020_last_all": -26.97,
            "at_2021_last_all": -17.2,
            "at_2022_last_all": -20.79,
            "at_2023_last_all": -26.07,
            "at_2024_last_all": -26.07
        },
        "latest_eps": -0.56,
        "latest_price": 22,
        "latest_roe": -4.78,
        "latest_gross_margin": 3.25,
        "latest_equity": 1100744,
        "latest_revenue": 252159,
        "latest_gross_profit": 8204,
        "latest_net_income": -15822,
        "latest_debt_ratio": 40.07,
        "latest_current_ratio": 233.3,
        "latest_account_receivable_turnover_ratio": 1.26,
        "latest_inventory_turnover_ratio": 0.49,
        "latest_reinvestment_rate": -105.02,
        "latest_research_to_sale_ratio": null
    },
    "eps_dividends": {
        "1996": {
            "cash": 0,
            "stock": 1.53,
            "eps": 0
        },
        "2001": {
            "cash": 0,
            "stock": 0,
            "eps": -2.05
        },
        "2002": {
            "cash": 0,
            "stock": 0,
            "eps": -0.86
        },
        "2003": {
            "cash": 0,
            "stock": 0,
            "eps": -1.09
        },
        "2004": {
            "cash": 0,
            "stock": 0,
            "eps": 0.13
        },
        "2005": {
            "cash": 0,
            "stock": 0,
            "eps": -1.11
        },
        "2006": {
            "cash": 0,
            "stock": 0,
            "eps": 1.32
        },
        "2007": {
            "cash": 0,
            "stock": 0,
            "eps": -0.1
        },
        "2008": {
            "cash": 0,
            "stock": 0,
            "eps": 0.32
        },
        "2009": {
            "cash": 0,
            "stock": 0,
            "eps": -2.26
        },
        "2010": {
            "cash": 0,
            "stock": 0,
            "eps": 1.13
        },
        "2011": {
            "cash": 0.15,
            "stock": 0,
            "eps": 1.08
        },
        "2012": {
            "cash": 0,
            "stock": 0,
            "eps": -0.9
        },
        "2013": {
            "cash": 0,
            "stock": 0,
            "eps": 0.47
        },
        "2014": {
            "cash": 0,
            "stock": 0,
            "eps": 1.25
        },
        "2015": {
            "cash": 0.8,
            "stock": 0,
            "eps": 0.34
        },
        "2016": {
            "cash": 0.3,
            "stock": 0,
            "eps": 1.03
        },
        "2017": {
            "cash": 0.6,
            "stock": 0,
            "eps": 1.05
        },
        "2018": {
            "cash": 0.8,
            "stock": 0,
            "eps": 0.76
        },
        "2019": {
            "cash": 0.6,
            "stock": 0,
            "eps": 0.18
        },
        "2020": {
            "cash": 0.35,
            "stock": 0,
            "eps": 0.28
        },
        "2021": {
            "cash": 0.25,
            "stock": 0,
            "eps": 1.47
        },
        "2022": {
            "cash": 1.2,
            "stock": 0,
            "eps": 0.48
        },
        "2023": {
            "cash": 0.35,
            "stock": 0,
            "eps": -0.56
        }
    },
    "dividends": {
        "1996-05-10": {
            "cash": 0,
            "stock": 1.53
        },
        "2011-01-01": {
            "cash": 0.15,
            "stock": 0
        },
        "2015-08-14": {
            "cash": 0.8,
            "stock": 0
        },
        "2016-07-29": {
            "cash": 0.3,
            "stock": 0
        },
        "2017-07-28": {
            "cash": 0.6,
            "stock": 0
        },
        "2018-07-20": {
            "cash": 0.8,
            "stock": 0
        },
        "2019-07-19": {
            "cash": 0.6,
            "stock": 0
        },
        "2020-07-31": {
            "cash": 0.35,
            "stock": 0
        },
        "2021-10-08": {
            "cash": 0.25,
            "stock": 0
        },
        "2022-09-16": {
            "cash": 1.2,
            "stock": 0
        },
        "2023-08-08": {
            "cash": 0.35,
            "stock": 0
        }
    },
    "prices": {
        "200101": "1.65",
        "200102": "2.41",
        "200103": "2.31",
        "200104": "1.98",
        "200105": "1.48",
        "200106": "1.29",
        "200107": "1.05",
        "200108": "1.16",
        "200109": "1.07",
        "200110": "0.89",
        "200111": "0.58",
        "200112": "0.33",
        "200201": "0.40",
        "200202": "無",
        "200203": "無",
        "200204": "無",
        "200205": "0.60",
        "200206": "1.36",
        "200207": "3.27",
        "200208": "2.99",
        "200209": "2.14",
        "200210": "2.19",
        "200211": "2.74",
        "200212": "2.58",
        "200301": "3.68",
        "200302": "4.81",
        "200303": "4.07",
        "200304": "3.90",
        "200305": "2.89",
        "200306": "3.65",
        "200307": "3.96",
        "200308": "3.61",
        "200309": "3.00",
        "200310": "3.16",
        "200311": "3.12",
        "200312": "3.01",
        "200401": "3.93",
        "200402": "6.12",
        "200403": "9.61",
        "200404": "8.58",
        "200405": "6.77",
        "200406": "6.84",
        "200407": "6.60",
        "200408": "5.59",
        "200409": "7.60",
        "200410": "7.55",
        "200411": "6.81",
        "200412": "6.98",
        "200501": "6.64",
        "200502": "6.52",
        "200503": "5.65",
        "200504": "4.65",
        "200505": "3.95",
        "200506": "4.53",
        "200507": "4.11",
        "200508": "3.84",
        "200509": "3.99",
        "200510": "3.60",
        "200511": "3.49",
        "200512": "4.26",
        "200601": "4.19",
        "200602": "4.56",
        "200603": "4.18",
        "200604": "4.59",
        "200605": "4.27",
        "200606": "4.11",
        "200607": "4.50",
        "200608": "4.31",
        "200609": "4.26",
        "200610": "6.54",
        "200611": "8.16",
        "200612": "8.51",
        "200701": "8.56",
        "200702": "8.24",
        "200703": "8.26",
        "200704": "9.43",
        "200705": "8.66",
        "200706": "8.50",
        "200707": "9.24",
        "200708": "7.91",
        "200709": "7.85",
        "200710": "7.68",
        "200711": "6.62",
        "200712": "6.20",
        "200801": "5.88",
        "200802": "6.30",
        "200803": "7.11",
        "200804": "8.18",
        "200805": "11.58",
        "200806": "10.33",
        "200807": "10.31",
        "200808": "9.04",
        "200809": "7.41",
        "200810": "5.04",
        "200811": "5.14",
        "200812": "4.84",
        "200901": "5.03",
        "200902": "4.84",
        "200903": "5.00",
        "200904": "5.73",
        "200905": "5.52",
        "200906": "5.56",
        "200907": "5.39",
        "200908": "5.43",
        "200909": "5.10",
        "200910": "4.96",
        "200911": "5.05",
        "200912": "5.66",
        "201001": "7.02",
        "201002": "6.16",
        "201003": "6.53",
        "201004": "7.05",
        "201005": "6.47",
        "201006": "5.99",
        "201007": "6.15",
        "201008": "6.57",
        "201009": "7.31",
        "201010": "6.96",
        "201011": "7.06",
        "201012": "7.27",
        "201101": "9.15",
        "201102": "9.30",
        "201103": "8.42",
        "201104": "8.96",
        "201105": "8.78",
        "201106": "8.72",
        "201107": "8.36",
        "201108": "7.65",
        "201109": "8.72",
        "201110": "8.49",
        "201111": "7.83",
        "201112": "7.38",
        "201201": "7.27",
        "201202": "8.24",
        "201203": "8.10",
        "201204": "7.26",
        "201205": "6.24",
        "201206": "5.89",
        "201207": "5.82",
        "201208": "5.75",
        "201209": "6.02",
        "201210": "5.61",
        "201211": "4.99",
        "201212": "5.49",
        "201301": "6.81",
        "201302": "7.01",
        "201303": "6.57",
        "201304": "6.23",
        "201305": "6.11",
        "201306": "5.90",
        "201307": "5.70",
        "201308": "5.90",
        "201309": "6.15",
        "201310": "6.47",
        "201311": "6.80",
        "201312": "7.39",
        "201401": "7.29",
        "201402": "7.07",
        "201403": "7.09",
        "201404": "7.24",
        "201405": "7.07",
        "201406": "7.11",
        "201407": "8.00",
        "201408": "9.71",
        "201409": "9.92",
        "201410": "8.78",
        "201411": "8.76",
        "201412": "8.77",
        "201501": "9.04",
        "201502": "8.93",
        "201503": "9.32",
        "201504": "9.73",
        "201505": "9.28",
        "201506": "8.40",
        "201507": "7.30",
        "201508": "6.70",
        "201509": "7.54",
        "201510": "7.26",
        "201511": "7.04",
        "201512": "6.72",
        "201601": "6.40",
        "201602": "6.88",
        "201603": "7.32",
        "201604": "7.28",
        "201605": "6.81",
        "201606": "6.74",
        "201607": "6.84",
        "201608": "7.17",
        "201609": "7.24",
        "201610": "7.23",
        "201611": "8.19",
        "201612": "8.59",
        "201701": "8.51",
        "201702": "9.06",
        "201703": "9.59",
        "201704": "9.30",
        "201705": "8.95",
        "201706": "8.96",
        "201707": "8.51",
        "201708": "8.75",
        "201709": "8.96",
        "201710": "9.26",
        "201711": "10.59",
        "201712": "10.05",
        "201801": "10.85",
        "201802": "10.46",
        "201803": "11.20",
        "201804": "11.45",
        "201805": "11.03",
        "201806": "11.06",
        "201807": "9.95",
        "201808": "10.11",
        "201809": "10.07",
        "201810": "9.50",
        "201811": "9.46",
        "201812": "9.52",
        "201901": "9.48",
        "201902": "9.71",
        "201903": "10.39",
        "201904": "10.55",
        "201905": "10.63",
        "201906": "10.65",
        "201907": "10.18",
        "201908": "10.42",
        "201909": "11.67",
        "201910": "11.66",
        "201911": "11.45",
        "201912": "11.87",
        "202001": "12.11",
        "202002": "12.72",
        "202003": "12.33",
        "202004": "12.00",
        "202005": "12.30",
        "202006": "14.33",
        "202007": "14.06",
        "202008": "14.95",
        "202009": "14.75",
        "202010": "14.96",
        "202011": "14.87",
        "202012": "15.53",
        "202101": "14.86",
        "202102": "14.62",
        "202103": "16.68",
        "202104": "18.94",
        "202105": "17.60",
        "202106": "19.12",
        "202107": "27.18",
        "202108": "26.65",
        "202109": "22.81",
        "202110": "19.10",
        "202111": "19.32",
        "202112": "19.97",
        "202201": "18.96",
        "202202": "18.44",
        "202203": "25.49",
        "202204": "24.54",
        "202205": "21.47",
        "202206": "19.44",
        "202207": "17.36",
        "202208": "19.83",
        "202209": "19.06",
        "202210": "18.14",
        "202211": "18.10",
        "202212": "18.39",
        "202301": "18.25",
        "202302": "19.21",
        "202303": "19.37",
        "202304": "19.26",
        "202305": "18.37",
        "202306": "18.03",
        "202307": "17.42",
        "202308": "16.37",
        "202309": "16.60",
        "202310": "18.54",
        "202311": "20.06",
        "202312": "20.94"
    },
    "quarters": {
        "20011": {
            "year_quarter": 20011,
            "year": 2001,
            "quarter": 1,
            "eps": -0.34,
            "eps_growth_year": null,
            "eps_4q": -1.82,
            "eps_4q_growth_year": null,
            "roe": -3.44,
            "roe_4q": -3.44,
            "gross_profit": -3217,
            "gross_margin": -0.95,
            "gross_margin_4q_avg": -0.95,
            "net_income": -51511,
            "net_income_4q": null,
            "revenue": 336985,
            "revenue_4q": null,
            "common_shares": 1496272,
            "book_valuer_per_share": 9.83,
            "book_valuer_per_share_4q_avg": 9.83,
            "equity": 1470469,
            "current_ratio": 49.36,
            "debt_ratio": 55.3,
            "inventory_turnover_ratio": 1.59,
            "account_receivable_turnover_ratio": null,
            "reinvestment_rate": null,
            "research_to_sale_ratio": null,
            "price_fair": 0,
            "eps_avg_yearly": 0,
            "eps_latest_yearly": 0,
            "eps_growth_yearly": 0
        },
        "20012": {
            "year_quarter": 20012,
            "year": 2001,
            "quarter": 2,
            "eps": -0.71,
            "eps_growth_year": null,
            "eps_4q": -2.16,
            "eps_4q_growth_year": null,
            "roe": -7.5,
            "roe_4q": -10.94,
            "gross_profit": -11520,
            "gross_margin": -3.67,
            "gross_margin_4q_avg": -2.31,
            "net_income": -106683,
            "net_income_4q": null,
            "revenue": 313677,
            "revenue_4q": null,
            "common_shares": 1496272,
            "book_valuer_per_share": 9.18,
            "book_valuer_per_share_4q_avg": 9.51,
            "equity": 1373082,
            "current_ratio": 44.65,
            "debt_ratio": 56.84,
            "inventory_turnover_ratio": 1.55,
            "account_receivable_turnover_ratio": null,
            "reinvestment_rate": null,
            "research_to_sale_ratio": null,
            "price_fair": 0,
            "eps_avg_yearly": 0,
            "eps_latest_yearly": 0,
            "eps_growth_yearly": 0
        },
        "20013": {
            "year_quarter": 20013,
            "year": 2001,
            "quarter": 3,
            "eps": -0.5,
            "eps_growth_year": null,
            "eps_4q": -2.11,
            "eps_4q_growth_year": null,
            "roe": -5.64,
            "roe_4q": -16.580000000000002,
            "gross_profit": -26537,
            "gross_margin": -9.06,
            "gross_margin_4q_avg": -4.56,
            "net_income": -75349,
            "net_income_4q": null,
            "revenue": 292832,
            "revenue_4q": null,
            "common_shares": 1496272,
            "book_valuer_per_share": 8.68,
            "book_valuer_per_share_4q_avg": 9.23,
            "equity": 1298264,
            "current_ratio": 37.91,
            "debt_ratio": 57.54,
            "inventory_turnover_ratio": 1.68,
            "account_receivable_turnover_ratio": null,
            "reinvestment_rate": null,
            "research_to_sale_ratio": null,
            "price_fair": 0,
            "eps_avg_yearly": 0,
            "eps_latest_yearly": 0,
            "eps_growth_yearly": 0
        },
        "20014": {
            "year_quarter": 20014,
            "year": 2001,
            "quarter": 4,
            "eps": -0.5,
            "eps_growth_year": null,
            "eps_4q": -2.03,
            "eps_4q_growth_year": null,
            "roe": -5.81,
            "roe_4q": -22.39,
            "gross_profit": -27909,
            "gross_margin": -9.52,
            "gross_margin_4q_avg": -5.8,
            "net_income": -75136,
            "net_income_4q": null,
            "revenue": 293126,
            "revenue_4q": null,
            "common_shares": 1496272,
            "book_valuer_per_share": 8.17,
            "book_valuer_per_share_4q_avg": 8.97,
            "equity": 1286704,
            "current_ratio": 43.22,
            "debt_ratio": 58.47,
            "inventory_turnover_ratio": 2.01,
            "account_receivable_turnover_ratio": null,
            "reinvestment_rate": null,
            "research_to_sale_ratio": null,
            "price_fair": 0,
            "eps_avg_yearly": 0,
            "eps_latest_yearly": 0,
            "eps_growth_yearly": 0
        },
        "20021": {
            "year_quarter": 20021,
            "year": 2002,
            "quarter": 1,
            "eps": -0.36,
            "eps_growth_year": null,
            "eps_4q": -2.15,
            "eps_4q_growth_year": null,
            "roe": -4.2,
            "roe_4q": -23.15,
            "gross_profit": -14350,
            "gross_margin": -5.82,
            "gross_margin_4q_avg": -7.02,
            "net_income": -51655,
            "net_income_4q": null,
            "revenue": 246687,
            "revenue_4q": null,
            "common_shares": 1496272,
            "book_valuer_per_share": 7.82,
            "book_valuer_per_share_4q_avg": 8.46,
            "equity": 1170575,
            "current_ratio": 32.97,
            "debt_ratio": 59.24,
            "inventory_turnover_ratio": 2.01,
            "account_receivable_turnover_ratio": null,
            "reinvestment_rate": null,
            "research_to_sale_ratio": null,
            "price_fair": 0,
            "eps_avg_yearly": 0,
            "eps_latest_yearly": 0,
            "eps_growth_yearly": 0
        },
        "20022": {
            "year_quarter": 20022,
            "year": 2002,
            "quarter": 2,
            "eps": -0.17,
            "eps_growth_year": null,
            "eps_4q": -1.52,
            "eps_4q_growth_year": null,
            "roe": -2.17,
            "roe_4q": -17.82,
            "gross_profit": 6274,
            "gross_margin": 2.06,
            "gross_margin_4q_avg": -5.59,
            "net_income": -25108,
            "net_income_4q": null,
            "revenue": 304551,
            "revenue_4q": null,
            "common_shares": 1496272,
            "book_valuer_per_share": 7.61,
            "book_valuer_per_share_4q_avg": 8.07,
            "equity": 1138548,
            "current_ratio": 47.3,
            "debt_ratio": 60.07,
            "inventory_turnover_ratio": 2.39,
            "account_receivable_turnover_ratio": null,
            "reinvestment_rate": null,
            "research_to_sale_ratio": null,
            "price_fair": 0,
            "eps_avg_yearly": 0,
            "eps_latest_yearly": 0,
            "eps_growth_yearly": 0
        },
        "20023": {
            "year_quarter": 20023,
            "year": 2002,
            "quarter": 3,
            "eps": -0.11,
            "eps_growth_year": null,
            "eps_4q": -1.13,
            "eps_4q_growth_year": null,
            "roe": -1.46,
            "roe_4q": -13.64,
            "gross_profit": 19772,
            "gross_margin": 6,
            "gross_margin_4q_avg": -1.82,
            "net_income": -16612,
            "net_income_4q": null,
            "revenue": 329516,
            "revenue_4q": null,
            "common_shares": 1496272,
            "book_valuer_per_share": 7.55,
            "book_valuer_per_share_4q_avg": 7.79,
            "equity": 1129463,
            "current_ratio": 46.39,
            "debt_ratio": 60.13,
            "inventory_turnover_ratio": 1.91,
            "account_receivable_turnover_ratio": null,
            "reinvestment_rate": null,
            "research_to_sale_ratio": null,
            "price_fair": 0,
            "eps_avg_yearly": 0,
            "eps_latest_yearly": 0,
            "eps_growth_yearly": 0
        },
        "20024": {
            "year_quarter": 20024,
            "year": 2002,
            "quarter": 4,
            "eps": -0.22,
            "eps_growth_year": null,
            "eps_4q": -0.85,
            "eps_4q_growth_year": null,
            "roe": -2.77,
            "roe_4q": -10.600000000000001,
            "gross_profit": 7699,
            "gross_margin": 2.75,
            "gross_margin_4q_avg": 1.25,
            "net_income": -32236,
            "net_income_4q": null,
            "revenue": 279528,
            "revenue_4q": null,
            "common_shares": 1496272,
            "book_valuer_per_share": 7.36,
            "book_valuer_per_share_4q_avg": 7.59,
            "equity": 1196372,
            "current_ratio": 65.08,
            "debt_ratio": 60.13,
            "inventory_turnover_ratio": 1.3,
            "account_receivable_turnover_ratio": null,
            "reinvestment_rate": null,
            "research_to_sale_ratio": null,
            "price_fair": 0,
            "eps_avg_yearly": 0,
            "eps_latest_yearly": 0,
            "eps_growth_yearly": 0
        },
        "20031": {
            "year_quarter": 20031,
            "year": 2003,
            "quarter": 1,
            "eps": -0.3,
            "eps_growth_year": null,
            "eps_4q": -0.79,
            "eps_4q_growth_year": null,
            "roe": -4,
            "roe_4q": -10.4,
            "gross_profit": 5909,
            "gross_margin": 2.05,
            "gross_margin_4q_avg": 3.22,
            "net_income": -45007,
            "net_income_4q": null,
            "revenue": 287781,
            "revenue_4q": null,
            "common_shares": 1496272,
            "book_valuer_per_share": 7.06,
            "book_valuer_per_share_4q_avg": 7.4,
            "equity": 1056312,
            "current_ratio": 55.42,
            "debt_ratio": 61.01,
            "inventory_turnover_ratio": 1.31,
            "account_receivable_turnover_ratio": null,
            "reinvestment_rate": null,
            "research_to_sale_ratio": null,
            "price_fair": 0,
            "eps_avg_yearly": 0,
            "eps_latest_yearly": 0,
            "eps_growth_yearly": 0
        },
        "20032": {
            "year_quarter": 20032,
            "year": 2003,
            "quarter": 2,
            "eps": -0.17,
            "eps_growth_year": null,
            "eps_4q": -0.79,
            "eps_4q_growth_year": null,
            "roe": -2.37,
            "roe_4q": -10.600000000000001,
            "gross_profit": 8298,
            "gross_margin": 2.81,
            "gross_margin_4q_avg": 3.4,
            "net_income": -24709,
            "net_income_4q": null,
            "revenue": 295225,
            "revenue_4q": null,
            "common_shares": 1496272,
            "book_valuer_per_share": 6.89,
            "book_valuer_per_share_4q_avg": 7.22,
            "equity": 1030858,
            "current_ratio": 53.97,
            "debt_ratio": 61.42,
            "inventory_turnover_ratio": 1.47,
            "account_receivable_turnover_ratio": null,
            "reinvestment_rate": null,
            "research_to_sale_ratio": null,
            "price_fair": 0,
            "eps_avg_yearly": 0,
            "eps_latest_yearly": 0,
            "eps_growth_yearly": 0
        },
        "20033": {
            "year_quarter": 20033,
            "year": 2003,
            "quarter": 3,
            "eps": -0.21,
            "eps_growth_year": null,
            "eps_4q": -0.9,
            "eps_4q_growth_year": null,
            "roe": -3.17,
            "roe_4q": -12.309999999999999,
            "gross_profit": -2715,
            "gross_margin": -0.89,
            "gross_margin_4q_avg": 1.68,
            "net_income": -32083,
            "net_income_4q": null,
            "revenue": 303532,
            "revenue_4q": null,
            "common_shares": 1496272,
            "book_valuer_per_share": 6.65,
            "book_valuer_per_share_4q_avg": 6.99,
            "equity": 994314,
            "current_ratio": 47.59,
            "debt_ratio": 61.63,
            "inventory_turnover_ratio": 1.72,
            "account_receivable_turnover_ratio": null,
            "reinvestment_rate": null,
            "research_to_sale_ratio": null,
            "price_fair": 0,
            "eps_avg_yearly": 0,
            "eps_latest_yearly": 0,
            "eps_growth_yearly": 0
        },
        "20034": {
            "year_quarter": 20034,
            "year": 2003,
            "quarter": 4,
            "eps": -0.41,
            "eps_growth_year": null,
            "eps_4q": -1.11,
            "eps_4q_growth_year": null,
            "roe": -6.05,
            "roe_4q": -15.59,
            "gross_profit": 1580,
            "gross_margin": 0.46,
            "gross_margin_4q_avg": 1.11,
            "net_income": -61181,
            "net_income_4q": null,
            "revenue": 344234,
            "revenue_4q": null,
            "common_shares": 1496272,
            "book_valuer_per_share": 6.24,
            "book_valuer_per_share_4q_avg": 6.71,
            "equity": 1029300,
            "current_ratio": 62.59,
            "debt_ratio": 62.74,
            "inventory_turnover_ratio": 1.89,
            "account_receivable_turnover_ratio": null,
            "reinvestment_rate": null,
            "research_to_sale_ratio": null,
            "price_fair": 0,
            "eps_avg_yearly": 0,
            "eps_latest_yearly": 0,
            "eps_growth_yearly": 0
        },
        "20041": {
            "year_quarter": 20041,
            "year": 2004,
            "quarter": 1,
            "eps": 0.09,
            "eps_growth_year": null,
            "eps_4q": -0.72,
            "eps_4q_growth_year": null,
            "roe": 1.33,
            "roe_4q": -10.26,
            "gross_profit": 20947,
            "gross_margin": 6.22,
            "gross_margin_4q_avg": 2.15,
            "net_income": 13091,
            "net_income_4q": null,
            "revenue": 336652,
            "revenue_4q": null,
            "common_shares": 1496272,
            "book_valuer_per_share": 6.29,
            "book_valuer_per_share_4q_avg": 6.52,
            "equity": 941076,
            "current_ratio": 42.93,
            "debt_ratio": 61.72,
            "inventory_turnover_ratio": 2.01,
            "account_receivable_turnover_ratio": null,
            "reinvestment_rate": null,
            "research_to_sale_ratio": null,
            "price_fair": 0,
            "eps_avg_yearly": 0,
            "eps_latest_yearly": 0,
            "eps_growth_yearly": 0
        },
        "20042": {
            "year_quarter": 20042,
            "year": 2004,
            "quarter": 2,
            "eps": 0.05,
            "eps_growth_year": null,
            "eps_4q": -0.54,
            "eps_4q_growth_year": null,
            "roe": 0.72,
            "roe_4q": -7.17,
            "gross_profit": 51415,
            "gross_margin": 13.71,
            "gross_margin_4q_avg": 4.88,
            "net_income": 6785,
            "net_income_4q": null,
            "revenue": 375038,
            "revenue_4q": null,
            "common_shares": 1496272,
            "book_valuer_per_share": 6.36,
            "book_valuer_per_share_4q_avg": 6.39,
            "equity": 951927,
            "current_ratio": 52.11,
            "debt_ratio": 61.29,
            "inventory_turnover_ratio": 2.68,
            "account_receivable_turnover_ratio": null,
            "reinvestment_rate": null,
            "research_to_sale_ratio": null,
            "price_fair": 0.6,
            "eps_avg_yearly": 0.2,
            "eps_latest_yearly": 0.2,
            "eps_growth_yearly": -177.78
        },
        "20043": {
            "year_quarter": 20043,
            "year": 2004,
            "quarter": 3,
            "eps": 0.1,
            "eps_growth_year": null,
            "eps_4q": -0.18,
            "eps_4q_growth_year": null,
            "roe": 1.55,
            "roe_4q": -2.4499999999999997,
            "gross_profit": 37766,
            "gross_margin": 9.76,
            "gross_margin_4q_avg": 7.54,
            "net_income": 14838,
            "net_income_4q": null,
            "revenue": 386837,
            "revenue_4q": null,
            "common_shares": 1496272,
            "book_valuer_per_share": 6.47,
            "book_valuer_per_share_4q_avg": 6.34,
            "equity": 968001,
            "current_ratio": 58.52,
            "debt_ratio": 60.12,
            "inventory_turnover_ratio": 2.47,
            "account_receivable_turnover_ratio": null,
            "reinvestment_rate": null,
            "research_to_sale_ratio": null,
            "price_fair": 10.5,
            "eps_avg_yearly": 0.3,
            "eps_latest_yearly": 0.4,
            "eps_growth_yearly": 111.11
        },
        "20044": {
            "year_quarter": 20044,
            "year": 2004,
            "quarter": 4,
            "eps": -0.11,
            "eps_growth_year": null,
            "eps_4q": 0.06,
            "eps_4q_growth_year": null,
            "roe": -1.65,
            "roe_4q": 1.9500000000000002,
            "gross_profit": 39466,
            "gross_margin": 9.63,
            "gross_margin_4q_avg": 9.83,
            "net_income": -16532,
            "net_income_4q": null,
            "revenue": 410017,
            "revenue_4q": null,
            "common_shares": 1496272,
            "book_valuer_per_share": 6.26,
            "book_valuer_per_share_4q_avg": 6.35,
            "equity": 1039202,
            "current_ratio": 71.45,
            "debt_ratio": 60.32,
            "inventory_turnover_ratio": 1.51,
            "account_receivable_turnover_ratio": null,
            "reinvestment_rate": null,
            "research_to_sale_ratio": null,
            "price_fair": 10.5,
            "eps_avg_yearly": 0.3,
            "eps_latest_yearly": 0.4,
            "eps_growth_yearly": 111.11
        },
        "20051": {
            "year_quarter": 20051,
            "year": 2005,
            "quarter": 1,
            "eps": 0.01,
            "eps_growth_year": -88.89,
            "eps_4q": 0.04,
            "eps_4q_growth_year": null,
            "roe": 0.18,
            "roe_4q": 0.8,
            "gross_profit": 23554,
            "gross_margin": 6.89,
            "gross_margin_4q_avg": 10,
            "net_income": 1792,
            "net_income_4q": null,
            "revenue": 341677,
            "revenue_4q": null,
            "common_shares": 1496272,
            "book_valuer_per_share": 6.25,
            "book_valuer_per_share_4q_avg": 6.34,
            "equity": 935516,
            "current_ratio": 57.39,
            "debt_ratio": 61.52,
            "inventory_turnover_ratio": 0.97,
            "account_receivable_turnover_ratio": null,
            "reinvestment_rate": null,
            "research_to_sale_ratio": null,
            "price_fair": 10.5,
            "eps_avg_yearly": 0.3,
            "eps_latest_yearly": 0.4,
            "eps_growth_yearly": 111.11
        },
        "20052": {
            "year_quarter": 20052,
            "year": 2005,
            "quarter": 2,
            "eps": 0.3,
            "eps_growth_year": 500,
            "eps_4q": 0.3,
            "eps_4q_growth_year": null,
            "roe": 4.69,
            "roe_4q": 4.7700000000000005,
            "gross_profit": 13696,
            "gross_margin": 4.22,
            "gross_margin_4q_avg": 7.63,
            "net_income": 44939,
            "net_income_4q": null,
            "revenue": 324183,
            "revenue_4q": null,
            "common_shares": 1496272,
            "book_valuer_per_share": 6.55,
            "book_valuer_per_share_4q_avg": 6.38,
            "equity": 980263,
            "current_ratio": 68.84,
            "debt_ratio": 56.6,
            "inventory_turnover_ratio": 0.98,
            "account_receivable_turnover_ratio": null,
            "reinvestment_rate": null,
            "research_to_sale_ratio": null,
            "price_fair": 21,
            "eps_avg_yearly": 0.6,
            "eps_latest_yearly": 1.2,
            "eps_growth_yearly": 3940.74
        },
        "20053": {
            "year_quarter": 20053,
            "year": 2005,
            "quarter": 3,
            "eps": -0.53,
            "eps_growth_year": -630,
            "eps_4q": -0.2,
            "eps_4q_growth_year": null,
            "roe": -5.12,
            "roe_4q": -1.8999999999999997,
            "gross_profit": 1280,
            "gross_margin": 0.4,
            "gross_margin_4q_avg": 5.29,
            "net_income": -49265,
            "net_income_4q": null,
            "revenue": 317374,
            "revenue_4q": null,
            "common_shares": 931000,
            "book_valuer_per_share": 10.15,
            "book_valuer_per_share_4q_avg": 7.3,
            "equity": 944640,
            "current_ratio": 69.24,
            "debt_ratio": 54.8,
            "inventory_turnover_ratio": 1.02,
            "account_receivable_turnover_ratio": null,
            "reinvestment_rate": null,
            "research_to_sale_ratio": null,
            "price_fair": 21,
            "eps_avg_yearly": 0.6,
            "eps_latest_yearly": 1.2,
            "eps_growth_yearly": 3940.74
        },
        "20054": {
            "year_quarter": 20054,
            "year": 2005,
            "quarter": 4,
            "eps": -0.89,
            "eps_growth_year": null,
            "eps_4q": -0.76,
            "eps_4q_growth_year": -1274.78,
            "roe": -8.77,
            "roe_4q": -9.02,
            "gross_profit": 1179,
            "gross_margin": 0.4,
            "gross_margin_4q_avg": 2.98,
            "net_income": -82810,
            "net_income_4q": null,
            "revenue": 297038,
            "revenue_4q": null,
            "common_shares": 931000,
            "book_valuer_per_share": 9.24,
            "book_valuer_per_share_4q_avg": 8.05,
            "equity": 943500,
            "current_ratio": 75.28,
            "debt_ratio": 58.05,
            "inventory_turnover_ratio": 0.87,
            "account_receivable_turnover_ratio": null,
            "reinvestment_rate": null,
            "research_to_sale_ratio": null,
            "price_fair": 21,
            "eps_avg_yearly": 0.6,
            "eps_latest_yearly": 1.2,
            "eps_growth_yearly": 3940.74
        },
        "20061": {
            "year_quarter": 20061,
            "year": 2006,
            "quarter": 1,
            "eps": -0.03,
            "eps_growth_year": -400,
            "eps_4q": -0.92,
            "eps_4q_growth_year": -2491.4,
            "roe": -0.33,
            "roe_4q": -9.529999999999998,
            "gross_profit": -10364,
            "gross_margin": -3.66,
            "gross_margin_4q_avg": 0.34,
            "net_income": -2942,
            "net_income_4q": null,
            "revenue": 282939,
            "revenue_4q": null,
            "common_shares": 931000,
            "book_valuer_per_share": 9.2,
            "book_valuer_per_share_4q_avg": 8.79,
            "equity": 856577,
            "current_ratio": 63.44,
            "debt_ratio": 55.99,
            "inventory_turnover_ratio": 0.96,
            "account_receivable_turnover_ratio": null,
            "reinvestment_rate": null,
            "research_to_sale_ratio": null,
            "price_fair": 21,
            "eps_avg_yearly": 0.6,
            "eps_latest_yearly": 1.2,
            "eps_growth_yearly": 3940.74
        },
        "20062": {
            "year_quarter": 20062,
            "year": 2006,
            "quarter": 2,
            "eps": 0.08,
            "eps_growth_year": -73.33,
            "eps_4q": -1.36,
            "eps_4q_growth_year": -553.69,
            "roe": 0.83,
            "roe_4q": -13.39,
            "gross_profit": 15110,
            "gross_margin": 4.11,
            "gross_margin_4q_avg": 0.31,
            "net_income": 7480,
            "net_income_4q": null,
            "revenue": 367498,
            "revenue_4q": null,
            "common_shares": 1043500,
            "book_valuer_per_share": 9.15,
            "book_valuer_per_share_4q_avg": 9.44,
            "equity": 954354,
            "current_ratio": 63.49,
            "debt_ratio": 49.72,
            "inventory_turnover_ratio": 1.82,
            "account_receivable_turnover_ratio": null,
            "reinvestment_rate": null,
            "research_to_sale_ratio": null,
            "price_fair": 21,
            "eps_avg_yearly": 0.6,
            "eps_latest_yearly": 1.2,
            "eps_growth_yearly": 3940.74
        },
        "20063": {
            "year_quarter": 20063,
            "year": 2006,
            "quarter": 3,
            "eps": 1.18,
            "eps_growth_year": null,
            "eps_4q": 0.37,
            "eps_4q_growth_year": null,
            "roe": 11.27,
            "roe_4q": 3,
            "gross_profit": 52546,
            "gross_margin": 13.36,
            "gross_margin_4q_avg": 3.55,
            "net_income": 114357,
            "net_income_4q": null,
            "revenue": 393291,
            "revenue_4q": null,
            "common_shares": 1043500,
            "book_valuer_per_share": 10.3,
            "book_valuer_per_share_4q_avg": 9.47,
            "equity": 1074609,
            "current_ratio": 107.85,
            "debt_ratio": 44.18,
            "inventory_turnover_ratio": 1.91,
            "account_receivable_turnover_ratio": null,
            "reinvestment_rate": null,
            "research_to_sale_ratio": null,
            "price_fair": 57.05,
            "eps_avg_yearly": 1.63,
            "eps_latest_yearly": 4.72,
            "eps_growth_yearly": 4330.56
        },
        "20064": {
            "year_quarter": 20064,
            "year": 2006,
            "quarter": 4,
            "eps": 0.09,
            "eps_growth_year": null,
            "eps_4q": 1.31,
            "eps_4q_growth_year": null,
            "roe": 0.78,
            "roe_4q": 12.549999999999999,
            "gross_profit": 22951,
            "gross_margin": 6.9,
            "gross_margin_4q_avg": 5.18,
            "net_income": 8737,
            "net_income_4q": null,
            "revenue": 332519,
            "revenue_4q": null,
            "common_shares": 1043500,
            "book_valuer_per_share": 10.36,
            "book_valuer_per_share_4q_avg": 9.75,
            "equity": 1172209,
            "current_ratio": 114.65,
            "debt_ratio": 46.79,
            "inventory_turnover_ratio": 1,
            "account_receivable_turnover_ratio": null,
            "reinvestment_rate": null,
            "research_to_sale_ratio": null,
            "price_fair": 48.16,
            "eps_avg_yearly": 1.38,
            "eps_latest_yearly": 0.36,
            "eps_growth_yearly": 3390.55
        },
        "20071": {
            "year_quarter": 20071,
            "year": 2007,
            "quarter": 1,
            "eps": 0.01,
            "eps_growth_year": null,
            "eps_4q": 1.15,
            "eps_4q_growth_year": null,
            "roe": 0.1,
            "roe_4q": 12.98,
            "gross_profit": 25749,
            "gross_margin": 6.81,
            "gross_margin_4q_avg": 7.8,
            "net_income": 1142,
            "net_income_4q": null,
            "revenue": 378034,
            "revenue_4q": null,
            "common_shares": 1043500,
            "book_valuer_per_share": 10.42,
            "book_valuer_per_share_4q_avg": 10.06,
            "equity": 1086979,
            "current_ratio": 106.7,
            "debt_ratio": 47.99,
            "inventory_turnover_ratio": 0.92,
            "account_receivable_turnover_ratio": null,
            "reinvestment_rate": null,
            "research_to_sale_ratio": null,
            "price_fair": 40.37,
            "eps_avg_yearly": 1.15,
            "eps_latest_yearly": 0.04,
            "eps_growth_yearly": 2766.2
        },
        "20072": {
            "year_quarter": 20072,
            "year": 2007,
            "quarter": 2,
            "eps": 0.02,
            "eps_growth_year": -75,
            "eps_4q": 1.19,
            "eps_4q_growth_year": null,
            "roe": 0.19,
            "roe_4q": 12.34,
            "gross_profit": 29030,
            "gross_margin": 8.02,
            "gross_margin_4q_avg": 8.77,
            "net_income": 2120,
            "net_income_4q": null,
            "revenue": 362012,
            "revenue_4q": null,
            "common_shares": 1118500,
            "book_valuer_per_share": 10.28,
            "book_valuer_per_share_4q_avg": 10.34,
            "equity": 1150292,
            "current_ratio": 113.39,
            "debt_ratio": 47.12,
            "inventory_turnover_ratio": 0.86,
            "account_receivable_turnover_ratio": null,
            "reinvestment_rate": null,
            "research_to_sale_ratio": null,
            "price_fair": 35,
            "eps_avg_yearly": 1,
            "eps_latest_yearly": 0.08,
            "eps_growth_yearly": 2428.17
        },
        "20073": {
            "year_quarter": 20073,
            "year": 2007,
            "quarter": 3,
            "eps": -0.07,
            "eps_growth_year": -105.93,
            "eps_4q": 0.04,
            "eps_4q_growth_year": -89.41,
            "roe": -0.66,
            "roe_4q": 0.41000000000000003,
            "gross_profit": 19266,
            "gross_margin": 5.74,
            "gross_margin_4q_avg": 6.87,
            "net_income": -7587,
            "net_income_4q": null,
            "revenue": 335518,
            "revenue_4q": null,
            "common_shares": 1118500,
            "book_valuer_per_share": 10.24,
            "book_valuer_per_share_4q_avg": 10.33,
            "equity": 1144838,
            "current_ratio": 112.53,
            "debt_ratio": 47.29,
            "inventory_turnover_ratio": 0.76,
            "account_receivable_turnover_ratio": null,
            "reinvestment_rate": null,
            "research_to_sale_ratio": null,
            "price_fair": 35,
            "eps_avg_yearly": 1,
            "eps_latest_yearly": 0.08,
            "eps_growth_yearly": 2428.17
        },
        "20074": {
            "year_quarter": 20074,
            "year": 2007,
            "quarter": 4,
            "eps": -0.06,
            "eps_growth_year": -166.67,
            "eps_4q": -0.08,
            "eps_4q_growth_year": -105.8,
            "roe": -0.59,
            "roe_4q": -0.9600000000000001,
            "gross_profit": 18031,
            "gross_margin": 4.39,
            "gross_margin_4q_avg": 6.24,
            "net_income": -6930,
            "net_income_4q": null,
            "revenue": 410428,
            "revenue_4q": null,
            "common_shares": 1118500,
            "book_valuer_per_share": 10.13,
            "book_valuer_per_share_4q_avg": 10.27,
            "equity": 1222803,
            "current_ratio": 118.77,
            "debt_ratio": 48.51,
            "inventory_turnover_ratio": 0.93,
            "account_receivable_turnover_ratio": null,
            "reinvestment_rate": -1206.23,
            "research_to_sale_ratio": null,
            "price_fair": 35,
            "eps_avg_yearly": 1,
            "eps_latest_yearly": 0.08,
            "eps_growth_yearly": 2428.17
        },
        "20081": {
            "year_quarter": 20081,
            "year": 2008,
            "quarter": 1,
            "eps": 0.21,
            "eps_growth_year": 2000,
            "eps_4q": 0.1,
            "eps_4q_growth_year": -91.29,
            "roe": 1.97,
            "roe_4q": 0.9099999999999999,
            "gross_profit": 60564,
            "gross_margin": 11.04,
            "gross_margin_4q_avg": 7.3,
            "net_income": 24281,
            "net_income_4q": null,
            "revenue": 548705,
            "revenue_4q": null,
            "common_shares": 1118500,
            "book_valuer_per_share": 10.32,
            "book_valuer_per_share_4q_avg": 10.24,
            "equity": 1243627,
            "current_ratio": 120.71,
            "debt_ratio": 45.12,
            "inventory_turnover_ratio": 1.26,
            "account_receivable_turnover_ratio": null,
            "reinvestment_rate": -676.92,
            "research_to_sale_ratio": null,
            "price_fair": 35,
            "eps_avg_yearly": 1,
            "eps_latest_yearly": 0.08,
            "eps_growth_yearly": 2428.17
        },
        "20082": {
            "year_quarter": 20082,
            "year": 2008,
            "quarter": 2,
            "eps": 0.79,
            "eps_growth_year": 3850,
            "eps_4q": 0.86,
            "eps_4q_growth_year": -27.8,
            "roe": 6.95,
            "roe_4q": 7.67,
            "gross_profit": 133056,
            "gross_margin": 19.23,
            "gross_margin_4q_avg": 10.1,
            "net_income": 89734,
            "net_income_4q": null,
            "revenue": 691875,
            "revenue_4q": null,
            "common_shares": 1118500,
            "book_valuer_per_share": 11.14,
            "book_valuer_per_share_4q_avg": 10.46,
            "equity": 1338432,
            "current_ratio": 128.02,
            "debt_ratio": 46.45,
            "inventory_turnover_ratio": 1.41,
            "account_receivable_turnover_ratio": null,
            "reinvestment_rate": -275.37,
            "research_to_sale_ratio": null,
            "price_fair": 49.8,
            "eps_avg_yearly": 1.42,
            "eps_latest_yearly": 3.16,
            "eps_growth_yearly": 2611.39
        },
        "20083": {
            "year_quarter": 20083,
            "year": 2008,
            "quarter": 3,
            "eps": 0.54,
            "eps_growth_year": null,
            "eps_4q": 1.36,
            "eps_4q_growth_year": 3346.73,
            "roe": 4.77,
            "roe_4q": 13.1,
            "gross_profit": 123181,
            "gross_margin": 19.51,
            "gross_margin_4q_avg": 13.54,
            "net_income": 65755,
            "net_income_4q": null,
            "revenue": 631304,
            "revenue_4q": null,
            "common_shares": 1118500,
            "book_valuer_per_share": 11.76,
            "book_valuer_per_share_4q_avg": 10.84,
            "equity": 1417257,
            "current_ratio": 137.11,
            "debt_ratio": 43.89,
            "inventory_turnover_ratio": 0.96,
            "account_receivable_turnover_ratio": null,
            "reinvestment_rate": -191.43,
            "research_to_sale_ratio": null,
            "price_fair": 58.6,
            "eps_avg_yearly": 1.67,
            "eps_latest_yearly": 2.16,
            "eps_growth_yearly": 2536.16
        },
        "20084": {
            "year_quarter": 20084,
            "year": 2008,
            "quarter": 4,
            "eps": -1.22,
            "eps_growth_year": null,
            "eps_4q": 0.29,
            "eps_4q_growth_year": null,
            "roe": -10.42,
            "roe_4q": 3.2699999999999996,
            "gross_profit": -94699,
            "gross_margin": -33.62,
            "gross_margin_4q_avg": 4.04,
            "net_income": -140441,
            "net_income_4q": null,
            "revenue": 281692,
            "revenue_4q": null,
            "common_shares": 1118500,
            "book_valuer_per_share": 10.54,
            "book_valuer_per_share_4q_avg": 10.94,
            "equity": 1279449,
            "current_ratio": 120.17,
            "debt_ratio": 50.95,
            "inventory_turnover_ratio": 0.52,
            "account_receivable_turnover_ratio": 2.69,
            "reinvestment_rate": -619.01,
            "research_to_sale_ratio": null,
            "price_fair": 58.6,
            "eps_avg_yearly": 1.67,
            "eps_latest_yearly": 2.16,
            "eps_growth_yearly": 2536.16
        },
        "20091": {
            "year_quarter": 20091,
            "year": 2009,
            "quarter": 1,
            "eps": -1.5,
            "eps_growth_year": -814.29,
            "eps_4q": -1.39,
            "eps_4q_growth_year": -1486.8,
            "roe": -14.58,
            "roe_4q": -13.280000000000001,
            "gross_profit": -138565,
            "gross_margin": -62.21,
            "gross_margin_4q_avg": -14.27,
            "net_income": -174327,
            "net_income_4q": null,
            "revenue": 222723,
            "revenue_4q": null,
            "common_shares": 1118500,
            "book_valuer_per_share": 9.08,
            "book_valuer_per_share_4q_avg": 10.63,
            "equity": 1112040,
            "current_ratio": 115.6,
            "debt_ratio": 51.76,
            "inventory_turnover_ratio": 0.49,
            "account_receivable_turnover_ratio": 1.15,
            "reinvestment_rate": null,
            "research_to_sale_ratio": null,
            "price_fair": 58.6,
            "eps_avg_yearly": 1.67,
            "eps_latest_yearly": 2.16,
            "eps_growth_yearly": 2536.16
        },
        "20092": {
            "year_quarter": 20092,
            "year": 2009,
            "quarter": 2,
            "eps": -0.85,
            "eps_growth_year": -207.59,
            "eps_4q": -3.03,
            "eps_4q_growth_year": -452.32,
            "roe": -10.27,
            "roe_4q": -30.500000000000004,
            "gross_profit": -77298,
            "gross_margin": -21.91,
            "gross_margin_4q_avg": -24.56,
            "net_income": -108408,
            "net_income_4q": null,
            "revenue": 352722,
            "revenue_4q": null,
            "common_shares": 1118500,
            "book_valuer_per_share": 8.2,
            "book_valuer_per_share_4q_avg": 9.9,
            "equity": 998446,
            "current_ratio": 115.77,
            "debt_ratio": 51.37,
            "inventory_turnover_ratio": 0.78,
            "account_receivable_turnover_ratio": 1.64,
            "reinvestment_rate": null,
            "research_to_sale_ratio": null,
            "price_fair": 61.37,
            "eps_avg_yearly": 1.75,
            "eps_latest_yearly": 2.16,
            "eps_growth_yearly": 1025.52
        },
        "20093": {
            "year_quarter": 20093,
            "year": 2009,
            "quarter": 3,
            "eps": 0.1,
            "eps_growth_year": -81.48,
            "eps_4q": -3.58,
            "eps_4q_growth_year": -363.48,
            "roe": 1.08,
            "roe_4q": -34.19,
            "gross_profit": 33289,
            "gross_margin": 7.88,
            "gross_margin_4q_avg": -27.47,
            "net_income": 10832,
            "net_income_4q": null,
            "revenue": 422241,
            "revenue_4q": null,
            "common_shares": 1118500,
            "book_valuer_per_share": 8.27,
            "book_valuer_per_share_4q_avg": 9.02,
            "equity": 1005364,
            "current_ratio": 118.74,
            "debt_ratio": 48.8,
            "inventory_turnover_ratio": 1.06,
            "account_receivable_turnover_ratio": 1.58,
            "reinvestment_rate": null,
            "research_to_sale_ratio": null,
            "price_fair": 61.37,
            "eps_avg_yearly": 1.75,
            "eps_latest_yearly": 2.16,
            "eps_growth_yearly": 1025.52
        },
        "20094": {
            "year_quarter": 20094,
            "year": 2009,
            "quarter": 4,
            "eps": -0.01,
            "eps_growth_year": null,
            "eps_4q": -2.26,
            "eps_4q_growth_year": -871.1,
            "roe": 0.07,
            "roe_4q": -23.7,
            "gross_profit": 39711,
            "gross_margin": 8.93,
            "gross_margin_4q_avg": -16.83,
            "net_income": 732,
            "net_income_4q": null,
            "revenue": 444553,
            "revenue_4q": null,
            "common_shares": 1118500,
            "book_valuer_per_share": 8.23,
            "book_valuer_per_share_4q_avg": 8.45,
            "equity": 1001846,
            "current_ratio": 114,
            "debt_ratio": 49.47,
            "inventory_turnover_ratio": 1.33,
            "account_receivable_turnover_ratio": 2.94,
            "reinvestment_rate": null,
            "research_to_sale_ratio": null,
            "price_fair": 61.37,
            "eps_avg_yearly": 1.75,
            "eps_latest_yearly": 2.16,
            "eps_growth_yearly": 1025.52
        },
        "20101": {
            "year_quarter": 20101,
            "year": 2010,
            "quarter": 1,
            "eps": 0.25,
            "eps_growth_year": null,
            "eps_4q": -0.51,
            "eps_4q_growth_year": null,
            "roe": 3.06,
            "roe_4q": -6.06,
            "gross_profit": 60253,
            "gross_margin": 10.61,
            "gross_margin_4q_avg": 1.38,
            "net_income": 31091,
            "net_income_4q": null,
            "revenue": 568041,
            "revenue_4q": null,
            "common_shares": 1118500,
            "book_valuer_per_share": 8.47,
            "book_valuer_per_share_4q_avg": 8.29,
            "equity": 1031632,
            "current_ratio": 116.12,
            "debt_ratio": 49.76,
            "inventory_turnover_ratio": 1.65,
            "account_receivable_turnover_ratio": 1.65,
            "reinvestment_rate": null,
            "research_to_sale_ratio": 0,
            "price_fair": 61.37,
            "eps_avg_yearly": 1.75,
            "eps_latest_yearly": 2.16,
            "eps_growth_yearly": 1025.52
        },
        "20102": {
            "year_quarter": 20102,
            "year": 2010,
            "quarter": 2,
            "eps": 0.46,
            "eps_growth_year": null,
            "eps_4q": 0.8,
            "eps_4q_growth_year": null,
            "roe": 5.27,
            "roe_4q": 9.48,
            "gross_profit": 90661,
            "gross_margin": 14.01,
            "gross_margin_4q_avg": 10.36,
            "net_income": 56032,
            "net_income_4q": null,
            "revenue": 647092,
            "revenue_4q": null,
            "common_shares": 1118500,
            "book_valuer_per_share": 8.96,
            "book_valuer_per_share_4q_avg": 8.48,
            "equity": 1093265,
            "current_ratio": 117.72,
            "debt_ratio": 50.25,
            "inventory_turnover_ratio": 1.66,
            "account_receivable_turnover_ratio": 1.54,
            "reinvestment_rate": null,
            "research_to_sale_ratio": 0,
            "price_fair": 61.8,
            "eps_avg_yearly": 1.77,
            "eps_latest_yearly": 1.84,
            "eps_growth_yearly": 927.02
        },
        "20103": {
            "year_quarter": 20103,
            "year": 2010,
            "quarter": 3,
            "eps": 0.22,
            "eps_growth_year": 115.27,
            "eps_4q": 0.91,
            "eps_4q_growth_year": null,
            "roe": 2.46,
            "roe_4q": 10.86,
            "gross_profit": 65292,
            "gross_margin": 12.6,
            "gross_margin_4q_avg": 11.54,
            "net_income": 27213,
            "net_income_4q": null,
            "revenue": 518133,
            "revenue_4q": null,
            "common_shares": 1118500,
            "book_valuer_per_share": 9.16,
            "book_valuer_per_share_4q_avg": 8.71,
            "equity": 1117320,
            "current_ratio": 135.1,
            "debt_ratio": 51.98,
            "inventory_turnover_ratio": 1.01,
            "account_receivable_turnover_ratio": 1.18,
            "reinvestment_rate": null,
            "research_to_sale_ratio": 0,
            "price_fair": 42.6,
            "eps_avg_yearly": 1.22,
            "eps_latest_yearly": 0.88,
            "eps_growth_yearly": 111.49
        },
        "20104": {
            "year_quarter": 20104,
            "year": 2010,
            "quarter": 4,
            "eps": 0.2,
            "eps_growth_year": null,
            "eps_4q": 1.13,
            "eps_4q_growth_year": null,
            "roe": 2.09,
            "roe_4q": 12.88,
            "gross_profit": 40595,
            "gross_margin": 7.89,
            "gross_margin_4q_avg": 11.28,
            "net_income": 23342,
            "net_income_4q": null,
            "revenue": 514329,
            "revenue_4q": null,
            "common_shares": 1118500,
            "book_valuer_per_share": 9.3,
            "book_valuer_per_share_4q_avg": 8.97,
            "equity": 1119875,
            "current_ratio": 159.23,
            "debt_ratio": 54.42,
            "inventory_turnover_ratio": 0.8,
            "account_receivable_turnover_ratio": 1.22,
            "reinvestment_rate": null,
            "research_to_sale_ratio": 0,
            "price_fair": 44.8,
            "eps_avg_yearly": 1.28,
            "eps_latest_yearly": 0.8,
            "eps_growth_yearly": 159.08
        },
        "20111": {
            "year_quarter": 20111,
            "year": 2011,
            "quarter": 1,
            "eps": 0.32,
            "eps_growth_year": 28,
            "eps_4q": 1.2,
            "eps_4q_growth_year": null,
            "roe": 3.19,
            "roe_4q": 13.009999999999998,
            "gross_profit": 71745,
            "gross_margin": 10.55,
            "gross_margin_4q_avg": 11.26,
            "net_income": 36340,
            "net_income_4q": null,
            "revenue": 679786,
            "revenue_4q": null,
            "common_shares": 1118500,
            "book_valuer_per_share": 9.64,
            "book_valuer_per_share_4q_avg": 9.27,
            "equity": 1159841,
            "current_ratio": 151.69,
            "debt_ratio": 55.52,
            "inventory_turnover_ratio": 0.98,
            "account_receivable_turnover_ratio": 1.37,
            "reinvestment_rate": null,
            "research_to_sale_ratio": 0,
            "price_fair": 51,
            "eps_avg_yearly": 1.46,
            "eps_latest_yearly": 1.28,
            "eps_growth_yearly": 244.16
        },
        "20112": {
            "year_quarter": 20112,
            "year": 2011,
            "quarter": 2,
            "eps": 0.61,
            "eps_growth_year": 33.83,
            "eps_4q": 1.36,
            "eps_4q_growth_year": 69.44,
            "roe": 5.92,
            "roe_4q": 13.66,
            "gross_profit": 107761,
            "gross_margin": 16.63,
            "gross_margin_4q_avg": 11.92,
            "net_income": 70594,
            "net_income_4q": null,
            "revenue": 648086,
            "revenue_4q": null,
            "common_shares": 1118500,
            "book_valuer_per_share": 10.24,
            "book_valuer_per_share_4q_avg": 9.59,
            "equity": 1227022,
            "current_ratio": 190.84,
            "debt_ratio": 52.3,
            "inventory_turnover_ratio": 0.96,
            "account_receivable_turnover_ratio": 1.18,
            "reinvestment_rate": 6263.03,
            "research_to_sale_ratio": 0,
            "price_fair": 62.8,
            "eps_avg_yearly": 1.79,
            "eps_latest_yearly": 2.44,
            "eps_growth_yearly": 238.8
        },
        "20113": {
            "year_quarter": 20113,
            "year": 2011,
            "quarter": 3,
            "eps": 0.15,
            "eps_growth_year": -29.74,
            "eps_4q": 1.29,
            "eps_4q_growth_year": 41.37,
            "roe": 1.27,
            "roe_4q": 12.469999999999999,
            "gross_profit": 54305,
            "gross_margin": 10.11,
            "gross_margin_4q_avg": 11.3,
            "net_income": 15863,
            "net_income_4q": null,
            "revenue": 537251,
            "revenue_4q": null,
            "common_shares": 1118500,
            "book_valuer_per_share": 10.51,
            "book_valuer_per_share_4q_avg": 9.92,
            "equity": 1261888,
            "current_ratio": 161.54,
            "debt_ratio": 52.99,
            "inventory_turnover_ratio": 0.75,
            "account_receivable_turnover_ratio": 1.11,
            "reinvestment_rate": 1025.55,
            "research_to_sale_ratio": 0,
            "price_fair": 57.58,
            "eps_avg_yearly": 1.65,
            "eps_latest_yearly": 0.6,
            "eps_growth_yearly": 171.25
        },
        "20114": {
            "year_quarter": 20114,
            "year": 2011,
            "quarter": 4,
            "eps": 0,
            "eps_growth_year": -99.34,
            "eps_4q": 1.11,
            "eps_4q_growth_year": -1.54,
            "roe": -0.23,
            "roe_4q": 10.15,
            "gross_profit": 29973,
            "gross_margin": 6,
            "gross_margin_4q_avg": 10.82,
            "net_income": -2901,
            "net_income_4q": null,
            "revenue": 499802,
            "revenue_4q": null,
            "common_shares": 1095500,
            "book_valuer_per_share": 10.51,
            "book_valuer_per_share_4q_avg": 10.23,
            "equity": 1239483,
            "current_ratio": 158.92,
            "debt_ratio": 56.73,
            "inventory_turnover_ratio": 0.6,
            "account_receivable_turnover_ratio": 1.15,
            "reinvestment_rate": 495.87,
            "research_to_sale_ratio": 0,
            "price_fair": 57.58,
            "eps_avg_yearly": 1.65,
            "eps_latest_yearly": 0.6,
            "eps_growth_yearly": 171.25
        },
        "20121": {
            "year_quarter": 20121,
            "year": 2012,
            "quarter": 1,
            "eps": -0.34,
            "eps_growth_year": -206.25,
            "eps_4q": 0.44,
            "eps_4q_growth_year": -63.39,
            "roe": -3.4,
            "roe_4q": 3.56,
            "gross_profit": -8277,
            "gross_margin": -1.68,
            "gross_margin_4q_avg": 7.77,
            "net_income": -41325,
            "net_income_4q": null,
            "revenue": 491359,
            "revenue_4q": null,
            "common_shares": 1095500,
            "book_valuer_per_share": 10.14,
            "book_valuer_per_share_4q_avg": 10.35,
            "equity": 1192944,
            "current_ratio": 177.17,
            "debt_ratio": 55.15,
            "inventory_turnover_ratio": 0.66,
            "account_receivable_turnover_ratio": 1.19,
            "reinvestment_rate": null,
            "research_to_sale_ratio": 0,
            "price_fair": 57.58,
            "eps_avg_yearly": 1.65,
            "eps_latest_yearly": 0.6,
            "eps_growth_yearly": 171.25
        },
        "20122": {
            "year_quarter": 20122,
            "year": 2012,
            "quarter": 2,
            "eps": 0.01,
            "eps_growth_year": -99.05,
            "eps_4q": -0.18,
            "eps_4q_growth_year": -113.34,
            "roe": -0.02,
            "roe_4q": -2.38,
            "gross_profit": 38169,
            "gross_margin": 6.71,
            "gross_margin_4q_avg": 5.29,
            "net_income": -237,
            "net_income_4q": null,
            "revenue": 569202,
            "revenue_4q": null,
            "common_shares": 1095500,
            "book_valuer_per_share": 10.03,
            "book_valuer_per_share_4q_avg": 10.3,
            "equity": 1180742,
            "current_ratio": 142.44,
            "debt_ratio": 56.65,
            "inventory_turnover_ratio": 0.78,
            "account_receivable_turnover_ratio": 1.32,
            "reinvestment_rate": null,
            "research_to_sale_ratio": 0,
            "price_fair": 50,
            "eps_avg_yearly": 1.43,
            "eps_latest_yearly": 0.6,
            "eps_growth_yearly": 37.89
        },
        "20123": {
            "year_quarter": 20123,
            "year": 2012,
            "quarter": 3,
            "eps": -0.22,
            "eps_growth_year": -243.89,
            "eps_4q": -0.55,
            "eps_4q_growth_year": -142.78,
            "roe": -2.08,
            "roe_4q": -5.73,
            "gross_profit": 11104,
            "gross_margin": 2.31,
            "gross_margin_4q_avg": 3.34,
            "net_income": -24288,
            "net_income_4q": null,
            "revenue": 479882,
            "revenue_4q": null,
            "common_shares": 1095500,
            "book_valuer_per_share": 9.78,
            "book_valuer_per_share_4q_avg": 10.12,
            "equity": 1150972,
            "current_ratio": 111.86,
            "debt_ratio": 56.49,
            "inventory_turnover_ratio": 0.68,
            "account_receivable_turnover_ratio": 1.15,
            "reinvestment_rate": null,
            "research_to_sale_ratio": 0,
            "price_fair": 45.73,
            "eps_avg_yearly": 1.31,
            "eps_latest_yearly": 0.6,
            "eps_growth_yearly": 65.3
        },
        "20124": {
            "year_quarter": 20124,
            "year": 2012,
            "quarter": 4,
            "eps": -0.35,
            "eps_growth_year": -26546.8,
            "eps_4q": -0.91,
            "eps_4q_growth_year": -181.64,
            "roe": -3.59,
            "roe_4q": -9.09,
            "gross_profit": -1328,
            "gross_margin": -0.27,
            "gross_margin_4q_avg": 1.77,
            "net_income": -40774,
            "net_income_4q": null,
            "revenue": 500046,
            "revenue_4q": null,
            "common_shares": 1095500,
            "book_valuer_per_share": 9.51,
            "book_valuer_per_share_4q_avg": 9.87,
            "equity": 1120522,
            "current_ratio": 137.58,
            "debt_ratio": 53.32,
            "inventory_turnover_ratio": 0.85,
            "account_receivable_turnover_ratio": 1.33,
            "reinvestment_rate": null,
            "research_to_sale_ratio": 0,
            "price_fair": 45.73,
            "eps_avg_yearly": 1.31,
            "eps_latest_yearly": 0.6,
            "eps_growth_yearly": 65.3
        },
        "20131": {
            "year_quarter": 20131,
            "year": 2013,
            "quarter": 1,
            "eps": 0.08,
            "eps_growth_year": null,
            "eps_4q": -0.48,
            "eps_4q_growth_year": -209.86,
            "roe": 0.67,
            "roe_4q": -5.02,
            "gross_profit": 45001,
            "gross_margin": 9.52,
            "gross_margin_4q_avg": 4.57,
            "net_income": 7589,
            "net_income_4q": null,
            "revenue": 472663,
            "revenue_4q": null,
            "common_shares": 1095500,
            "book_valuer_per_share": 9.65,
            "book_valuer_per_share_4q_avg": 9.74,
            "equity": 1136827,
            "current_ratio": 138.64,
            "debt_ratio": 51.91,
            "inventory_turnover_ratio": 0.96,
            "account_receivable_turnover_ratio": 1.26,
            "reinvestment_rate": 9.47,
            "research_to_sale_ratio": null,
            "price_fair": 45.73,
            "eps_avg_yearly": 1.31,
            "eps_latest_yearly": 0.6,
            "eps_growth_yearly": 65.3
        },
        "20132": {
            "year_quarter": 20132,
            "year": 2013,
            "quarter": 2,
            "eps": 0.23,
            "eps_growth_year": 3849.18,
            "eps_4q": -0.26,
            "eps_4q_growth_year": null,
            "roe": 2.14,
            "roe_4q": -2.86,
            "gross_profit": 62785,
            "gross_margin": 12.38,
            "gross_margin_4q_avg": 5.99,
            "net_income": 24644,
            "net_income_4q": null,
            "revenue": 507244,
            "revenue_4q": null,
            "common_shares": 1095500,
            "book_valuer_per_share": 9.91,
            "book_valuer_per_share_4q_avg": 9.71,
            "equity": 1166094,
            "current_ratio": 131.42,
            "debt_ratio": 52.6,
            "inventory_turnover_ratio": 0.98,
            "account_receivable_turnover_ratio": 1.29,
            "reinvestment_rate": 48.49,
            "research_to_sale_ratio": null,
            "price_fair": 43.8,
            "eps_avg_yearly": 1.25,
            "eps_latest_yearly": 0.92,
            "eps_growth_yearly": 163.11
        },
        "20133": {
            "year_quarter": 20133,
            "year": 2013,
            "quarter": 3,
            "eps": 0.1,
            "eps_growth_year": null,
            "eps_4q": 0.06,
            "eps_4q_growth_year": null,
            "roe": 0.76,
            "roe_4q": -0.019999999999999574,
            "gross_profit": 47657,
            "gross_margin": 9.64,
            "gross_margin_4q_avg": 7.82,
            "net_income": 8882,
            "net_income_4q": null,
            "revenue": 494302,
            "revenue_4q": null,
            "common_shares": 1095500,
            "book_valuer_per_share": 9.99,
            "book_valuer_per_share_4q_avg": 9.77,
            "equity": 1172357,
            "current_ratio": 171.92,
            "debt_ratio": 51.61,
            "inventory_turnover_ratio": 0.98,
            "account_receivable_turnover_ratio": 1.26,
            "reinvestment_rate": 33.06,
            "research_to_sale_ratio": null,
            "price_fair": 40.08,
            "eps_avg_yearly": 1.15,
            "eps_latest_yearly": 0.4,
            "eps_growth_yearly": 114.46
        },
        "20134": {
            "year_quarter": 20134,
            "year": 2013,
            "quarter": 4,
            "eps": 0.06,
            "eps_growth_year": null,
            "eps_4q": 0.47,
            "eps_4q_growth_year": null,
            "roe": 0.37,
            "roe_4q": 3.94,
            "gross_profit": 25115,
            "gross_margin": 18.5,
            "gross_margin_4q_avg": 12.51,
            "net_income": 4368,
            "net_income_4q": null,
            "revenue": 135741,
            "revenue_4q": null,
            "common_shares": 1095500,
            "book_valuer_per_share": 10.13,
            "book_valuer_per_share_4q_avg": 9.92,
            "equity": 1186604,
            "current_ratio": 184.28,
            "debt_ratio": 53.64,
            "inventory_turnover_ratio": 0.25,
            "account_receivable_turnover_ratio": 0.41,
            "reinvestment_rate": -69.66,
            "research_to_sale_ratio": null,
            "price_fair": 36.56,
            "eps_avg_yearly": 1.04,
            "eps_latest_yearly": 0.24,
            "eps_growth_yearly": 83.97
        },
        "20141": {
            "year_quarter": 20141,
            "year": 2014,
            "quarter": 1,
            "eps": 0.18,
            "eps_growth_year": 125,
            "eps_4q": 0.58,
            "eps_4q_growth_year": null,
            "roe": 1.66,
            "roe_4q": 4.93,
            "gross_profit": 46923,
            "gross_margin": 11.18,
            "gross_margin_4q_avg": 12.93,
            "net_income": 19795,
            "net_income_4q": null,
            "revenue": 419787,
            "revenue_4q": null,
            "common_shares": 1095500,
            "book_valuer_per_share": 10.3,
            "book_valuer_per_share_4q_avg": 10.08,
            "equity": 1204218,
            "current_ratio": 186.8,
            "debt_ratio": 51.16,
            "inventory_turnover_ratio": 0.86,
            "account_receivable_turnover_ratio": 1.39,
            "reinvestment_rate": -75.33,
            "research_to_sale_ratio": null,
            "price_fair": 35.42,
            "eps_avg_yearly": 1.01,
            "eps_latest_yearly": 0.72,
            "eps_growth_yearly": 155.57
        },
        "20142": {
            "year_quarter": 20142,
            "year": 2014,
            "quarter": 2,
            "eps": 0.62,
            "eps_growth_year": 169.57,
            "eps_4q": 0.96,
            "eps_4q_growth_year": null,
            "roe": 5.51,
            "roe_4q": 8.3,
            "gross_profit": 59297,
            "gross_margin": 13.01,
            "gross_margin_4q_avg": 13.08,
            "net_income": 65972,
            "net_income_4q": null,
            "revenue": 455776,
            "revenue_4q": null,
            "common_shares": 1095500,
            "book_valuer_per_share": 10.88,
            "book_valuer_per_share_4q_avg": 10.33,
            "equity": 1191413,
            "current_ratio": 213.08,
            "debt_ratio": 46.83,
            "inventory_turnover_ratio": 0.93,
            "account_receivable_turnover_ratio": 1.4,
            "reinvestment_rate": -68.18,
            "research_to_sale_ratio": null,
            "price_fair": 37.66,
            "eps_avg_yearly": 1.08,
            "eps_latest_yearly": 2.48,
            "eps_growth_yearly": 219.75
        },
        "20143": {
            "year_quarter": 20143,
            "year": 2014,
            "quarter": 3,
            "eps": 0.31,
            "eps_growth_year": 210,
            "eps_4q": 1.26,
            "eps_4q_growth_year": 2152.27,
            "roe": 2.85,
            "roe_4q": 10.389999999999999,
            "gross_profit": 58408,
            "gross_margin": 12.92,
            "gross_margin_4q_avg": 13.9,
            "net_income": 33342,
            "net_income_4q": null,
            "revenue": 451977,
            "revenue_4q": null,
            "common_shares": 1020000,
            "book_valuer_per_share": 11.25,
            "book_valuer_per_share_4q_avg": 10.64,
            "equity": 1147693,
            "current_ratio": 200.09,
            "debt_ratio": 49.41,
            "inventory_turnover_ratio": 0.86,
            "account_receivable_turnover_ratio": 1.32,
            "reinvestment_rate": -66.13,
            "research_to_sale_ratio": null,
            "price_fair": 38.92,
            "eps_avg_yearly": 1.11,
            "eps_latest_yearly": 1.24,
            "eps_growth_yearly": 220.62
        },
        "20144": {
            "year_quarter": 20144,
            "year": 2014,
            "quarter": 4,
            "eps": 0.14,
            "eps_growth_year": 113.33,
            "eps_4q": 1.32,
            "eps_4q_growth_year": 179.22,
            "roe": 1.2,
            "roe_4q": 11.219999999999999,
            "gross_profit": 34898,
            "gross_margin": 8.75,
            "gross_margin_4q_avg": 11.47,
            "net_income": 13852,
            "net_income_4q": null,
            "revenue": 398813,
            "revenue_4q": null,
            "common_shares": 1020000,
            "book_valuer_per_share": 11.35,
            "book_valuer_per_share_4q_avg": 10.95,
            "equity": 1157375,
            "current_ratio": 176.87,
            "debt_ratio": 47.56,
            "inventory_turnover_ratio": 0.81,
            "account_receivable_turnover_ratio": 1.19,
            "reinvestment_rate": -74.48,
            "research_to_sale_ratio": null,
            "price_fair": 38.08,
            "eps_avg_yearly": 1.09,
            "eps_latest_yearly": 0.56,
            "eps_growth_yearly": 202.32
        },
        "20151": {
            "year_quarter": 20151,
            "year": 2015,
            "quarter": 1,
            "eps": 0.12,
            "eps_growth_year": -33.33,
            "eps_4q": 1.25,
            "eps_4q_growth_year": 117.53,
            "roe": 1.09,
            "roe_4q": 10.65,
            "gross_profit": 38105,
            "gross_margin": 10.69,
            "gross_margin_4q_avg": 11.34,
            "net_income": 12739,
            "net_income_4q": null,
            "revenue": 356329,
            "revenue_4q": null,
            "common_shares": 1020000,
            "book_valuer_per_share": 11.47,
            "book_valuer_per_share_4q_avg": 11.24,
            "equity": 1170114,
            "current_ratio": 170.21,
            "debt_ratio": 46.53,
            "inventory_turnover_ratio": 0.73,
            "account_receivable_turnover_ratio": 1.17,
            "reinvestment_rate": -86.83,
            "research_to_sale_ratio": null,
            "price_fair": 35.28,
            "eps_avg_yearly": 1.01,
            "eps_latest_yearly": 0.48,
            "eps_growth_yearly": 172.61
        },
        "20152": {
            "year_quarter": 20152,
            "year": 2015,
            "quarter": 2,
            "eps": 0.08,
            "eps_growth_year": -87.1,
            "eps_4q": 0.67,
            "eps_4q_growth_year": -30.85,
            "roe": 0.71,
            "roe_4q": 5.85,
            "gross_profit": 35109,
            "gross_margin": 9.13,
            "gross_margin_4q_avg": 10.37,
            "net_income": 8024,
            "net_income_4q": null,
            "revenue": 384655,
            "revenue_4q": null,
            "common_shares": 1020000,
            "book_valuer_per_share": 10.75,
            "book_valuer_per_share_4q_avg": 11.21,
            "equity": 1096538,
            "current_ratio": 138.8,
            "debt_ratio": 50.12,
            "inventory_turnover_ratio": 0.83,
            "account_receivable_turnover_ratio": 1.3,
            "reinvestment_rate": -132.21,
            "research_to_sale_ratio": null,
            "price_fair": 27.86,
            "eps_avg_yearly": 0.8,
            "eps_latest_yearly": 0.32,
            "eps_growth_yearly": 123.02
        },
        "20153": {
            "year_quarter": 20153,
            "year": 2015,
            "quarter": 3,
            "eps": 0.08,
            "eps_growth_year": -74.19,
            "eps_4q": 0.44,
            "eps_4q_growth_year": -65.15,
            "roe": 0.75,
            "roe_4q": 3.75,
            "gross_profit": 26555,
            "gross_margin": 8.52,
            "gross_margin_4q_avg": 9.27,
            "net_income": 8099,
            "net_income_4q": null,
            "revenue": 311545,
            "revenue_4q": null,
            "common_shares": 975000,
            "book_valuer_per_share": 10.98,
            "book_valuer_per_share_4q_avg": 11.14,
            "equity": 1070075,
            "current_ratio": 138.8,
            "debt_ratio": 49.62,
            "inventory_turnover_ratio": 0.7,
            "account_receivable_turnover_ratio": 1.15,
            "reinvestment_rate": -152.59,
            "research_to_sale_ratio": null,
            "price_fair": 26.88,
            "eps_avg_yearly": 0.77,
            "eps_latest_yearly": 0.32,
            "eps_growth_yearly": 153.19
        },
        "20154": {
            "year_quarter": 20154,
            "year": 2015,
            "quarter": 4,
            "eps": 0.06,
            "eps_growth_year": -57.81,
            "eps_4q": 0.35,
            "eps_4q_growth_year": -73.33,
            "roe": 0.52,
            "roe_4q": 3.0700000000000003,
            "gross_profit": 28325,
            "gross_margin": 8.64,
            "gross_margin_4q_avg": 9.25,
            "net_income": 5586,
            "net_income_4q": null,
            "revenue": 327937,
            "revenue_4q": null,
            "common_shares": 975000,
            "book_valuer_per_share": 11.04,
            "book_valuer_per_share_4q_avg": 11.06,
            "equity": 1075959,
            "current_ratio": 128.29,
            "debt_ratio": 49.33,
            "inventory_turnover_ratio": 0.74,
            "account_receivable_turnover_ratio": 1.36,
            "reinvestment_rate": -172.51,
            "research_to_sale_ratio": null,
            "price_fair": 25.2,
            "eps_avg_yearly": 0.72,
            "eps_latest_yearly": 0.24,
            "eps_growth_yearly": 130.17
        },
        "20161": {
            "year_quarter": 20161,
            "year": 2016,
            "quarter": 1,
            "eps": 0.09,
            "eps_growth_year": -25,
            "eps_4q": 0.31,
            "eps_4q_growth_year": -75.33,
            "roe": 0.78,
            "roe_4q": 2.76,
            "gross_profit": 29256,
            "gross_margin": 9.22,
            "gross_margin_4q_avg": 8.88,
            "net_income": 8400,
            "net_income_4q": null,
            "revenue": 317476,
            "revenue_4q": null,
            "common_shares": 975000,
            "book_valuer_per_share": 11.12,
            "book_valuer_per_share_4q_avg": 10.97,
            "equity": 1084359,
            "current_ratio": 126.94,
            "debt_ratio": 47.64,
            "inventory_turnover_ratio": 0.77,
            "account_receivable_turnover_ratio": 1.26,
            "reinvestment_rate": -104.24,
            "research_to_sale_ratio": null,
            "price_fair": 24.15,
            "eps_avg_yearly": 0.69,
            "eps_latest_yearly": 0.36,
            "eps_growth_yearly": 135.99
        },
        "20162": {
            "year_quarter": 20162,
            "year": 2016,
            "quarter": 2,
            "eps": 0.27,
            "eps_growth_year": 237.5,
            "eps_4q": 0.5,
            "eps_4q_growth_year": -25.61,
            "roe": 2.42,
            "roe_4q": 4.470000000000001,
            "gross_profit": 54913,
            "gross_margin": 15.27,
            "gross_margin_4q_avg": 10.41,
            "net_income": 26236,
            "net_income_4q": null,
            "revenue": 359647,
            "revenue_4q": null,
            "common_shares": 975000,
            "book_valuer_per_share": 11.09,
            "book_valuer_per_share_4q_avg": 11.06,
            "equity": 1081345,
            "current_ratio": 150.73,
            "debt_ratio": 47.62,
            "inventory_turnover_ratio": 0.9,
            "account_receivable_turnover_ratio": 1.39,
            "reinvestment_rate": -109.78,
            "research_to_sale_ratio": null,
            "price_fair": 25.2,
            "eps_avg_yearly": 0.72,
            "eps_latest_yearly": 1.08,
            "eps_growth_yearly": 187.07
        },
        "20163": {
            "year_quarter": 20163,
            "year": 2016,
            "quarter": 3,
            "eps": 0.26,
            "eps_growth_year": 225,
            "eps_4q": 0.67,
            "eps_4q_growth_year": 53.23,
            "roe": 2.31,
            "roe_4q": 6.030000000000001,
            "gross_profit": 51794,
            "gross_margin": 15.55,
            "gross_margin_4q_avg": 12.17,
            "net_income": 25228,
            "net_income_4q": null,
            "revenue": 333021,
            "revenue_4q": null,
            "common_shares": 975000,
            "book_valuer_per_share": 11.35,
            "book_valuer_per_share_4q_avg": 11.15,
            "equity": 1106573,
            "current_ratio": 162.25,
            "debt_ratio": 46.03,
            "inventory_turnover_ratio": 0.85,
            "account_receivable_turnover_ratio": 1.34,
            "reinvestment_rate": -85.83,
            "research_to_sale_ratio": null,
            "price_fair": 26,
            "eps_avg_yearly": 0.74,
            "eps_latest_yearly": 1.04,
            "eps_growth_yearly": 172.65
        },
        "20164": {
            "year_quarter": 20164,
            "year": 2016,
            "quarter": 4,
            "eps": 0.41,
            "eps_growth_year": 619.19,
            "eps_4q": 1.03,
            "eps_4q_growth_year": 190.4,
            "roe": 3.57,
            "roe_4q": 9.08,
            "gross_profit": 63157,
            "gross_margin": 16.13,
            "gross_margin_4q_avg": 14.04,
            "net_income": 40174,
            "net_income_4q": null,
            "revenue": 391551,
            "revenue_4q": null,
            "common_shares": 975000,
            "book_valuer_per_share": 11.7,
            "book_valuer_per_share_4q_avg": 11.32,
            "equity": 1141042,
            "current_ratio": 164.88,
            "debt_ratio": 44.53,
            "inventory_turnover_ratio": 1.03,
            "account_receivable_turnover_ratio": 1.44,
            "reinvestment_rate": -78.05,
            "research_to_sale_ratio": null,
            "price_fair": 28.09,
            "eps_avg_yearly": 0.8,
            "eps_latest_yearly": 1.64,
            "eps_growth_yearly": 176.52
        },
        "20171": {
            "year_quarter": 20171,
            "year": 2017,
            "quarter": 1,
            "eps": 0.25,
            "eps_growth_year": 177.78,
            "eps_4q": 1.19,
            "eps_4q_growth_year": 286.04,
            "roe": 2.13,
            "roe_4q": 10.43,
            "gross_profit": 60265,
            "gross_margin": 17.27,
            "gross_margin_4q_avg": 16.06,
            "net_income": 24595,
            "net_income_4q": null,
            "revenue": 349021,
            "revenue_4q": null,
            "common_shares": 975000,
            "book_valuer_per_share": 11.96,
            "book_valuer_per_share_4q_avg": 11.53,
            "equity": 1165637,
            "current_ratio": 154.6,
            "debt_ratio": 45.35,
            "inventory_turnover_ratio": 0.87,
            "account_receivable_turnover_ratio": 1.2,
            "reinvestment_rate": -6.54,
            "research_to_sale_ratio": null,
            "price_fair": 28.53,
            "eps_avg_yearly": 0.82,
            "eps_latest_yearly": 1,
            "eps_growth_yearly": 155.73
        },
        "20172": {
            "year_quarter": 20172,
            "year": 2017,
            "quarter": 2,
            "eps": 0.22,
            "eps_growth_year": -18.52,
            "eps_4q": 1.14,
            "eps_4q_growth_year": 130.09,
            "roe": 1.85,
            "roe_4q": 9.86,
            "gross_profit": 47018,
            "gross_margin": 14.99,
            "gross_margin_4q_avg": 15.99,
            "net_income": 21185,
            "net_income_4q": null,
            "revenue": 313748,
            "revenue_4q": null,
            "common_shares": 975000,
            "book_valuer_per_share": 11.57,
            "book_valuer_per_share_4q_avg": 11.65,
            "equity": 1128322,
            "current_ratio": 140.74,
            "debt_ratio": 47.9,
            "inventory_turnover_ratio": 0.66,
            "account_receivable_turnover_ratio": 1.18,
            "reinvestment_rate": -27.8,
            "research_to_sale_ratio": null,
            "price_fair": 28.44,
            "eps_avg_yearly": 0.81,
            "eps_latest_yearly": 0.88,
            "eps_growth_yearly": 105.86
        },
        "20173": {
            "year_quarter": 20173,
            "year": 2017,
            "quarter": 3,
            "eps": 0.3,
            "eps_growth_year": 15.38,
            "eps_4q": 1.19,
            "eps_4q_growth_year": 76.54,
            "roe": 2.59,
            "roe_4q": 10.139999999999999,
            "gross_profit": 58062,
            "gross_margin": 14.52,
            "gross_margin_4q_avg": 15.73,
            "net_income": 29594,
            "net_income_4q": null,
            "revenue": 399867,
            "revenue_4q": null,
            "common_shares": 975000,
            "book_valuer_per_share": 11.88,
            "book_valuer_per_share_4q_avg": 11.78,
            "equity": 1157916,
            "current_ratio": 140.15,
            "debt_ratio": 47.24,
            "inventory_turnover_ratio": 0.8,
            "account_receivable_turnover_ratio": 1.43,
            "reinvestment_rate": -20.46,
            "research_to_sale_ratio": null,
            "price_fair": 30.19,
            "eps_avg_yearly": 0.86,
            "eps_latest_yearly": 1.2,
            "eps_growth_yearly": 129.08
        },
        "20174": {
            "year_quarter": 20174,
            "year": 2017,
            "quarter": 4,
            "eps": 0.28,
            "eps_growth_year": -32.83,
            "eps_4q": 1.05,
            "eps_4q_growth_year": 2.32,
            "roe": 2.3,
            "roe_4q": 8.870000000000001,
            "gross_profit": 56683,
            "gross_margin": 15.24,
            "gross_margin_4q_avg": 15.51,
            "net_income": 26984,
            "net_income_4q": null,
            "revenue": 372015,
            "revenue_4q": null,
            "common_shares": 975000,
            "book_valuer_per_share": 12.2,
            "book_valuer_per_share_4q_avg": 11.9,
            "equity": 1189076,
            "current_ratio": 142.64,
            "debt_ratio": 45.96,
            "inventory_turnover_ratio": 0.73,
            "account_receivable_turnover_ratio": 1.23,
            "reinvestment_rate": -6.08,
            "research_to_sale_ratio": null,
            "price_fair": 32.11,
            "eps_avg_yearly": 0.92,
            "eps_latest_yearly": 1.12,
            "eps_growth_yearly": 137.41
        },
        "20181": {
            "year_quarter": 20181,
            "year": 2018,
            "quarter": 1,
            "eps": 0.22,
            "eps_growth_year": -12,
            "eps_4q": 1.02,
            "eps_4q_growth_year": -14.33,
            "roe": 1.82,
            "roe_4q": 8.56,
            "gross_profit": 50996,
            "gross_margin": 13.39,
            "gross_margin_4q_avg": 14.54,
            "net_income": 21819,
            "net_income_4q": null,
            "revenue": 380720,
            "revenue_4q": null,
            "common_shares": 975000,
            "book_valuer_per_share": 12.42,
            "book_valuer_per_share_4q_avg": 12.02,
            "equity": 1210895,
            "current_ratio": 138.7,
            "debt_ratio": 45.57,
            "inventory_turnover_ratio": 0.73,
            "account_receivable_turnover_ratio": 1.28,
            "reinvestment_rate": -5.83,
            "research_to_sale_ratio": null,
            "price_fair": 32.46,
            "eps_avg_yearly": 0.93,
            "eps_latest_yearly": 0.88,
            "eps_growth_yearly": 82.05
        },
        "20182": {
            "year_quarter": 20182,
            "year": 2018,
            "quarter": 2,
            "eps": 0.28,
            "eps_growth_year": 27.27,
            "eps_4q": 1.08,
            "eps_4q_growth_year": -5.08,
            "roe": 2.29,
            "roe_4q": 9,
            "gross_profit": 52727,
            "gross_margin": 14.41,
            "gross_margin_4q_avg": 14.39,
            "net_income": 27136,
            "net_income_4q": null,
            "revenue": 365978,
            "revenue_4q": null,
            "common_shares": 975000,
            "book_valuer_per_share": 11.9,
            "book_valuer_per_share_4q_avg": 12.1,
            "equity": 1160031,
            "current_ratio": 127.66,
            "debt_ratio": 49.71,
            "inventory_turnover_ratio": 0.66,
            "account_receivable_turnover_ratio": 1.18,
            "reinvestment_rate": 9.77,
            "research_to_sale_ratio": null,
            "price_fair": 29.49,
            "eps_avg_yearly": 0.84,
            "eps_latest_yearly": 1.12,
            "eps_growth_yearly": 27.76
        },
        "20183": {
            "year_quarter": 20183,
            "year": 2018,
            "quarter": 3,
            "eps": 0.2,
            "eps_growth_year": -33.33,
            "eps_4q": 0.98,
            "eps_4q_growth_year": -17.24,
            "roe": 1.68,
            "roe_4q": 8.09,
            "gross_profit": 50407,
            "gross_margin": 13.14,
            "gross_margin_4q_avg": 14.05,
            "net_income": 19689,
            "net_income_4q": null,
            "revenue": 383744,
            "revenue_4q": null,
            "common_shares": 975000,
            "book_valuer_per_share": 12.1,
            "book_valuer_per_share_4q_avg": 12.16,
            "equity": 1179720,
            "current_ratio": 126.88,
            "debt_ratio": 48.26,
            "inventory_turnover_ratio": 0.68,
            "account_receivable_turnover_ratio": 1.17,
            "reinvestment_rate": 16.34,
            "research_to_sale_ratio": null,
            "price_fair": 28.53,
            "eps_avg_yearly": 0.82,
            "eps_latest_yearly": 0.8,
            "eps_growth_yearly": 33.12
        },
        "20184": {
            "year_quarter": 20184,
            "year": 2018,
            "quarter": 4,
            "eps": 0.06,
            "eps_growth_year": -76.97,
            "eps_4q": 0.77,
            "eps_4q_growth_year": -26.87,
            "roe": 0.53,
            "roe_4q": 6.32,
            "gross_profit": 28787,
            "gross_margin": 9.07,
            "gross_margin_4q_avg": 12.5,
            "net_income": 6215,
            "net_income_4q": null,
            "revenue": 317485,
            "revenue_4q": null,
            "common_shares": 975000,
            "book_valuer_per_share": 12.13,
            "book_valuer_per_share_4q_avg": 12.14,
            "equity": 1182805,
            "current_ratio": 125.26,
            "debt_ratio": 48.57,
            "inventory_turnover_ratio": 0.55,
            "account_receivable_turnover_ratio": 1.07,
            "reinvestment_rate": 16.36,
            "research_to_sale_ratio": null,
            "price_fair": 27.83,
            "eps_avg_yearly": 0.8,
            "eps_latest_yearly": 0.24,
            "eps_growth_yearly": 29.33
        },
        "20191": {
            "year_quarter": 20191,
            "year": 2019,
            "quarter": 1,
            "eps": 0.1,
            "eps_growth_year": -54.55,
            "eps_4q": 0.65,
            "eps_4q_growth_year": -36.5,
            "roe": 0.86,
            "roe_4q": 5.36,
            "gross_profit": 29751,
            "gross_margin": 9.58,
            "gross_margin_4q_avg": 11.55,
            "net_income": 10195,
            "net_income_4q": null,
            "revenue": 310467,
            "revenue_4q": null,
            "common_shares": 975000,
            "book_valuer_per_share": 12.24,
            "book_valuer_per_share_4q_avg": 12.09,
            "equity": 1193000,
            "current_ratio": 126.92,
            "debt_ratio": 47.02,
            "inventory_turnover_ratio": 0.49,
            "account_receivable_turnover_ratio": 1.19,
            "reinvestment_rate": 9.33,
            "research_to_sale_ratio": null,
            "price_fair": 27.65,
            "eps_avg_yearly": 0.79,
            "eps_latest_yearly": 0.4,
            "eps_growth_yearly": 49.57
        },
        "20192": {
            "year_quarter": 20192,
            "year": 2019,
            "quarter": 2,
            "eps": 0.08,
            "eps_growth_year": -71.43,
            "eps_4q": 0.45,
            "eps_4q_growth_year": -58.51,
            "roe": 0.66,
            "roe_4q": 3.7299999999999995,
            "gross_profit": 30123,
            "gross_margin": 9.46,
            "gross_margin_4q_avg": 10.31,
            "net_income": 7691,
            "net_income_4q": null,
            "revenue": 318286,
            "revenue_4q": null,
            "common_shares": 975000,
            "book_valuer_per_share": 11.71,
            "book_valuer_per_share_4q_avg": 12.05,
            "equity": 1142191,
            "current_ratio": 117.84,
            "debt_ratio": 49.13,
            "inventory_turnover_ratio": 0.52,
            "account_receivable_turnover_ratio": 1.22,
            "reinvestment_rate": 10.23,
            "research_to_sale_ratio": null,
            "price_fair": 27.65,
            "eps_avg_yearly": 0.79,
            "eps_latest_yearly": 0.32,
            "eps_growth_yearly": 52.9
        },
        "20193": {
            "year_quarter": 20193,
            "year": 2019,
            "quarter": 3,
            "eps": 0.02,
            "eps_growth_year": -90,
            "eps_4q": 0.26,
            "eps_4q_growth_year": -73.21,
            "roe": 0.13,
            "roe_4q": 2.1799999999999997,
            "gross_profit": 22837,
            "gross_margin": 7.36,
            "gross_margin_4q_avg": 8.87,
            "net_income": 1521,
            "net_income_4q": null,
            "revenue": 310426,
            "revenue_4q": null,
            "common_shares": 975000,
            "book_valuer_per_share": 11.73,
            "book_valuer_per_share_4q_avg": 11.95,
            "equity": 1143712,
            "current_ratio": 114.22,
            "debt_ratio": 47.07,
            "inventory_turnover_ratio": 0.54,
            "account_receivable_turnover_ratio": 1.17,
            "reinvestment_rate": -12.58,
            "research_to_sale_ratio": null,
            "price_fair": 27.13,
            "eps_avg_yearly": 0.78,
            "eps_latest_yearly": 0.08,
            "eps_growth_yearly": 34.15
        },
        "20194": {
            "year_quarter": 20194,
            "year": 2019,
            "quarter": 4,
            "eps": -0.02,
            "eps_growth_year": -136.85,
            "eps_4q": 0.18,
            "eps_4q_growth_year": -77.13,
            "roe": -0.2,
            "roe_4q": 1.4500000000000002,
            "gross_profit": 20628,
            "gross_margin": 6.95,
            "gross_margin_4q_avg": 8.34,
            "net_income": -2290,
            "net_income_4q": null,
            "revenue": 296812,
            "revenue_4q": null,
            "common_shares": 975000,
            "book_valuer_per_share": 11.72,
            "book_valuer_per_share_4q_avg": 11.85,
            "equity": 1142933,
            "current_ratio": 121.96,
            "debt_ratio": 46.37,
            "inventory_turnover_ratio": 0.56,
            "account_receivable_turnover_ratio": 1.18,
            "reinvestment_rate": -13.54,
            "research_to_sale_ratio": null,
            "price_fair": 28.37,
            "eps_avg_yearly": 0.81,
            "eps_latest_yearly": 0.08,
            "eps_growth_yearly": 43.09
        },
        "20201": {
            "year_quarter": 20201,
            "year": 2020,
            "quarter": 1,
            "eps": -0.02,
            "eps_growth_year": -120,
            "eps_4q": 0.05,
            "eps_4q_growth_year": -92.15,
            "roe": -0.17,
            "roe_4q": 0.42000000000000004,
            "gross_profit": 15541,
            "gross_margin": 5.51,
            "gross_margin_4q_avg": 7.32,
            "net_income": -1961,
            "net_income_4q": null,
            "revenue": 282105,
            "revenue_4q": null,
            "common_shares": 975000,
            "book_valuer_per_share": 11.7,
            "book_valuer_per_share_4q_avg": 11.72,
            "equity": 1140972,
            "current_ratio": 124.16,
            "debt_ratio": 45.2,
            "inventory_turnover_ratio": 0.57,
            "account_receivable_turnover_ratio": 1.22,
            "reinvestment_rate": -21.72,
            "research_to_sale_ratio": null,
            "price_fair": 29.5,
            "eps_avg_yearly": 0.84,
            "eps_latest_yearly": 0.08,
            "eps_growth_yearly": 31.89
        },
        "20202": {
            "year_quarter": 20202,
            "year": 2020,
            "quarter": 2,
            "eps": 0.02,
            "eps_growth_year": -75,
            "eps_4q": -0.01,
            "eps_4q_growth_year": -101.28,
            "roe": 0.19,
            "roe_4q": -0.05000000000000002,
            "gross_profit": 15642,
            "gross_margin": 6.76,
            "gross_margin_4q_avg": 6.65,
            "net_income": 2168,
            "net_income_4q": null,
            "revenue": 231292,
            "revenue_4q": null,
            "common_shares": 975000,
            "book_valuer_per_share": 11.37,
            "book_valuer_per_share_4q_avg": 11.63,
            "equity": 1109015,
            "current_ratio": 120.38,
            "debt_ratio": 45.44,
            "inventory_turnover_ratio": 0.46,
            "account_receivable_turnover_ratio": 1.07,
            "reinvestment_rate": -24.76,
            "research_to_sale_ratio": null,
            "price_fair": 2.47,
            "eps_avg_yearly": 0.82,
            "eps_latest_yearly": 0.08,
            "eps_growth_yearly": -27.2
        },
        "20203": {
            "year_quarter": 20203,
            "year": 2020,
            "quarter": 3,
            "eps": 0.06,
            "eps_growth_year": 200,
            "eps_4q": 0.04,
            "eps_4q_growth_year": -86.3,
            "roe": 0.5,
            "roe_4q": 0.3199999999999999,
            "gross_profit": 25060,
            "gross_margin": 7.98,
            "gross_margin_4q_avg": 6.8,
            "net_income": 5592,
            "net_income_4q": null,
            "revenue": 314214,
            "revenue_4q": null,
            "common_shares": 975000,
            "book_valuer_per_share": 11.43,
            "book_valuer_per_share_4q_avg": 11.56,
            "equity": 1114607,
            "current_ratio": 122.44,
            "debt_ratio": 44.05,
            "inventory_turnover_ratio": 0.64,
            "account_receivable_turnover_ratio": 1.41,
            "reinvestment_rate": -30.21,
            "research_to_sale_ratio": null,
            "price_fair": 26.71,
            "eps_avg_yearly": 0.76,
            "eps_latest_yearly": 0.24,
            "eps_growth_yearly": 35.48
        },
        "20204": {
            "year_quarter": 20204,
            "year": 2020,
            "quarter": 4,
            "eps": 0.22,
            "eps_growth_year": null,
            "eps_4q": 0.28,
            "eps_4q_growth_year": 56.82,
            "roe": 1.87,
            "roe_4q": 2.39,
            "gross_profit": 44110,
            "gross_margin": 12.36,
            "gross_margin_4q_avg": 8.15,
            "net_income": 21044,
            "net_income_4q": null,
            "revenue": 356819,
            "revenue_4q": null,
            "common_shares": 975000,
            "book_valuer_per_share": 11.66,
            "book_valuer_per_share_4q_avg": 11.54,
            "equity": 1136592,
            "current_ratio": 125.69,
            "debt_ratio": 40.9,
            "inventory_turnover_ratio": 0.84,
            "account_receivable_turnover_ratio": 1.39,
            "reinvestment_rate": -33.63,
            "research_to_sale_ratio": null,
            "price_fair": 24.66,
            "eps_avg_yearly": 0.7,
            "eps_latest_yearly": 0.88,
            "eps_growth_yearly": 99.78
        },
        "20211": {
            "year_quarter": 20211,
            "year": 2021,
            "quarter": 1,
            "eps": 0.28,
            "eps_growth_year": null,
            "eps_4q": 0.58,
            "eps_4q_growth_year": 1031.51,
            "roe": 2.38,
            "roe_4q": 4.94,
            "gross_profit": 56311,
            "gross_margin": 15.48,
            "gross_margin_4q_avg": 10.65,
            "net_income": 27330,
            "net_income_4q": null,
            "revenue": 363650,
            "revenue_4q": null,
            "common_shares": 975000,
            "book_valuer_per_share": 11.94,
            "book_valuer_per_share_4q_avg": 11.6,
            "equity": 1163922,
            "current_ratio": 128.87,
            "debt_ratio": 38.51,
            "inventory_turnover_ratio": 1.03,
            "account_receivable_turnover_ratio": 1.33,
            "reinvestment_rate": -33.72,
            "research_to_sale_ratio": null,
            "price_fair": 24.98,
            "eps_avg_yearly": 0.71,
            "eps_latest_yearly": 1.12,
            "eps_growth_yearly": 120.18
        },
        "20212": {
            "year_quarter": 20212,
            "year": 2021,
            "quarter": 2,
            "eps": 0.44,
            "eps_growth_year": 2100,
            "eps_4q": 0.99,
            "eps_4q_growth_year": null,
            "roe": 3.61,
            "roe_4q": 8.36,
            "gross_profit": 77331,
            "gross_margin": 18.57,
            "gross_margin_4q_avg": 13.6,
            "net_income": 42771,
            "net_income_4q": null,
            "revenue": 416497,
            "revenue_4q": null,
            "common_shares": 975000,
            "book_valuer_per_share": 12.38,
            "book_valuer_per_share_4q_avg": 11.85,
            "equity": 1206693,
            "current_ratio": 130.11,
            "debt_ratio": 36.04,
            "inventory_turnover_ratio": 1.25,
            "account_receivable_turnover_ratio": 1.41,
            "reinvestment_rate": -31.64,
            "research_to_sale_ratio": null,
            "price_fair": 27.35,
            "eps_avg_yearly": 0.78,
            "eps_latest_yearly": 1.76,
            "eps_growth_yearly": 141.45
        },
        "20213": {
            "year_quarter": 20213,
            "year": 2021,
            "quarter": 3,
            "eps": 0.46,
            "eps_growth_year": 666.67,
            "eps_4q": 1.4,
            "eps_4q_growth_year": 3776.26,
            "roe": 3.69,
            "roe_4q": 11.55,
            "gross_profit": 76290,
            "gross_margin": 18.87,
            "gross_margin_4q_avg": 16.32,
            "net_income": 44874,
            "net_income_4q": null,
            "revenue": 404318,
            "revenue_4q": null,
            "common_shares": 975000,
            "book_valuer_per_share": 12.59,
            "book_valuer_per_share_4q_avg": 12.14,
            "equity": 1227192,
            "current_ratio": 128.76,
            "debt_ratio": 36.47,
            "inventory_turnover_ratio": 1.15,
            "account_receivable_turnover_ratio": 1.34,
            "reinvestment_rate": -30.72,
            "research_to_sale_ratio": null,
            "price_fair": 29.08,
            "eps_avg_yearly": 0.83,
            "eps_latest_yearly": 1.84,
            "eps_growth_yearly": 131.66
        },
        "20214": {
            "year_quarter": 20214,
            "year": 2021,
            "quarter": 4,
            "eps": 0.29,
            "eps_growth_year": 34.83,
            "eps_4q": 1.47,
            "eps_4q_growth_year": 434.03,
            "roe": 2.29,
            "roe_4q": 11.969999999999999,
            "gross_profit": 53316,
            "gross_margin": 15.59,
            "gross_margin_4q_avg": 17.13,
            "net_income": 28374,
            "net_income_4q": null,
            "revenue": 341986,
            "revenue_4q": null,
            "common_shares": 975000,
            "book_valuer_per_share": 12.83,
            "book_valuer_per_share_4q_avg": 12.44,
            "equity": 1250990,
            "current_ratio": 129.68,
            "debt_ratio": 37.67,
            "inventory_turnover_ratio": 0.74,
            "account_receivable_turnover_ratio": 1.29,
            "reinvestment_rate": -29.48,
            "research_to_sale_ratio": null,
            "price_fair": 29.18,
            "eps_avg_yearly": 0.83,
            "eps_latest_yearly": 1.16,
            "eps_growth_yearly": 122.34
        },
        "20221": {
            "year_quarter": 20221,
            "year": 2022,
            "quarter": 1,
            "eps": 0.28,
            "eps_growth_year": 0,
            "eps_4q": 1.47,
            "eps_4q_growth_year": 155.95,
            "roe": 2.19,
            "roe_4q": 11.78,
            "gross_profit": 53721,
            "gross_margin": 14.83,
            "gross_margin_4q_avg": 16.97,
            "net_income": 27654,
            "net_income_4q": null,
            "revenue": 362307,
            "revenue_4q": null,
            "common_shares": 975000,
            "book_valuer_per_share": 13.11,
            "book_valuer_per_share_4q_avg": 12.73,
            "equity": 1278672,
            "current_ratio": 127.4,
            "debt_ratio": 40.8,
            "inventory_turnover_ratio": 0.57,
            "account_receivable_turnover_ratio": 1.42,
            "reinvestment_rate": -28.43,
            "research_to_sale_ratio": null,
            "price_fair": 29.83,
            "eps_avg_yearly": 0.85,
            "eps_latest_yearly": 1.12,
            "eps_growth_yearly": 127.87
        },
        "20222": {
            "year_quarter": 20222,
            "year": 2022,
            "quarter": 2,
            "eps": 0.16,
            "eps_growth_year": -63.64,
            "eps_4q": 1.19,
            "eps_4q_growth_year": 20.31,
            "roe": 1.26,
            "roe_4q": 9.43,
            "gross_profit": 40073,
            "gross_margin": 12.61,
            "gross_margin_4q_avg": 15.48,
            "net_income": 15487,
            "net_income_4q": null,
            "revenue": 317895,
            "revenue_4q": null,
            "common_shares": 975000,
            "book_valuer_per_share": 12.07,
            "book_valuer_per_share_4q_avg": 12.65,
            "equity": 1177159,
            "current_ratio": 111.67,
            "debt_ratio": 48.83,
            "inventory_turnover_ratio": 0.4,
            "account_receivable_turnover_ratio": 1.21,
            "reinvestment_rate": -56.43,
            "research_to_sale_ratio": null,
            "price_fair": 28.54,
            "eps_avg_yearly": 0.82,
            "eps_latest_yearly": 0.64,
            "eps_growth_yearly": 106.3
        },
        "20223": {
            "year_quarter": 20223,
            "year": 2022,
            "quarter": 3,
            "eps": 0.11,
            "eps_growth_year": -76.09,
            "eps_4q": 0.84,
            "eps_4q_growth_year": -39.66,
            "roe": 0.89,
            "roe_4q": 6.63,
            "gross_profit": 26368,
            "gross_margin": 10.8,
            "gross_margin_4q_avg": 13.46,
            "net_income": 10557,
            "net_income_4q": null,
            "revenue": 244181,
            "revenue_4q": null,
            "common_shares": 975000,
            "book_valuer_per_share": 12.18,
            "book_valuer_per_share_4q_avg": 12.55,
            "equity": 1187716,
            "current_ratio": 112.26,
            "debt_ratio": 48.62,
            "inventory_turnover_ratio": 0.27,
            "account_receivable_turnover_ratio": 1.09,
            "reinvestment_rate": -68.37,
            "research_to_sale_ratio": null,
            "price_fair": 27.57,
            "eps_avg_yearly": 0.79,
            "eps_latest_yearly": 0.44,
            "eps_growth_yearly": 105.47
        },
        "20224": {
            "year_quarter": 20224,
            "year": 2022,
            "quarter": 4,
            "eps": -0.07,
            "eps_growth_year": -122.83,
            "eps_4q": 0.48,
            "eps_4q_growth_year": -67.06,
            "roe": -0.55,
            "roe_4q": 3.79,
            "gross_profit": 15821,
            "gross_margin": 6.48,
            "gross_margin_4q_avg": 11.18,
            "net_income": -6479,
            "net_income_4q": null,
            "revenue": 244215,
            "revenue_4q": null,
            "common_shares": 975000,
            "book_valuer_per_share": 12.2,
            "book_valuer_per_share_4q_avg": 12.39,
            "equity": 1189562,
            "current_ratio": 118.16,
            "debt_ratio": 46.27,
            "inventory_turnover_ratio": 0.28,
            "account_receivable_turnover_ratio": 1.27,
            "reinvestment_rate": -74.45,
            "research_to_sale_ratio": null,
            "price_fair": 29.17,
            "eps_avg_yearly": 0.83,
            "eps_latest_yearly": 0.44,
            "eps_growth_yearly": 137.59
        },
        "20231": {
            "year_quarter": 20231,
            "year": 2023,
            "quarter": 1,
            "eps": -0.14,
            "eps_growth_year": -150,
            "eps_4q": 0.06,
            "eps_4q_growth_year": -95.94,
            "roe": -1.16,
            "roe_4q": 0.44000000000000006,
            "gross_profit": 8171,
            "gross_margin": 3.38,
            "gross_margin_4q_avg": 8.32,
            "net_income": -13730,
            "net_income_4q": null,
            "revenue": 241539,
            "revenue_4q": null,
            "common_shares": 975000,
            "book_valuer_per_share": 12.06,
            "book_valuer_per_share_4q_avg": 12.13,
            "equity": 1175832,
            "current_ratio": 203.29,
            "debt_ratio": 44.72,
            "inventory_turnover_ratio": 0.32,
            "account_receivable_turnover_ratio": 1.2,
            "reinvestment_rate": -75.8,
            "research_to_sale_ratio": null,
            "price_fair": 30.55,
            "eps_avg_yearly": 0.87,
            "eps_latest_yearly": 0.44,
            "eps_growth_yearly": 125.86
        },
        "20232": {
            "year_quarter": 20232,
            "year": 2023,
            "quarter": 2,
            "eps": -0.16,
            "eps_growth_year": -200,
            "eps_4q": -0.26,
            "eps_4q_growth_year": -121.67,
            "roe": -1.35,
            "roe_4q": -2.1699999999999995,
            "gross_profit": 306,
            "gross_margin": 0.16,
            "gross_margin_4q_avg": 5.21,
            "net_income": -15572,
            "net_income_4q": null,
            "revenue": 186263,
            "revenue_4q": null,
            "common_shares": 975000,
            "book_valuer_per_share": 11.55,
            "book_valuer_per_share_4q_avg": 12,
            "equity": 1126187,
            "current_ratio": 208.69,
            "debt_ratio": 43.54,
            "inventory_turnover_ratio": 0.28,
            "account_receivable_turnover_ratio": 1.01,
            "reinvestment_rate": -91.72,
            "research_to_sale_ratio": null,
            "price_fair": 32.48,
            "eps_avg_yearly": 0.93,
            "eps_latest_yearly": 0.44,
            "eps_growth_yearly": 146.45
        },
        "20233": {
            "year_quarter": 20233,
            "year": 2023,
            "quarter": 3,
            "eps": -0.1,
            "eps_growth_year": -190.91,
            "eps_4q": -0.47,
            "eps_4q_growth_year": -155.37,
            "roe": -0.86,
            "roe_4q": -3.92,
            "gross_profit": 1604,
            "gross_margin": 0.68,
            "gross_margin_4q_avg": 2.68,
            "net_income": -9663,
            "net_income_4q": null,
            "revenue": 236468,
            "revenue_4q": null,
            "common_shares": 975000,
            "book_valuer_per_share": 11.45,
            "book_valuer_per_share_4q_avg": 11.82,
            "equity": 1116524,
            "current_ratio": 225.08,
            "debt_ratio": 41.35,
            "inventory_turnover_ratio": 0.4,
            "account_receivable_turnover_ratio": 1.32,
            "reinvestment_rate": -94.92,
            "research_to_sale_ratio": null,
            "price_fair": 35.78,
            "eps_avg_yearly": 1.02,
            "eps_latest_yearly": 0.44,
            "eps_growth_yearly": 196.05
        },
        "20234": {
            "year_quarter": 20234,
            "year": 2023,
            "quarter": 4,
            "eps": -0.16,
            "eps_growth_year": null,
            "eps_4q": -0.56,
            "eps_4q_growth_year": -216.03,
            "roe": -1.43,
            "roe_4q": -4.8,
            "gross_profit": 8204,
            "gross_margin": 3.25,
            "gross_margin_4q_avg": 1.87,
            "net_income": -15822,
            "net_income_4q": null,
            "revenue": 252159,
            "revenue_4q": null,
            "common_shares": 975000,
            "book_valuer_per_share": 11.29,
            "book_valuer_per_share_4q_avg": 11.59,
            "equity": 1100744,
            "current_ratio": 233.3,
            "debt_ratio": 40.07,
            "inventory_turnover_ratio": 0.49,
            "account_receivable_turnover_ratio": 1.26,
            "reinvestment_rate": -105.02,
            "research_to_sale_ratio": null,
            "price_fair": 35.78,
            "eps_avg_yearly": 1.02,
            "eps_latest_yearly": 0.44,
            "eps_growth_yearly": 196.05
        }
    },
    "months": {
        "2001-06": {
            "month": "2001-06",
            "price": "1.29",
            "revenue": 104029
        },
        "2001-07": {
            "month": "2001-07",
            "price": "1.05",
            "revenue": 94057
        },
        "2001-08": {
            "month": "2001-08",
            "price": "1.16",
            "revenue": 119450
        },
        "2001-09": {
            "month": "2001-09",
            "price": "1.07",
            "revenue": 79325
        },
        "2001-10": {
            "month": "2001-10",
            "price": "0.89",
            "revenue": 125606
        },
        "2001-11": {
            "month": "2001-11",
            "price": "0.58",
            "revenue": 86775
        },
        "2001-12": {
            "month": "2001-12",
            "price": "0.33",
            "revenue": 80746
        },
        "2002-01": {
            "month": "2002-01",
            "price": "0.40",
            "revenue": 85318
        },
        "2002-05": {
            "month": "2002-05",
            "price": "0.60",
            "revenue": 113853
        },
        "2002-06": {
            "month": "2002-06",
            "price": "1.36",
            "revenue": 92291
        },
        "2002-07": {
            "month": "2002-07",
            "price": "3.27",
            "revenue": 111931
        },
        "2002-08": {
            "month": "2002-08",
            "price": "2.99",
            "revenue": 108890
        },
        "2002-09": {
            "month": "2002-09",
            "price": "2.14",
            "revenue": 108695
        },
        "2002-10": {
            "month": "2002-10",
            "price": "2.19",
            "revenue": 97675
        },
        "2002-11": {
            "month": "2002-11",
            "price": "2.74",
            "revenue": 91333
        },
        "2002-12": {
            "month": "2002-12",
            "price": "2.58",
            "revenue": 90521
        },
        "2003-01": {
            "month": "2003-01",
            "price": "3.68",
            "revenue": 85957
        },
        "2003-02": {
            "month": "2003-02",
            "price": "4.81",
            "revenue": 94997
        },
        "2003-03": {
            "month": "2003-03",
            "price": "4.07",
            "revenue": 106827
        },
        "2003-04": {
            "month": "2003-04",
            "price": "3.90",
            "revenue": 97962
        },
        "2003-05": {
            "month": "2003-05",
            "price": "2.89",
            "revenue": 105471
        },
        "2003-06": {
            "month": "2003-06",
            "price": "3.65",
            "revenue": 91792
        },
        "2003-07": {
            "month": "2003-07",
            "price": "3.96",
            "revenue": 99763
        },
        "2003-08": {
            "month": "2003-08",
            "price": "3.61",
            "revenue": 100921
        },
        "2003-09": {
            "month": "2003-09",
            "price": "3.00",
            "revenue": 102848
        },
        "2003-10": {
            "month": "2003-10",
            "price": "3.16",
            "revenue": 103923
        },
        "2003-11": {
            "month": "2003-11",
            "price": "3.12",
            "revenue": 100419
        },
        "2003-12": {
            "month": "2003-12",
            "price": "3.01",
            "revenue": 138334
        },
        "2004-01": {
            "month": "2004-01",
            "price": "3.93",
            "revenue": 98705
        },
        "2004-02": {
            "month": "2004-02",
            "price": "6.12",
            "revenue": 120602
        },
        "2004-03": {
            "month": "2004-03",
            "price": "9.61",
            "revenue": 117346
        },
        "2004-04": {
            "month": "2004-04",
            "price": "8.58",
            "revenue": 122813
        },
        "2004-05": {
            "month": "2004-05",
            "price": "6.77",
            "revenue": 120887
        },
        "2004-06": {
            "month": "2004-06",
            "price": "6.84",
            "revenue": 131333
        },
        "2004-07": {
            "month": "2004-07",
            "price": "6.60",
            "revenue": 128722
        },
        "2004-08": {
            "month": "2004-08",
            "price": "5.59",
            "revenue": 140842
        },
        "2004-09": {
            "month": "2004-09",
            "price": "7.60",
            "revenue": 117273
        },
        "2004-10": {
            "month": "2004-10",
            "price": "7.55",
            "revenue": 138589
        },
        "2004-11": {
            "month": "2004-11",
            "price": "6.81",
            "revenue": 132460
        },
        "2004-12": {
            "month": "2004-12",
            "price": "6.98",
            "revenue": 138604
        },
        "2005-01": {
            "month": "2005-01",
            "price": "6.64",
            "revenue": 122243
        },
        "2005-02": {
            "month": "2005-02",
            "price": "6.52",
            "revenue": 84240
        },
        "2005-03": {
            "month": "2005-03",
            "price": "5.65",
            "revenue": 135193
        },
        "2005-04": {
            "month": "2005-04",
            "price": "4.65",
            "revenue": 121801
        },
        "2005-05": {
            "month": "2005-05",
            "price": "3.95",
            "revenue": 105333
        },
        "2005-06": {
            "month": "2005-06",
            "price": "4.53",
            "revenue": 97050
        },
        "2005-07": {
            "month": "2005-07",
            "price": "4.11",
            "revenue": 92272
        },
        "2005-08": {
            "month": "2005-08",
            "price": "3.84",
            "revenue": 118704
        },
        "2005-09": {
            "month": "2005-09",
            "price": "3.99",
            "revenue": 106398
        },
        "2005-10": {
            "month": "2005-10",
            "price": "3.60",
            "revenue": 104294
        },
        "2005-11": {
            "month": "2005-11",
            "price": "3.49",
            "revenue": 106924
        },
        "2005-12": {
            "month": "2005-12",
            "price": "4.26",
            "revenue": 85820
        },
        "2006-01": {
            "month": "2006-01",
            "price": "4.19",
            "revenue": 72761
        },
        "2006-02": {
            "month": "2006-02",
            "price": "4.56",
            "revenue": 96107
        },
        "2006-03": {
            "month": "2006-03",
            "price": "4.18",
            "revenue": 114071
        },
        "2006-04": {
            "month": "2006-04",
            "price": "4.59",
            "revenue": 114764
        },
        "2006-05": {
            "month": "2006-05",
            "price": "4.27",
            "revenue": 116442
        },
        "2006-06": {
            "month": "2006-06",
            "price": "4.11",
            "revenue": 136292
        },
        "2006-07": {
            "month": "2006-07",
            "price": "4.50",
            "revenue": 124120
        },
        "2006-08": {
            "month": "2006-08",
            "price": "4.31",
            "revenue": 127080
        },
        "2006-09": {
            "month": "2006-09",
            "price": "4.26",
            "revenue": 142091
        },
        "2006-10": {
            "month": "2006-10",
            "price": "6.54",
            "revenue": 113352
        },
        "2006-11": {
            "month": "2006-11",
            "price": "8.16",
            "revenue": 111155
        },
        "2006-12": {
            "month": "2006-12",
            "price": "8.51",
            "revenue": 108012
        },
        "2007-01": {
            "month": "2007-01",
            "price": "8.56",
            "revenue": 118846
        },
        "2007-02": {
            "month": "2007-02",
            "price": "8.24",
            "revenue": 80334
        },
        "2007-03": {
            "month": "2007-03",
            "price": "8.26",
            "revenue": 178853
        },
        "2007-04": {
            "month": "2007-04",
            "price": "9.43",
            "revenue": 120517
        },
        "2007-05": {
            "month": "2007-05",
            "price": "8.66",
            "revenue": 127205
        },
        "2007-06": {
            "month": "2007-06",
            "price": "8.50",
            "revenue": 114290
        },
        "2007-07": {
            "month": "2007-07",
            "price": "9.24",
            "revenue": 113416
        },
        "2007-08": {
            "month": "2007-08",
            "price": "7.91",
            "revenue": 116390
        },
        "2007-09": {
            "month": "2007-09",
            "price": "7.85",
            "revenue": 105712
        },
        "2007-10": {
            "month": "2007-10",
            "price": "7.68",
            "revenue": 140939
        },
        "2007-11": {
            "month": "2007-11",
            "price": "6.62",
            "revenue": 135672
        },
        "2007-12": {
            "month": "2007-12",
            "price": "6.20",
            "revenue": 133817
        },
        "2008-01": {
            "month": "2008-01",
            "price": "5.88",
            "revenue": 142780
        },
        "2008-02": {
            "month": "2008-02",
            "price": "6.30",
            "revenue": 101775
        },
        "2008-03": {
            "month": "2008-03",
            "price": "7.11",
            "revenue": 163190
        },
        "2008-04": {
            "month": "2008-04",
            "price": "8.18",
            "revenue": 178199
        },
        "2008-05": {
            "month": "2008-05",
            "price": "11.58",
            "revenue": 163595
        },
        "2008-06": {
            "month": "2008-06",
            "price": "10.33",
            "revenue": 207676
        },
        "2008-07": {
            "month": "2008-07",
            "price": "10.31",
            "revenue": 198225
        },
        "2008-08": {
            "month": "2008-08",
            "price": "9.04",
            "revenue": 156549
        },
        "2008-09": {
            "month": "2008-09",
            "price": "7.41",
            "revenue": 91308
        },
        "2008-10": {
            "month": "2008-10",
            "price": "5.04",
            "revenue": 66793
        },
        "2008-11": {
            "month": "2008-11",
            "price": "5.14",
            "revenue": 43903
        },
        "2008-12": {
            "month": "2008-12",
            "price": "4.84",
            "revenue": 67087
        },
        "2009-01": {
            "month": "2009-01",
            "price": "5.03",
            "revenue": 36333
        },
        "2009-02": {
            "month": "2009-02",
            "price": "4.84",
            "revenue": 56189
        },
        "2009-03": {
            "month": "2009-03",
            "price": "5.00",
            "revenue": 66336
        },
        "2009-04": {
            "month": "2009-04",
            "price": "5.73",
            "revenue": 70114
        },
        "2009-05": {
            "month": "2009-05",
            "price": "5.52",
            "revenue": 82769
        },
        "2009-06": {
            "month": "2009-06",
            "price": "5.56",
            "revenue": 111649
        },
        "2009-07": {
            "month": "2009-07",
            "price": "5.39",
            "revenue": 109039
        },
        "2009-08": {
            "month": "2009-08",
            "price": "5.43",
            "revenue": 98099
        },
        "2009-09": {
            "month": "2009-09",
            "price": "5.10",
            "revenue": 103549
        },
        "2009-10": {
            "month": "2009-10",
            "price": "4.96",
            "revenue": 94592
        },
        "2009-11": {
            "month": "2009-11",
            "price": "5.05",
            "revenue": 98177
        },
        "2009-12": {
            "month": "2009-12",
            "price": "5.66",
            "revenue": 129060
        },
        "2010-01": {
            "month": "2010-01",
            "price": "7.02",
            "revenue": 150486
        },
        "2010-02": {
            "month": "2010-02",
            "price": "6.16",
            "revenue": 103280
        },
        "2010-03": {
            "month": "2010-03",
            "price": "6.53",
            "revenue": 196310
        },
        "2010-04": {
            "month": "2010-04",
            "price": "7.05",
            "revenue": 175508
        },
        "2010-05": {
            "month": "2010-05",
            "price": "6.47",
            "revenue": 163952
        },
        "2010-06": {
            "month": "2010-06",
            "price": "5.99",
            "revenue": 164021
        },
        "2010-07": {
            "month": "2010-07",
            "price": "6.15",
            "revenue": 130576
        },
        "2010-08": {
            "month": "2010-08",
            "price": "6.57",
            "revenue": 127810
        },
        "2010-09": {
            "month": "2010-09",
            "price": "7.31",
            "revenue": 135859
        },
        "2010-10": {
            "month": "2010-10",
            "price": "6.96",
            "revenue": 135693
        },
        "2010-11": {
            "month": "2010-11",
            "price": "7.06",
            "revenue": 121134
        },
        "2010-12": {
            "month": "2010-12",
            "price": "7.27",
            "revenue": 145141
        },
        "2011-01": {
            "month": "2011-01",
            "price": "9.15",
            "revenue": 185486
        },
        "2011-02": {
            "month": "2011-02",
            "price": "9.30",
            "revenue": 158859
        },
        "2011-03": {
            "month": "2011-03",
            "price": "8.42",
            "revenue": 229059
        },
        "2011-04": {
            "month": "2011-04",
            "price": "8.96",
            "revenue": 194096
        },
        "2011-05": {
            "month": "2011-05",
            "price": "8.78",
            "revenue": 183611
        },
        "2011-06": {
            "month": "2011-06",
            "price": "8.72",
            "revenue": 158792
        },
        "2011-07": {
            "month": "2011-07",
            "price": "8.36",
            "revenue": 136925
        },
        "2011-08": {
            "month": "2011-08",
            "price": "7.65",
            "revenue": 163191
        },
        "2011-09": {
            "month": "2011-09",
            "price": "8.72",
            "revenue": 140453
        },
        "2011-10": {
            "month": "2011-10",
            "price": "8.49",
            "revenue": 136407
        },
        "2011-11": {
            "month": "2011-11",
            "price": "7.83",
            "revenue": 123705
        },
        "2011-12": {
            "month": "2011-12",
            "price": "7.38",
            "revenue": 132136
        },
        "2012-01": {
            "month": "2012-01",
            "price": "7.27",
            "revenue": 82531
        },
        "2012-02": {
            "month": "2012-02",
            "price": "8.24",
            "revenue": 157559
        },
        "2012-03": {
            "month": "2012-03",
            "price": "8.10",
            "revenue": 159892
        },
        "2012-04": {
            "month": "2012-04",
            "price": "7.26",
            "revenue": 179169
        },
        "2012-05": {
            "month": "2012-05",
            "price": "6.24",
            "revenue": 152693
        },
        "2012-06": {
            "month": "2012-06",
            "price": "5.89",
            "revenue": 123371
        },
        "2012-07": {
            "month": "2012-07",
            "price": "5.82",
            "revenue": 139628
        },
        "2012-08": {
            "month": "2012-08",
            "price": "5.75",
            "revenue": 124918
        },
        "2012-09": {
            "month": "2012-09",
            "price": "6.02",
            "revenue": 110458
        },
        "2012-10": {
            "month": "2012-10",
            "price": "5.61",
            "revenue": 138506
        },
        "2012-11": {
            "month": "2012-11",
            "price": "4.99",
            "revenue": 124554
        },
        "2012-12": {
            "month": "2012-12",
            "price": "5.49",
            "revenue": 138357
        },
        "2013-01": {
            "month": "2013-01",
            "price": "6.81",
            "revenue": 193556
        },
        "2013-02": {
            "month": "2013-02",
            "price": "7.01",
            "revenue": 101149
        },
        "2013-03": {
            "month": "2013-03",
            "price": "6.57",
            "revenue": 178135
        },
        "2013-04": {
            "month": "2013-04",
            "price": "6.23",
            "revenue": 162710
        },
        "2013-05": {
            "month": "2013-05",
            "price": "6.11",
            "revenue": 168514
        },
        "2013-06": {
            "month": "2013-06",
            "price": "5.90",
            "revenue": 175817
        },
        "2013-07": {
            "month": "2013-07",
            "price": "5.70",
            "revenue": 172854
        },
        "2013-08": {
            "month": "2013-08",
            "price": "5.90",
            "revenue": 172796
        },
        "2013-09": {
            "month": "2013-09",
            "price": "6.15",
            "revenue": 149961
        },
        "2013-10": {
            "month": "2013-10",
            "price": "6.47",
            "revenue": 175478
        },
        "2013-11": {
            "month": "2013-11",
            "price": "6.80",
            "revenue": 152161
        },
        "2013-12": {
            "month": "2013-12",
            "price": "7.39",
            "revenue": 174944
        },
        "2014-01": {
            "month": "2014-01",
            "price": "7.29",
            "revenue": 141450
        },
        "2014-02": {
            "month": "2014-02",
            "price": "7.07",
            "revenue": 125470
        },
        "2014-03": {
            "month": "2014-03",
            "price": "7.09",
            "revenue": 152867
        },
        "2014-04": {
            "month": "2014-04",
            "price": "7.24",
            "revenue": 154958
        },
        "2014-05": {
            "month": "2014-05",
            "price": "7.07",
            "revenue": 147674
        },
        "2014-06": {
            "month": "2014-06",
            "price": "7.11",
            "revenue": 153144
        },
        "2014-07": {
            "month": "2014-07",
            "price": "8.00",
            "revenue": 153732
        },
        "2014-08": {
            "month": "2014-08",
            "price": "9.71",
            "revenue": 153332
        },
        "2014-09": {
            "month": "2014-09",
            "price": "9.92",
            "revenue": 144912
        },
        "2014-10": {
            "month": "2014-10",
            "price": "8.78",
            "revenue": 134031
        },
        "2014-11": {
            "month": "2014-11",
            "price": "8.76",
            "revenue": 117576
        },
        "2014-12": {
            "month": "2014-12",
            "price": "8.77",
            "revenue": 147207
        },
        "2015-01": {
            "month": "2015-01",
            "price": "9.04",
            "revenue": 125719
        },
        "2015-02": {
            "month": "2015-02",
            "price": "8.93",
            "revenue": 89689
        },
        "2015-03": {
            "month": "2015-03",
            "price": "9.32",
            "revenue": 140921
        },
        "2015-04": {
            "month": "2015-04",
            "price": "9.73",
            "revenue": 139068
        },
        "2015-05": {
            "month": "2015-05",
            "price": "9.28",
            "revenue": 121467
        },
        "2015-06": {
            "month": "2015-06",
            "price": "8.40",
            "revenue": 124120
        },
        "2015-07": {
            "month": "2015-07",
            "price": "7.30",
            "revenue": 112543
        },
        "2015-08": {
            "month": "2015-08",
            "price": "6.70",
            "revenue": 98524
        },
        "2015-09": {
            "month": "2015-09",
            "price": "7.54",
            "revenue": 100478
        },
        "2015-10": {
            "month": "2015-10",
            "price": "7.26",
            "revenue": 104985
        },
        "2015-11": {
            "month": "2015-11",
            "price": "7.04",
            "revenue": 110514
        },
        "2015-12": {
            "month": "2015-12",
            "price": "6.72",
            "revenue": 112438
        },
        "2016-01": {
            "month": "2016-01",
            "price": "6.40",
            "revenue": 100736
        },
        "2016-02": {
            "month": "2016-02",
            "price": "6.88",
            "revenue": 77259
        },
        "2016-03": {
            "month": "2016-03",
            "price": "7.32",
            "revenue": 139481
        },
        "2016-04": {
            "month": "2016-04",
            "price": "7.28",
            "revenue": 130948
        },
        "2016-05": {
            "month": "2016-05",
            "price": "6.81",
            "revenue": 131868
        },
        "2016-06": {
            "month": "2016-06",
            "price": "6.74",
            "revenue": 96831
        },
        "2016-07": {
            "month": "2016-07",
            "price": "6.84",
            "revenue": 116851
        },
        "2016-08": {
            "month": "2016-08",
            "price": "7.17",
            "revenue": 119105
        },
        "2016-09": {
            "month": "2016-09",
            "price": "7.24",
            "revenue": 97064
        },
        "2016-10": {
            "month": "2016-10",
            "price": "7.23",
            "revenue": 117270
        },
        "2016-11": {
            "month": "2016-11",
            "price": "8.19",
            "revenue": 158691
        },
        "2016-12": {
            "month": "2016-12",
            "price": "8.59",
            "revenue": 115590
        },
        "2017-01": {
            "month": "2017-01",
            "price": "8.51",
            "revenue": 92879
        },
        "2017-02": {
            "month": "2017-02",
            "price": "9.06",
            "revenue": 114065
        },
        "2017-03": {
            "month": "2017-03",
            "price": "9.59",
            "revenue": 142077
        },
        "2017-04": {
            "month": "2017-04",
            "price": "9.30",
            "revenue": 98199
        },
        "2017-05": {
            "month": "2017-05",
            "price": "8.95",
            "revenue": 105889
        },
        "2017-06": {
            "month": "2017-06",
            "price": "8.96",
            "revenue": 109660
        },
        "2017-07": {
            "month": "2017-07",
            "price": "8.51",
            "revenue": 124298
        },
        "2017-08": {
            "month": "2017-08",
            "price": "8.75",
            "revenue": 150199
        },
        "2017-09": {
            "month": "2017-09",
            "price": "8.96",
            "revenue": 125370
        },
        "2017-10": {
            "month": "2017-10",
            "price": "9.26",
            "revenue": 109576
        },
        "2017-11": {
            "month": "2017-11",
            "price": "10.59",
            "revenue": 125831
        },
        "2017-12": {
            "month": "2017-12",
            "price": "10.05",
            "revenue": 136609
        },
        "2018-01": {
            "month": "2018-01",
            "price": "10.85",
            "revenue": 135380
        },
        "2018-02": {
            "month": "2018-02",
            "price": "10.46",
            "revenue": 90742
        },
        "2018-03": {
            "month": "2018-03",
            "price": "11.20",
            "revenue": 154598
        },
        "2018-04": {
            "month": "2018-04",
            "price": "11.45",
            "revenue": 112460
        },
        "2018-05": {
            "month": "2018-05",
            "price": "11.03",
            "revenue": 133337
        },
        "2018-06": {
            "month": "2018-06",
            "price": "11.06",
            "revenue": 120182
        },
        "2018-07": {
            "month": "2018-07",
            "price": "9.95",
            "revenue": 129480
        },
        "2018-08": {
            "month": "2018-08",
            "price": "10.11",
            "revenue": 139282
        },
        "2018-09": {
            "month": "2018-09",
            "price": "10.07",
            "revenue": 114982
        },
        "2018-10": {
            "month": "2018-10",
            "price": "9.50",
            "revenue": 103553
        },
        "2018-11": {
            "month": "2018-11",
            "price": "9.46",
            "revenue": 109612
        },
        "2018-12": {
            "month": "2018-12",
            "price": "9.52",
            "revenue": 104319
        },
        "2019-01": {
            "month": "2019-01",
            "price": "9.48",
            "revenue": 117097
        },
        "2019-02": {
            "month": "2019-02",
            "price": "9.71",
            "revenue": 78694
        },
        "2019-03": {
            "month": "2019-03",
            "price": "10.39",
            "revenue": 114675
        },
        "2019-04": {
            "month": "2019-04",
            "price": "10.55",
            "revenue": 117513
        },
        "2019-05": {
            "month": "2019-05",
            "price": "10.63",
            "revenue": 97846
        },
        "2019-06": {
            "month": "2019-06",
            "price": "10.65",
            "revenue": 102928
        },
        "2019-07": {
            "month": "2019-07",
            "price": "10.18",
            "revenue": 104201
        },
        "2019-08": {
            "month": "2019-08",
            "price": "10.42",
            "revenue": 102934
        },
        "2019-09": {
            "month": "2019-09",
            "price": "11.67",
            "revenue": 103291
        },
        "2019-10": {
            "month": "2019-10",
            "price": "11.66",
            "revenue": 101381
        },
        "2019-11": {
            "month": "2019-11",
            "price": "11.45",
            "revenue": 89479
        },
        "2019-12": {
            "month": "2019-12",
            "price": "11.87",
            "revenue": 105952
        },
        "2020-01": {
            "month": "2020-01",
            "price": "12.11",
            "revenue": 72494
        },
        "2020-02": {
            "month": "2020-02",
            "price": "12.72",
            "revenue": 105122
        },
        "2020-03": {
            "month": "2020-03",
            "price": "12.33",
            "revenue": 104488
        },
        "2020-04": {
            "month": "2020-04",
            "price": "12.00",
            "revenue": 77482
        },
        "2020-05": {
            "month": "2020-05",
            "price": "12.30",
            "revenue": 79895
        },
        "2020-06": {
            "month": "2020-06",
            "price": "14.33",
            "revenue": 73916
        },
        "2020-07": {
            "month": "2020-07",
            "price": "14.06",
            "revenue": 90925
        },
        "2020-08": {
            "month": "2020-08",
            "price": "14.95",
            "revenue": 111342
        },
        "2020-09": {
            "month": "2020-09",
            "price": "14.75",
            "revenue": 111947
        },
        "2020-10": {
            "month": "2020-10",
            "price": "14.96",
            "revenue": 105395
        },
        "2020-11": {
            "month": "2020-11",
            "price": "14.87",
            "revenue": 125066
        },
        "2020-12": {
            "month": "2020-12",
            "price": "15.53",
            "revenue": 126359
        },
        "2021-01": {
            "month": "2021-01",
            "price": "14.86",
            "revenue": 130573
        },
        "2021-02": {
            "month": "2021-02",
            "price": "14.62",
            "revenue": 96975
        },
        "2021-03": {
            "month": "2021-03",
            "price": "16.68",
            "revenue": 136102
        },
        "2021-04": {
            "month": "2021-04",
            "price": "18.94",
            "revenue": 130363
        },
        "2021-05": {
            "month": "2021-05",
            "price": "17.60",
            "revenue": 154100
        },
        "2021-06": {
            "month": "2021-06",
            "price": "19.12",
            "revenue": 132035
        },
        "2021-07": {
            "month": "2021-07",
            "price": "27.18",
            "revenue": 141690
        },
        "2021-08": {
            "month": "2021-08",
            "price": "26.65",
            "revenue": 147238
        },
        "2021-09": {
            "month": "2021-09",
            "price": "22.81",
            "revenue": 115391
        },
        "2021-10": {
            "month": "2021-10",
            "price": "19.10",
            "revenue": 129789
        },
        "2021-11": {
            "month": "2021-11",
            "price": "19.32",
            "revenue": 111663
        },
        "2021-12": {
            "month": "2021-12",
            "price": "19.97",
            "revenue": 100534
        },
        "2022-01": {
            "month": "2022-01",
            "price": "18.96",
            "revenue": 117640
        },
        "2022-02": {
            "month": "2022-02",
            "price": "18.44",
            "revenue": 94931
        },
        "2022-03": {
            "month": "2022-03",
            "price": "25.49",
            "revenue": 149735
        },
        "2022-04": {
            "month": "2022-04",
            "price": "24.54",
            "revenue": 102469
        },
        "2022-05": {
            "month": "2022-05",
            "price": "21.47",
            "revenue": 113823
        },
        "2022-06": {
            "month": "2022-06",
            "price": "19.44",
            "revenue": 101604
        },
        "2022-07": {
            "month": "2022-07",
            "price": "17.36",
            "revenue": 86466
        },
        "2022-08": {
            "month": "2022-08",
            "price": "19.83",
            "revenue": 88881
        },
        "2022-09": {
            "month": "2022-09",
            "price": "19.06",
            "revenue": 68833
        },
        "2022-10": {
            "month": "2022-10",
            "price": "18.14",
            "revenue": 83028
        },
        "2022-11": {
            "month": "2022-11",
            "price": "18.10",
            "revenue": 84899
        },
        "2022-12": {
            "month": "2022-12",
            "price": "18.39",
            "revenue": 76287
        },
        "2023-01": {
            "month": "2023-01",
            "price": "18.25",
            "revenue": 55372
        },
        "2023-02": {
            "month": "2023-02",
            "price": "19.21",
            "revenue": 83742
        },
        "2023-03": {
            "month": "2023-03",
            "price": "19.37",
            "revenue": 102424
        },
        "2023-04": {
            "month": "2023-04",
            "price": "19.26",
            "revenue": 65173
        },
        "2023-05": {
            "month": "2023-05",
            "price": "18.37",
            "revenue": 62915
        },
        "2023-06": {
            "month": "2023-06",
            "price": "18.03",
            "revenue": 58176
        },
        "2023-07": {
            "month": "2023-07",
            "price": "17.42",
            "revenue": 78875
        },
        "2023-08": {
            "month": "2023-08",
            "price": "16.37",
            "revenue": 79188
        },
        "2023-09": {
            "month": "2023-09",
            "price": "16.60",
            "revenue": 78405
        },
        "2023-10": {
            "month": "2023-10",
            "price": "18.54",
            "revenue": 80982
        },
        "2023-11": {
            "month": "2023-11",
            "price": "20.06",
            "revenue": 83942
        },
        "2023-12": {
            "month": "2023-12",
            "price": "20.94",
            "revenue": 87235
        }
    }
}
