{
    "summary": {
        "stock_name": "千興",
        "stock_id": "2025",
        "category": "鋼鐵",
        "main_business": "不銹鋼捲",
        "website_url": "http://www.csssc.com.tw",
        "ceo": "葉彩雲",
        "pe_ratio": 7,
        "report_year_from": 2001,
        "report_year_to": 2023,
        "age": 23,
        "eps_negative_percentage": 48,
        "eps_growth_avg": {
            "last_all": -19.32,
            "last_2y": 22.48,
            "last_4y": 22.48,
            "last_8y": 3.43,
            "last_12y": -17.26,
            "last_16y": -21.81,
            "last_20y": -19.32,
            "at_2006_last_3y": -12.69,
            "at_2007_last_3y": -75.42,
            "at_2008_last_3y": -96.06,
            "at_2009_last_3y": -94.09,
            "at_2010_last_3y": -29.4,
            "at_2011_last_3y": -33.33,
            "at_2012_last_3y": 0,
            "at_2013_last_3y": 0,
            "at_2014_last_3y": -100,
            "at_2015_last_3y": null,
            "at_2016_last_3y": null,
            "at_2017_last_3y": 68.75,
            "at_2018_last_3y": -15.63,
            "at_2019_last_3y": -15.63,
            "at_2020_last_3y": -15.63,
            "at_2021_last_3y": -100,
            "at_2022_last_3y": 100,
            "at_2023_last_3y": 22.48,
            "at_2024_last_3y": 22.48,
            "at_2006_last_all": -12.69,
            "at_2007_last_all": -31.56,
            "at_2008_last_all": -45.25,
            "at_2009_last_all": -45.25,
            "at_2010_last_all": -21.04,
            "at_2011_last_all": -32.32,
            "at_2012_last_all": -32.32,
            "at_2013_last_all": -32.32,
            "at_2014_last_all": -32.32,
            "at_2015_last_all": -32.32,
            "at_2016_last_all": -32.32,
            "at_2017_last_all": -19.69,
            "at_2018_last_all": -28.61,
            "at_2019_last_all": -28.61,
            "at_2020_last_all": -28.61,
            "at_2021_last_all": -28.61,
            "at_2022_last_all": -15.75,
            "at_2023_last_all": -19.32,
            "at_2024_last_all": -19.32
        },
        "latest_eps": 1.62,
        "latest_price": 10.6,
        "latest_roe": 28.6,
        "latest_gross_margin": -18.64,
        "latest_equity": 1818096,
        "latest_revenue": 275590,
        "latest_gross_profit": -51359,
        "latest_net_income": -3575,
        "latest_debt_ratio": 2.37,
        "latest_current_ratio": 3465.76,
        "latest_account_receivable_turnover_ratio": null,
        "latest_inventory_turnover_ratio": 0.99,
        "latest_reinvestment_rate": -42.53,
        "latest_research_to_sale_ratio": null
    },
    "eps_dividends": {
        "1995": {
            "cash": 0,
            "stock": 1,
            "eps": 0
        },
        "1996": {
            "cash": 0,
            "stock": 1,
            "eps": 0
        },
        "1997": {
            "cash": 0,
            "stock": 1,
            "eps": 0
        },
        "1998": {
            "cash": 0,
            "stock": 1,
            "eps": 0
        },
        "2001": {
            "cash": 0,
            "stock": 0,
            "eps": -1.89
        },
        "2002": {
            "cash": 0,
            "stock": 0,
            "eps": 0.05
        },
        "2003": {
            "cash": 0,
            "stock": 0,
            "eps": 1.34
        },
        "2004": {
            "cash": 0,
            "stock": 0,
            "eps": 0.83
        },
        "2005": {
            "cash": 0,
            "stock": 0,
            "eps": -0.6
        },
        "2006": {
            "cash": 0,
            "stock": 0,
            "eps": 1.27
        },
        "2007": {
            "cash": 0,
            "stock": 0,
            "eps": 0.15
        },
        "2008": {
            "cash": 0,
            "stock": 0,
            "eps": -2.9
        },
        "2009": {
            "cash": 0,
            "stock": 0,
            "eps": 0.06
        },
        "2010": {
            "cash": 0,
            "stock": 0,
            "eps": 0.35
        },
        "2011": {
            "cash": 0,
            "stock": 0,
            "eps": -1.3
        },
        "2012": {
            "cash": 0,
            "stock": 0,
            "eps": -1.55
        },
        "2013": {
            "cash": 0,
            "stock": 0,
            "eps": -1.19
        },
        "2014": {
            "cash": 0,
            "stock": 0,
            "eps": -0.3
        },
        "2015": {
            "cash": 0,
            "stock": 0,
            "eps": -1.46
        },
        "2016": {
            "cash": 0,
            "stock": 0,
            "eps": 0.32
        },
        "2017": {
            "cash": 0,
            "stock": 0,
            "eps": 0.54
        },
        "2018": {
            "cash": 0,
            "stock": 0,
            "eps": -1.83
        },
        "2019": {
            "cash": 0,
            "stock": 0,
            "eps": -0.64
        },
        "2020": {
            "cash": 0,
            "stock": 0,
            "eps": -0.74
        },
        "2021": {
            "cash": 0,
            "stock": 0,
            "eps": 0.99
        },
        "2022": {
            "cash": 0,
            "stock": 0,
            "eps": 2.78
        },
        "2023": {
            "cash": 0,
            "stock": 0,
            "eps": 1.25
        }
    },
    "dividends": {
        "1995-04-19": {
            "cash": 0,
            "stock": 1
        },
        "1996-06-28": {
            "cash": 0,
            "stock": 1
        },
        "1997-05-08": {
            "cash": 0,
            "stock": 1
        },
        "1998-04-29": {
            "cash": 0,
            "stock": 1
        }
    },
    "prices": {
        "200101": "3.47",
        "200102": "4.15",
        "200103": "4.08",
        "200104": "3.76",
        "200105": "3.21",
        "200106": "3.10",
        "200107": "2.91",
        "200108": "2.92",
        "200109": "2.77",
        "200110": "1.79",
        "200111": "0.97",
        "200112": "0.86",
        "200201": "0.72",
        "200202": "0.78",
        "200203": "0.94",
        "200204": "1.36",
        "200205": "2.67",
        "200206": "3.86",
        "200207": "4.80",
        "200208": "4.65",
        "200209": "3.92",
        "200210": "3.30",
        "200211": "4.25",
        "200212": "4.88",
        "200301": "5.95",
        "200302": "10.42",
        "200303": "8.55",
        "200304": "8.80",
        "200305": "6.74",
        "200306": "7.86",
        "200307": "8.24",
        "200308": "8.05",
        "200309": "8.09",
        "200310": "8.22",
        "200311": "8.66",
        "200312": "10.56",
        "200401": "14.91",
        "200402": "17.99",
        "200403": "20.20",
        "200404": "17.75",
        "200405": "13.23",
        "200406": "14.35",
        "200407": "14.90",
        "200408": "13.87",
        "200409": "16.76",
        "200410": "17.32",
        "200411": "14.91",
        "200412": "15.59",
        "200501": "14.76",
        "200502": "14.06",
        "200503": "10.19",
        "200504": "7.47",
        "200505": "5.42",
        "200506": "7.19",
        "200507": "7.01",
        "200508": "6.68",
        "200509": "6.37",
        "200510": "4.94",
        "200511": "4.20",
        "200512": "4.69",
        "200601": "5.85",
        "200602": "7.34",
        "200603": "7.53",
        "200604": "10.74",
        "200605": "11.70",
        "200606": "9.14",
        "200607": "10.29",
        "200608": "10.18",
        "200609": "9.43",
        "200610": "11.16",
        "200611": "11.26",
        "200612": "11.62",
        "200701": "11.30",
        "200702": "11.33",
        "200703": "12.60",
        "200704": "13.54",
        "200705": "13.11",
        "200706": "12.92",
        "200707": "13.41",
        "200708": "10.55",
        "200709": "11.06",
        "200710": "10.75",
        "200711": "9.51",
        "200712": "7.86",
        "200801": "7.71",
        "200802": "8.60",
        "200803": "9.59",
        "200804": "10.39",
        "200805": "10.90",
        "200806": "8.80",
        "200807": "7.09",
        "200808": "6.27",
        "200809": "4.93",
        "200810": "3.29",
        "200811": "3.40",
        "200812": "3.40",
        "200901": "3.76",
        "200902": "3.61",
        "200903": "4.12",
        "200904": "5.60",
        "200905": "6.10",
        "200906": "5.99",
        "200907": "5.96",
        "200908": "5.96",
        "200909": "5.78",
        "200910": "6.27",
        "200911": "5.98",
        "200912": "6.06",
        "201001": "6.63",
        "201002": "6.07",
        "201003": "6.41",
        "201004": "7.07",
        "201005": "7.36",
        "201006": "6.40",
        "201007": "5.94",
        "201008": "6.14",
        "201009": "6.47",
        "201010": "6.21",
        "201011": "5.81",
        "201012": "6.19",
        "201101": "7.54",
        "201102": "8.20",
        "201103": "7.48",
        "201104": "7.06",
        "201105": "6.45",
        "201106": "5.90",
        "201107": "5.69",
        "201108": "5.42",
        "201109": "5.42",
        "201110": "5.10",
        "201111": "4.52",
        "201112": "3.90",
        "201201": "3.98",
        "201202": "5.09",
        "201203": "4.74",
        "201204": "3.95",
        "201205": "3.82",
        "201206": "3.31",
        "201207": "2.97",
        "201208": "3.00",
        "201209": "3.40",
        "201210": "3.35",
        "201211": "3.06",
        "201212": "3.46",
        "201301": "4.87",
        "201302": "4.51",
        "201303": "4.05",
        "201304": "3.74",
        "201305": "4.06",
        "201306": "3.96",
        "201307": "3.90",
        "201308": "3.96",
        "201309": "3.96",
        "201310": "3.95",
        "201311": "3.82",
        "201312": "4.01",
        "201401": "4.28",
        "201402": "4.07",
        "201403": "4.06",
        "201404": "4.18",
        "201405": "4.18",
        "201406": "4.12",
        "201407": "4.17",
        "201408": "5.82",
        "201409": "6.48",
        "201410": "5.29",
        "201411": "5.23",
        "201412": "5.27",
        "201501": "5.22",
        "201502": "5.10",
        "201503": "4.66",
        "201504": "4.35",
        "201505": "4.39",
        "201506": "3.85",
        "201507": "3.63",
        "201508": "2.98",
        "201509": "2.81",
        "201510": "3.04",
        "201511": "2.44",
        "201512": "1.89",
        "201601": "1.84",
        "201602": "1.78",
        "201603": "1.72",
        "201604": "1.86",
        "201605": "1.80",
        "201606": "無",
        "201607": "無",
        "201608": "2.20",
        "201609": "2.04",
        "201610": "2.13",
        "201611": "2.79",
        "201612": "2.89",
        "201701": "2.85",
        "201702": "3.23",
        "201703": "3.76",
        "201704": "3.29",
        "201705": "3.06",
        "201706": "2.93",
        "201707": "3.02",
        "201708": "2.87",
        "201709": "2.78",
        "201710": "2.78",
        "201711": "2.82",
        "201712": "2.72",
        "201801": "2.86",
        "201802": "2.93",
        "201803": "3.33",
        "201804": "4.36",
        "201805": "4.14",
        "201806": "3.95",
        "201807": "3.26",
        "201808": "2.65",
        "201809": "2.41",
        "201810": "無",
        "201811": "無",
        "201812": "無",
        "201901": "無",
        "201902": "無",
        "201903": "無",
        "201904": "1.84",
        "201905": "1.79",
        "201906": "1.71",
        "201907": "1.70",
        "201908": "1.63",
        "201909": "1.67",
        "201910": "1.72",
        "201911": "2.37",
        "201912": "2.14",
        "202001": "2.04",
        "202002": "2.06",
        "202003": "1.65",
        "202004": "1.37",
        "202005": "1.75",
        "202006": "1.75",
        "202007": "1.80",
        "202008": "1.79",
        "202009": "2.89",
        "202010": "2.94",
        "202011": "2.60",
        "202012": "2.97",
        "202101": "2.73",
        "202102": "2.62",
        "202103": "2.77",
        "202104": "3.54",
        "202105": "3.61",
        "202106": "4.01",
        "202107": "6.82",
        "202108": "5.88",
        "202109": "5.36",
        "202110": "5.32",
        "202111": "5.28",
        "202112": "5.66",
        "202201": "5.87",
        "202202": "5.68",
        "202203": "5.85",
        "202204": "5.42",
        "202205": "5.63",
        "202206": "5.81",
        "202207": "5.50",
        "202208": "5.28",
        "202209": "4.81",
        "202210": "4.13",
        "202211": "4.63",
        "202212": "5.02",
        "202301": "5.00",
        "202302": "5.35",
        "202303": "5.72",
        "202304": "5.41",
        "202305": "5.45",
        "202306": "5.70",
        "202307": "5.40",
        "202308": "5.58",
        "202309": "7.00",
        "202310": "7.76",
        "202311": "7.67",
        "202312": "7.38"
    },
    "quarters": {
        "20011": {
            "year_quarter": 20011,
            "year": 2001,
            "quarter": 1,
            "eps": 0.41,
            "eps_growth_year": 57.69,
            "eps_4q": -1.5,
            "eps_4q_growth_year": -418.45,
            "roe": 4.9,
            "roe_4q": 4.9,
            "gross_profit": 2,
            "gross_margin": 0,
            "gross_margin_4q_avg": 0,
            "net_income": 133059,
            "net_income_4q": null,
            "revenue": 900567,
            "revenue_4q": null,
            "common_shares": 3228341,
            "book_valuer_per_share": 8.64,
            "book_valuer_per_share_4q_avg": 8.64,
            "equity": 2789506,
            "current_ratio": 62.03,
            "debt_ratio": 46.17,
            "inventory_turnover_ratio": 1.17,
            "account_receivable_turnover_ratio": null,
            "reinvestment_rate": null,
            "research_to_sale_ratio": null,
            "price_fair": 0,
            "eps_avg_yearly": 0,
            "eps_latest_yearly": 0,
            "eps_growth_yearly": 0
        },
        "20012": {
            "year_quarter": 20012,
            "year": 2001,
            "quarter": 2,
            "eps": -0.3,
            "eps_growth_year": null,
            "eps_4q": -1.8,
            "eps_4q_growth_year": -2355.42,
            "roe": -3.54,
            "roe_4q": 1.3600000000000003,
            "gross_profit": 28467,
            "gross_margin": 3.26,
            "gross_margin_4q_avg": 1.63,
            "net_income": -96910,
            "net_income_4q": null,
            "revenue": 872487,
            "revenue_4q": null,
            "common_shares": 3228341,
            "book_valuer_per_share": 8.3,
            "book_valuer_per_share_4q_avg": 8.47,
            "equity": 2678653,
            "current_ratio": 53.91,
            "debt_ratio": 49.11,
            "inventory_turnover_ratio": 1.18,
            "account_receivable_turnover_ratio": null,
            "reinvestment_rate": null,
            "research_to_sale_ratio": null,
            "price_fair": 0,
            "eps_avg_yearly": 0,
            "eps_latest_yearly": 0,
            "eps_growth_yearly": 0
        },
        "20013": {
            "year_quarter": 20013,
            "year": 2001,
            "quarter": 3,
            "eps": -0.62,
            "eps_growth_year": null,
            "eps_4q": -1.95,
            "eps_4q_growth_year": null,
            "roe": -7.77,
            "roe_4q": -6.409999999999998,
            "gross_profit": 21693,
            "gross_margin": 2.98,
            "gross_margin_4q_avg": 2.08,
            "net_income": -200235,
            "net_income_4q": null,
            "revenue": 726988,
            "revenue_4q": null,
            "common_shares": 3228341,
            "book_valuer_per_share": 7.66,
            "book_valuer_per_share_4q_avg": 8.2,
            "equity": 2473273,
            "current_ratio": 43.6,
            "debt_ratio": 50.35,
            "inventory_turnover_ratio": 1.09,
            "account_receivable_turnover_ratio": null,
            "reinvestment_rate": null,
            "research_to_sale_ratio": null,
            "price_fair": 0,
            "eps_avg_yearly": 0,
            "eps_latest_yearly": 0,
            "eps_growth_yearly": 0
        },
        "20014": {
            "year_quarter": 20014,
            "year": 2001,
            "quarter": 4,
            "eps": -1.38,
            "eps_growth_year": null,
            "eps_4q": -1.89,
            "eps_4q_growth_year": null,
            "roe": -19.82,
            "roe_4q": -26.229999999999997,
            "gross_profit": -15336,
            "gross_margin": -2.82,
            "gross_margin_4q_avg": 0.86,
            "net_income": -445724,
            "net_income_4q": null,
            "revenue": 543449,
            "revenue_4q": null,
            "common_shares": 3228341,
            "book_valuer_per_share": 6.27,
            "book_valuer_per_share_4q_avg": 7.72,
            "equity": 2024644,
            "current_ratio": 31.34,
            "debt_ratio": 55.86,
            "inventory_turnover_ratio": 1.01,
            "account_receivable_turnover_ratio": null,
            "reinvestment_rate": null,
            "research_to_sale_ratio": null,
            "price_fair": 0,
            "eps_avg_yearly": 0,
            "eps_latest_yearly": 0,
            "eps_growth_yearly": 0
        },
        "20021": {
            "year_quarter": 20021,
            "year": 2002,
            "quarter": 1,
            "eps": -0.08,
            "eps_growth_year": -119.51,
            "eps_4q": -3.18,
            "eps_4q_growth_year": null,
            "roe": -0.96,
            "roe_4q": -32.09,
            "gross_profit": -90366,
            "gross_margin": -10.59,
            "gross_margin_4q_avg": -1.79,
            "net_income": -19175,
            "net_income_4q": null,
            "revenue": 853247,
            "revenue_4q": null,
            "common_shares": 3228341,
            "book_valuer_per_share": 6.09,
            "book_valuer_per_share_4q_avg": 7.08,
            "equity": 1966709,
            "current_ratio": 35.72,
            "debt_ratio": 56.63,
            "inventory_turnover_ratio": 2.28,
            "account_receivable_turnover_ratio": null,
            "reinvestment_rate": null,
            "research_to_sale_ratio": null,
            "price_fair": 0,
            "eps_avg_yearly": 0,
            "eps_latest_yearly": 0,
            "eps_growth_yearly": 0
        },
        "20022": {
            "year_quarter": 20022,
            "year": 2002,
            "quarter": 2,
            "eps": 0.4,
            "eps_growth_year": null,
            "eps_4q": -2.33,
            "eps_4q_growth_year": null,
            "roe": 4.83,
            "roe_4q": -23.72,
            "gross_profit": 121985,
            "gross_margin": 10.49,
            "gross_margin_4q_avg": 0.02,
            "net_income": 97315,
            "net_income_4q": null,
            "revenue": 1163386,
            "revenue_4q": null,
            "common_shares": 3228341,
            "book_valuer_per_share": 6.39,
            "book_valuer_per_share_4q_avg": 6.6,
            "equity": 2064025,
            "current_ratio": 40.42,
            "debt_ratio": 55.27,
            "inventory_turnover_ratio": 3.9,
            "account_receivable_turnover_ratio": null,
            "reinvestment_rate": null,
            "research_to_sale_ratio": null,
            "price_fair": 0,
            "eps_avg_yearly": 0,
            "eps_latest_yearly": 0,
            "eps_growth_yearly": 0
        },
        "20023": {
            "year_quarter": 20023,
            "year": 2002,
            "quarter": 3,
            "eps": 0.16,
            "eps_growth_year": null,
            "eps_4q": -1.37,
            "eps_4q_growth_year": null,
            "roe": 1.84,
            "roe_4q": -14.11,
            "gross_profit": 95119,
            "gross_margin": 7.96,
            "gross_margin_4q_avg": 1.26,
            "net_income": 38386,
            "net_income_4q": null,
            "revenue": 1194528,
            "revenue_4q": null,
            "common_shares": 3228341,
            "book_valuer_per_share": 6.53,
            "book_valuer_per_share_4q_avg": 6.32,
            "equity": 2108345,
            "current_ratio": 45.27,
            "debt_ratio": 54.91,
            "inventory_turnover_ratio": 4.94,
            "account_receivable_turnover_ratio": null,
            "reinvestment_rate": null,
            "research_to_sale_ratio": null,
            "price_fair": 1.92,
            "eps_avg_yearly": 0.64,
            "eps_latest_yearly": 0.64,
            "eps_growth_yearly": -240
        },
        "20024": {
            "year_quarter": 20024,
            "year": 2002,
            "quarter": 4,
            "eps": -0.43,
            "eps_growth_year": null,
            "eps_4q": 0.04,
            "eps_4q_growth_year": null,
            "roe": -5.2,
            "roe_4q": 0.5099999999999998,
            "gross_profit": 9846,
            "gross_margin": 0.99,
            "gross_margin_4q_avg": 2.21,
            "net_income": -106790,
            "net_income_4q": null,
            "revenue": 992468,
            "revenue_4q": null,
            "common_shares": 3228341,
            "book_valuer_per_share": 6.2,
            "book_valuer_per_share_4q_avg": 6.3,
            "equity": 2001553,
            "current_ratio": 41.91,
            "debt_ratio": 54.92,
            "inventory_turnover_ratio": 4.74,
            "account_receivable_turnover_ratio": null,
            "reinvestment_rate": null,
            "research_to_sale_ratio": null,
            "price_fair": 1.92,
            "eps_avg_yearly": 0.64,
            "eps_latest_yearly": 0.64,
            "eps_growth_yearly": -240
        },
        "20031": {
            "year_quarter": 20031,
            "year": 2003,
            "quarter": 1,
            "eps": 0.15,
            "eps_growth_year": null,
            "eps_4q": 0.27,
            "eps_4q_growth_year": null,
            "roe": 1.86,
            "roe_4q": 3.33,
            "gross_profit": 90551,
            "gross_margin": 7.55,
            "gross_margin_4q_avg": 6.75,
            "net_income": 37557,
            "net_income_4q": null,
            "revenue": 1198955,
            "revenue_4q": null,
            "common_shares": 3228341,
            "book_valuer_per_share": 6.32,
            "book_valuer_per_share_4q_avg": 6.36,
            "equity": 2038950,
            "current_ratio": 40.72,
            "debt_ratio": 52.37,
            "inventory_turnover_ratio": 8.52,
            "account_receivable_turnover_ratio": null,
            "reinvestment_rate": null,
            "research_to_sale_ratio": null,
            "price_fair": 1.92,
            "eps_avg_yearly": 0.64,
            "eps_latest_yearly": 0.64,
            "eps_growth_yearly": -240
        },
        "20032": {
            "year_quarter": 20032,
            "year": 2003,
            "quarter": 2,
            "eps": 0.32,
            "eps_growth_year": -20,
            "eps_4q": 0.2,
            "eps_4q_growth_year": null,
            "roe": 3.79,
            "roe_4q": 2.29,
            "gross_profit": 118127,
            "gross_margin": 10.98,
            "gross_margin_4q_avg": 6.87,
            "net_income": 80907,
            "net_income_4q": null,
            "revenue": 1075783,
            "revenue_4q": null,
            "common_shares": 3228341,
            "book_valuer_per_share": 6.9,
            "book_valuer_per_share_4q_avg": 6.49,
            "equity": 2227355,
            "current_ratio": 55.17,
            "debt_ratio": 52.09,
            "inventory_turnover_ratio": 3.77,
            "account_receivable_turnover_ratio": null,
            "reinvestment_rate": null,
            "research_to_sale_ratio": null,
            "price_fair": 33.6,
            "eps_avg_yearly": 0.96,
            "eps_latest_yearly": 1.28,
            "eps_growth_yearly": 106.67
        },
        "20033": {
            "year_quarter": 20033,
            "year": 2003,
            "quarter": 3,
            "eps": 0.37,
            "eps_growth_year": 131.25,
            "eps_4q": 0.42,
            "eps_4q_growth_year": null,
            "roe": 4.16,
            "roe_4q": 4.61,
            "gross_profit": 107686,
            "gross_margin": 7.42,
            "gross_margin_4q_avg": 6.74,
            "net_income": 95263,
            "net_income_4q": null,
            "revenue": 1451815,
            "revenue_4q": null,
            "common_shares": 3228341,
            "book_valuer_per_share": 7.29,
            "book_valuer_per_share_4q_avg": 6.68,
            "equity": 2355022,
            "current_ratio": 62.28,
            "debt_ratio": 51.68,
            "inventory_turnover_ratio": 2.49,
            "account_receivable_turnover_ratio": null,
            "reinvestment_rate": null,
            "research_to_sale_ratio": null,
            "price_fair": 39.67,
            "eps_avg_yearly": 1.13,
            "eps_latest_yearly": 1.48,
            "eps_growth_yearly": 91.94
        },
        "20034": {
            "year_quarter": 20034,
            "year": 2003,
            "quarter": 4,
            "eps": 0.5,
            "eps_growth_year": null,
            "eps_4q": 1.32,
            "eps_4q_growth_year": 3197.8,
            "roe": 5.32,
            "roe_4q": 15.129999999999999,
            "gross_profit": 223235,
            "gross_margin": 12.17,
            "gross_margin_4q_avg": 9.53,
            "net_income": 130461,
            "net_income_4q": null,
            "revenue": 1833692,
            "revenue_4q": null,
            "common_shares": 3228341,
            "book_valuer_per_share": 7.9,
            "book_valuer_per_share_4q_avg": 7.1,
            "equity": 2549027,
            "current_ratio": 117.72,
            "debt_ratio": 48.83,
            "inventory_turnover_ratio": 2.26,
            "account_receivable_turnover_ratio": null,
            "reinvestment_rate": null,
            "research_to_sale_ratio": null,
            "price_fair": 47.25,
            "eps_avg_yearly": 1.35,
            "eps_latest_yearly": 2,
            "eps_growth_yearly": 104.09
        },
        "20041": {
            "year_quarter": 20041,
            "year": 2004,
            "quarter": 1,
            "eps": 0.97,
            "eps_growth_year": 546.67,
            "eps_4q": 2.11,
            "eps_4q_growth_year": 696.37,
            "roe": 9.31,
            "roe_4q": 22.58,
            "gross_profit": 416139,
            "gross_margin": 22.81,
            "gross_margin_4q_avg": 13.35,
            "net_income": 259970,
            "net_income_4q": null,
            "revenue": 1824704,
            "revenue_4q": null,
            "common_shares": 3228341,
            "book_valuer_per_share": 9.41,
            "book_valuer_per_share_4q_avg": 7.88,
            "equity": 3037743,
            "current_ratio": 139.92,
            "debt_ratio": 45.89,
            "inventory_turnover_ratio": 1.6,
            "account_receivable_turnover_ratio": null,
            "reinvestment_rate": null,
            "research_to_sale_ratio": null,
            "price_fair": 64.96,
            "eps_avg_yearly": 1.86,
            "eps_latest_yearly": 3.88,
            "eps_growth_yearly": 158.47
        },
        "20042": {
            "year_quarter": 20042,
            "year": 2004,
            "quarter": 2,
            "eps": 0.33,
            "eps_growth_year": 3.12,
            "eps_4q": 2.13,
            "eps_4q_growth_year": 976.04,
            "roe": 2.83,
            "roe_4q": 21.62,
            "gross_profit": 179948,
            "gross_margin": 12.67,
            "gross_margin_4q_avg": 13.77,
            "net_income": 89019,
            "net_income_4q": null,
            "revenue": 1420208,
            "revenue_4q": null,
            "common_shares": 3228341,
            "book_valuer_per_share": 10.04,
            "book_valuer_per_share_4q_avg": 8.66,
            "equity": 3242446,
            "current_ratio": 160.2,
            "debt_ratio": 40.24,
            "inventory_turnover_ratio": 1.23,
            "account_receivable_turnover_ratio": null,
            "reinvestment_rate": null,
            "research_to_sale_ratio": null,
            "price_fair": 61.83,
            "eps_avg_yearly": 1.77,
            "eps_latest_yearly": 1.32,
            "eps_growth_yearly": 88.08
        },
        "20043": {
            "year_quarter": 20043,
            "year": 2004,
            "quarter": 3,
            "eps": 0.41,
            "eps_growth_year": 10.81,
            "eps_4q": 2.17,
            "eps_4q_growth_year": 421.9,
            "roe": 3.39,
            "roe_4q": 20.85,
            "gross_profit": 176765,
            "gross_margin": 10.73,
            "gross_margin_4q_avg": 14.6,
            "net_income": 111839,
            "net_income_4q": null,
            "revenue": 1647504,
            "revenue_4q": null,
            "common_shares": 3228341,
            "book_valuer_per_share": 10.39,
            "book_valuer_per_share_4q_avg": 9.44,
            "equity": 3354313,
            "current_ratio": 288.34,
            "debt_ratio": 30.2,
            "inventory_turnover_ratio": 1.85,
            "account_receivable_turnover_ratio": null,
            "reinvestment_rate": null,
            "research_to_sale_ratio": null,
            "price_fair": 61.2,
            "eps_avg_yearly": 1.75,
            "eps_latest_yearly": 1.64,
            "eps_growth_yearly": 89.35
        },
        "20044": {
            "year_quarter": 20044,
            "year": 2004,
            "quarter": 4,
            "eps": -0.88,
            "eps_growth_year": -276,
            "eps_4q": 0.79,
            "eps_4q_growth_year": -40.11,
            "roe": -7.52,
            "roe_4q": 8.010000000000002,
            "gross_profit": 120753,
            "gross_margin": 7.56,
            "gross_margin_4q_avg": 13.44,
            "net_income": -243364,
            "net_income_4q": null,
            "revenue": 1597207,
            "revenue_4q": null,
            "common_shares": 3228341,
            "book_valuer_per_share": 9.67,
            "book_valuer_per_share_4q_avg": 9.88,
            "equity": 3120288,
            "current_ratio": 173.94,
            "debt_ratio": 35.29,
            "inventory_turnover_ratio": 3.38,
            "account_receivable_turnover_ratio": null,
            "reinvestment_rate": null,
            "research_to_sale_ratio": null,
            "price_fair": 61.2,
            "eps_avg_yearly": 1.75,
            "eps_latest_yearly": 1.64,
            "eps_growth_yearly": 89.35
        },
        "20051": {
            "year_quarter": 20051,
            "year": 2005,
            "quarter": 1,
            "eps": -0.05,
            "eps_growth_year": -105.15,
            "eps_4q": -0.2,
            "eps_4q_growth_year": -109.4,
            "roe": -0.46,
            "roe_4q": -1.7599999999999998,
            "gross_profit": 14867,
            "gross_margin": 1.32,
            "gross_margin_4q_avg": 8.07,
            "net_income": -14280,
            "net_income_4q": null,
            "revenue": 1126314,
            "revenue_4q": null,
            "common_shares": 3228341,
            "book_valuer_per_share": 9.64,
            "book_valuer_per_share_4q_avg": 9.94,
            "equity": 3113181,
            "current_ratio": 117.08,
            "debt_ratio": 33.77,
            "inventory_turnover_ratio": 3.37,
            "account_receivable_turnover_ratio": null,
            "reinvestment_rate": null,
            "research_to_sale_ratio": null,
            "price_fair": 61.2,
            "eps_avg_yearly": 1.75,
            "eps_latest_yearly": 1.64,
            "eps_growth_yearly": 89.35
        },
        "20052": {
            "year_quarter": 20052,
            "year": 2005,
            "quarter": 2,
            "eps": -0.09,
            "eps_growth_year": -127.27,
            "eps_4q": -0.53,
            "eps_4q_growth_year": -124.99,
            "roe": -0.84,
            "roe_4q": -5.43,
            "gross_profit": 44742,
            "gross_margin": 4.49,
            "gross_margin_4q_avg": 6.03,
            "net_income": -26095,
            "net_income_4q": null,
            "revenue": 995418,
            "revenue_4q": null,
            "common_shares": 3228341,
            "book_valuer_per_share": 9.56,
            "book_valuer_per_share_4q_avg": 9.82,
            "equity": 3087074,
            "current_ratio": 101.5,
            "debt_ratio": 33.25,
            "inventory_turnover_ratio": 2.06,
            "account_receivable_turnover_ratio": null,
            "reinvestment_rate": null,
            "research_to_sale_ratio": null,
            "price_fair": 61.2,
            "eps_avg_yearly": 1.75,
            "eps_latest_yearly": 1.64,
            "eps_growth_yearly": 89.35
        },
        "20053": {
            "year_quarter": 20053,
            "year": 2005,
            "quarter": 3,
            "eps": -0.25,
            "eps_growth_year": -160.98,
            "eps_4q": -1.09,
            "eps_4q_growth_year": -150.41,
            "roe": -2.26,
            "roe_4q": -11.079999999999998,
            "gross_profit": -40551,
            "gross_margin": -3.31,
            "gross_margin_4q_avg": 2.52,
            "net_income": -69024,
            "net_income_4q": null,
            "revenue": 1224185,
            "revenue_4q": null,
            "common_shares": 3228341,
            "book_valuer_per_share": 9.35,
            "book_valuer_per_share_4q_avg": 9.56,
            "equity": 3018264,
            "current_ratio": 97.12,
            "debt_ratio": 29.81,
            "inventory_turnover_ratio": 2.34,
            "account_receivable_turnover_ratio": null,
            "reinvestment_rate": -4591.23,
            "research_to_sale_ratio": null,
            "price_fair": 61.2,
            "eps_avg_yearly": 1.75,
            "eps_latest_yearly": 1.64,
            "eps_growth_yearly": 89.35
        },
        "20054": {
            "year_quarter": 20054,
            "year": 2005,
            "quarter": 4,
            "eps": -0.21,
            "eps_growth_year": null,
            "eps_4q": -0.6,
            "eps_4q_growth_year": -176.06,
            "roe": -1.99,
            "roe_4q": -5.55,
            "gross_profit": -18022,
            "gross_margin": -1.24,
            "gross_margin_4q_avg": 0.32,
            "net_income": -59582,
            "net_income_4q": null,
            "revenue": 1450997,
            "revenue_4q": null,
            "common_shares": 3228341,
            "book_valuer_per_share": 9.16,
            "book_valuer_per_share_4q_avg": 9.43,
            "equity": 2956543,
            "current_ratio": 116.47,
            "debt_ratio": 32.69,
            "inventory_turnover_ratio": 2.9,
            "account_receivable_turnover_ratio": null,
            "reinvestment_rate": -199.27,
            "research_to_sale_ratio": null,
            "price_fair": 61.2,
            "eps_avg_yearly": 1.75,
            "eps_latest_yearly": 1.64,
            "eps_growth_yearly": 89.35
        },
        "20061": {
            "year_quarter": 20061,
            "year": 2006,
            "quarter": 1,
            "eps": 0.05,
            "eps_growth_year": null,
            "eps_4q": -0.51,
            "eps_4q_growth_year": null,
            "roe": 0.47,
            "roe_4q": -4.62,
            "gross_profit": 54798,
            "gross_margin": 3.12,
            "gross_margin_4q_avg": 0.77,
            "net_income": 13874,
            "net_income_4q": null,
            "revenue": 1757364,
            "revenue_4q": null,
            "common_shares": 3228341,
            "book_valuer_per_share": 9.2,
            "book_valuer_per_share_4q_avg": 9.32,
            "equity": 2969488,
            "current_ratio": 123,
            "debt_ratio": 31.65,
            "inventory_turnover_ratio": 4.01,
            "account_receivable_turnover_ratio": null,
            "reinvestment_rate": -183.83,
            "research_to_sale_ratio": null,
            "price_fair": 61.2,
            "eps_avg_yearly": 1.75,
            "eps_latest_yearly": 1.64,
            "eps_growth_yearly": 89.35
        },
        "20062": {
            "year_quarter": 20062,
            "year": 2006,
            "quarter": 2,
            "eps": 0.34,
            "eps_growth_year": null,
            "eps_4q": -0.07,
            "eps_4q_growth_year": null,
            "roe": 3.18,
            "roe_4q": -0.5999999999999994,
            "gross_profit": 131739,
            "gross_margin": 6.03,
            "gross_margin_4q_avg": 1.15,
            "net_income": 95862,
            "net_income_4q": null,
            "revenue": 2184611,
            "revenue_4q": null,
            "common_shares": 3228341,
            "book_valuer_per_share": 9.5,
            "book_valuer_per_share_4q_avg": 9.3,
            "equity": 3066085,
            "current_ratio": 139.5,
            "debt_ratio": 26.97,
            "inventory_turnover_ratio": 7.45,
            "account_receivable_turnover_ratio": null,
            "reinvestment_rate": -188.15,
            "research_to_sale_ratio": null,
            "price_fair": 59.5,
            "eps_avg_yearly": 1.7,
            "eps_latest_yearly": 1.36,
            "eps_growth_yearly": 368.18
        },
        "20063": {
            "year_quarter": 20063,
            "year": 2006,
            "quarter": 3,
            "eps": 0.33,
            "eps_growth_year": null,
            "eps_4q": 0.51,
            "eps_4q_growth_year": null,
            "roe": 2.96,
            "roe_4q": 4.62,
            "gross_profit": 134179,
            "gross_margin": 5.98,
            "gross_margin_4q_avg": 3.47,
            "net_income": 92002,
            "net_income_4q": null,
            "revenue": 2244392,
            "revenue_4q": null,
            "common_shares": 3228341,
            "book_valuer_per_share": 9.78,
            "book_valuer_per_share_4q_avg": 9.41,
            "equity": 3158050,
            "current_ratio": 136.81,
            "debt_ratio": 30.69,
            "inventory_turnover_ratio": 6.49,
            "account_receivable_turnover_ratio": null,
            "reinvestment_rate": -167.52,
            "research_to_sale_ratio": null,
            "price_fair": 62.48,
            "eps_avg_yearly": 1.79,
            "eps_latest_yearly": 1.32,
            "eps_growth_yearly": 396.71
        },
        "20064": {
            "year_quarter": 20064,
            "year": 2006,
            "quarter": 4,
            "eps": 0.55,
            "eps_growth_year": null,
            "eps_4q": 1.26,
            "eps_4q_growth_year": null,
            "roe": 4.78,
            "roe_4q": 11.39,
            "gross_profit": 213249,
            "gross_margin": 7.35,
            "gross_margin_4q_avg": 5.62,
            "net_income": 155340,
            "net_income_4q": null,
            "revenue": 2901986,
            "revenue_4q": null,
            "common_shares": 3228341,
            "book_valuer_per_share": 10.36,
            "book_valuer_per_share_4q_avg": 9.71,
            "equity": 3344175,
            "current_ratio": 172.76,
            "debt_ratio": 31.12,
            "inventory_turnover_ratio": 4.44,
            "account_receivable_turnover_ratio": null,
            "reinvestment_rate": -105.34,
            "research_to_sale_ratio": null,
            "price_fair": 64.09,
            "eps_avg_yearly": 1.83,
            "eps_latest_yearly": 2.2,
            "eps_growth_yearly": 382.26
        },
        "20071": {
            "year_quarter": 20071,
            "year": 2007,
            "quarter": 1,
            "eps": 0.59,
            "eps_growth_year": 1080,
            "eps_4q": 1.82,
            "eps_4q_growth_year": null,
            "roe": 4.82,
            "roe_4q": 15.740000000000002,
            "gross_profit": 217746,
            "gross_margin": 6.93,
            "gross_margin_4q_avg": 6.57,
            "net_income": 165219,
            "net_income_4q": null,
            "revenue": 3143044,
            "revenue_4q": null,
            "common_shares": 3228341,
            "book_valuer_per_share": 10.88,
            "book_valuer_per_share_4q_avg": 10.13,
            "equity": 3511990,
            "current_ratio": 175.93,
            "debt_ratio": 19.74,
            "inventory_turnover_ratio": 4.47,
            "account_receivable_turnover_ratio": null,
            "reinvestment_rate": -89.77,
            "research_to_sale_ratio": null,
            "price_fair": 65.94,
            "eps_avg_yearly": 1.88,
            "eps_latest_yearly": 2.36,
            "eps_growth_yearly": 346.94
        },
        "20072": {
            "year_quarter": 20072,
            "year": 2007,
            "quarter": 2,
            "eps": 0.39,
            "eps_growth_year": 14.71,
            "eps_4q": 1.84,
            "eps_4q_growth_year": null,
            "roe": 3.11,
            "roe_4q": 15.670000000000002,
            "gross_profit": 173461,
            "gross_margin": 6.07,
            "gross_margin_4q_avg": 6.58,
            "net_income": 110932,
            "net_income_4q": null,
            "revenue": 2859761,
            "revenue_4q": null,
            "common_shares": 3228341,
            "book_valuer_per_share": 11.22,
            "book_valuer_per_share_4q_avg": 10.56,
            "equity": 3622004,
            "current_ratio": 173.29,
            "debt_ratio": 21.62,
            "inventory_turnover_ratio": 3.09,
            "account_receivable_turnover_ratio": null,
            "reinvestment_rate": -87.05,
            "research_to_sale_ratio": null,
            "price_fair": 66.92,
            "eps_avg_yearly": 1.91,
            "eps_latest_yearly": 1.56,
            "eps_growth_yearly": 288.05
        },
        "20073": {
            "year_quarter": 20073,
            "year": 2007,
            "quarter": 3,
            "eps": -0.52,
            "eps_growth_year": -257.58,
            "eps_4q": 0.89,
            "eps_4q_growth_year": 73.91,
            "roe": -4.09,
            "roe_4q": 8.620000000000001,
            "gross_profit": -174156,
            "gross_margin": -18.02,
            "gross_margin_4q_avg": 0.58,
            "net_income": -145212,
            "net_income_4q": null,
            "revenue": 966665,
            "revenue_4q": null,
            "common_shares": 3228341,
            "book_valuer_per_share": 10.76,
            "book_valuer_per_share_4q_avg": 10.81,
            "equity": 3475244,
            "current_ratio": 199.58,
            "debt_ratio": 14.55,
            "inventory_turnover_ratio": 1.25,
            "account_receivable_turnover_ratio": null,
            "reinvestment_rate": -118.32,
            "research_to_sale_ratio": null,
            "price_fair": 68.6,
            "eps_avg_yearly": 1.96,
            "eps_latest_yearly": 1.56,
            "eps_growth_yearly": 313.11
        },
        "20074": {
            "year_quarter": 20074,
            "year": 2007,
            "quarter": 4,
            "eps": -0.31,
            "eps_growth_year": -156.36,
            "eps_4q": 0.15,
            "eps_4q_growth_year": -88.13,
            "roe": -2.55,
            "roe_4q": 1.2900000000000005,
            "gross_profit": 43775,
            "gross_margin": 1.79,
            "gross_margin_4q_avg": -0.81,
            "net_income": -87468,
            "net_income_4q": null,
            "revenue": 2447644,
            "revenue_4q": null,
            "common_shares": 3228341,
            "book_valuer_per_share": 10.49,
            "book_valuer_per_share_4q_avg": 10.84,
            "equity": 3387567,
            "current_ratio": 193.12,
            "debt_ratio": 24.73,
            "inventory_turnover_ratio": 3.03,
            "account_receivable_turnover_ratio": null,
            "reinvestment_rate": -164.81,
            "research_to_sale_ratio": null,
            "price_fair": 68.43,
            "eps_avg_yearly": 1.96,
            "eps_latest_yearly": 1.56,
            "eps_growth_yearly": 334.68
        },
        "20081": {
            "year_quarter": 20081,
            "year": 2008,
            "quarter": 1,
            "eps": 0.17,
            "eps_growth_year": -71.19,
            "eps_4q": -0.26,
            "eps_4q_growth_year": -114.09,
            "roe": 1.43,
            "roe_4q": -2.1,
            "gross_profit": 59150,
            "gross_margin": 1.91,
            "gross_margin_4q_avg": -2.06,
            "net_income": 48615,
            "net_income_4q": null,
            "revenue": 3099599,
            "revenue_4q": null,
            "common_shares": 3228341,
            "book_valuer_per_share": 10.61,
            "book_valuer_per_share_4q_avg": 10.77,
            "equity": 3425501,
            "current_ratio": 212.58,
            "debt_ratio": 22.8,
            "inventory_turnover_ratio": 3.76,
            "account_receivable_turnover_ratio": null,
            "reinvestment_rate": -311.97,
            "research_to_sale_ratio": null,
            "price_fair": 58.8,
            "eps_avg_yearly": 1.68,
            "eps_latest_yearly": 1.56,
            "eps_growth_yearly": 328.78
        },
        "20082": {
            "year_quarter": 20082,
            "year": 2008,
            "quarter": 2,
            "eps": -0.21,
            "eps_growth_year": -153.85,
            "eps_4q": -0.76,
            "eps_4q_growth_year": -141.12,
            "roe": -1.78,
            "roe_4q": -6.99,
            "gross_profit": 55798,
            "gross_margin": 3.04,
            "gross_margin_4q_avg": -2.82,
            "net_income": -60264,
            "net_income_4q": null,
            "revenue": 1833076,
            "revenue_4q": null,
            "common_shares": 3228341,
            "book_valuer_per_share": 10.42,
            "book_valuer_per_share_4q_avg": 10.57,
            "equity": 3364906,
            "current_ratio": 190.54,
            "debt_ratio": 26.15,
            "inventory_turnover_ratio": 1.87,
            "account_receivable_turnover_ratio": null,
            "reinvestment_rate": -843.37,
            "research_to_sale_ratio": null,
            "price_fair": 60.9,
            "eps_avg_yearly": 1.74,
            "eps_latest_yearly": 1.56,
            "eps_growth_yearly": 427.56
        },
        "20083": {
            "year_quarter": 20083,
            "year": 2008,
            "quarter": 3,
            "eps": -0.91,
            "eps_growth_year": null,
            "eps_4q": -1.1,
            "eps_4q_growth_year": -224.17,
            "roe": -7.92,
            "roe_4q": -10.82,
            "gross_profit": -62047,
            "gross_margin": -4.01,
            "gross_margin_4q_avg": 0.68,
            "net_income": -256384,
            "net_income_4q": null,
            "revenue": 1548508,
            "revenue_4q": null,
            "common_shares": 3228341,
            "book_valuer_per_share": 9.64,
            "book_valuer_per_share_4q_avg": 10.29,
            "equity": 3110787,
            "current_ratio": 161.05,
            "debt_ratio": 29.64,
            "inventory_turnover_ratio": 1.2,
            "account_receivable_turnover_ratio": null,
            "reinvestment_rate": null,
            "research_to_sale_ratio": null,
            "price_fair": 61.6,
            "eps_avg_yearly": 1.76,
            "eps_latest_yearly": 1.56,
            "eps_growth_yearly": 493.68
        },
        "20084": {
            "year_quarter": 20084,
            "year": 2008,
            "quarter": 4,
            "eps": -1.95,
            "eps_growth_year": null,
            "eps_4q": -2.9,
            "eps_4q_growth_year": -2032.37,
            "roe": -19.37,
            "roe_4q": -27.64,
            "gross_profit": -511758,
            "gross_margin": -65.79,
            "gross_margin_4q_avg": -16.21,
            "net_income": -548632,
            "net_income_4q": null,
            "revenue": 777853,
            "revenue_4q": null,
            "common_shares": 3228341,
            "book_valuer_per_share": 7.91,
            "book_valuer_per_share_4q_avg": 9.65,
            "equity": 2555072,
            "current_ratio": 126.15,
            "debt_ratio": 29.77,
            "inventory_turnover_ratio": 1.19,
            "account_receivable_turnover_ratio": 779.02,
            "reinvestment_rate": null,
            "research_to_sale_ratio": null,
            "price_fair": 61.6,
            "eps_avg_yearly": 1.76,
            "eps_latest_yearly": 1.56,
            "eps_growth_yearly": 493.68
        },
        "20091": {
            "year_quarter": 20091,
            "year": 2009,
            "quarter": 1,
            "eps": -0.31,
            "eps_growth_year": -282.35,
            "eps_4q": -2.95,
            "eps_4q_growth_year": null,
            "roe": -3.52,
            "roe_4q": -32.59,
            "gross_profit": -86509,
            "gross_margin": -10.61,
            "gross_margin_4q_avg": -19.34,
            "net_income": -88462,
            "net_income_4q": null,
            "revenue": 815338,
            "revenue_4q": null,
            "common_shares": 3228341,
            "book_valuer_per_share": 7.64,
            "book_valuer_per_share_4q_avg": 8.9,
            "equity": 2467853,
            "current_ratio": 123.18,
            "debt_ratio": 30.23,
            "inventory_turnover_ratio": 1.47,
            "account_receivable_turnover_ratio": 218.18,
            "reinvestment_rate": null,
            "research_to_sale_ratio": null,
            "price_fair": 61.6,
            "eps_avg_yearly": 1.76,
            "eps_latest_yearly": 1.56,
            "eps_growth_yearly": 493.68
        },
        "20092": {
            "year_quarter": 20092,
            "year": 2009,
            "quarter": 2,
            "eps": 0.34,
            "eps_growth_year": null,
            "eps_4q": -2.88,
            "eps_4q_growth_year": null,
            "roe": 3.74,
            "roe_4q": -27.07,
            "gross_profit": 84795,
            "gross_margin": 5.29,
            "gross_margin_4q_avg": -18.78,
            "net_income": 94299,
            "net_income_4q": null,
            "revenue": 1602577,
            "revenue_4q": null,
            "common_shares": 3228341,
            "book_valuer_per_share": 7.98,
            "book_valuer_per_share_4q_avg": 8.29,
            "equity": 2576140,
            "current_ratio": 138.05,
            "debt_ratio": 29.45,
            "inventory_turnover_ratio": 3.5,
            "account_receivable_turnover_ratio": 79.9,
            "reinvestment_rate": null,
            "research_to_sale_ratio": null,
            "price_fair": 61.6,
            "eps_avg_yearly": 1.76,
            "eps_latest_yearly": 1.56,
            "eps_growth_yearly": 493.68
        },
        "20093": {
            "year_quarter": 20093,
            "year": 2009,
            "quarter": 3,
            "eps": -0.92,
            "eps_growth_year": null,
            "eps_4q": -2.48,
            "eps_4q_growth_year": null,
            "roe": -10.55,
            "roe_4q": -29.700000000000003,
            "gross_profit": 58826,
            "gross_margin": 4.31,
            "gross_margin_4q_avg": -16.7,
            "net_income": -258019,
            "net_income_4q": null,
            "revenue": 1363954,
            "revenue_4q": null,
            "common_shares": 3228341,
            "book_valuer_per_share": 7.17,
            "book_valuer_per_share_4q_avg": 7.68,
            "equity": 2316108,
            "current_ratio": 148.58,
            "debt_ratio": 28.8,
            "inventory_turnover_ratio": 2.58,
            "account_receivable_turnover_ratio": 45.7,
            "reinvestment_rate": null,
            "research_to_sale_ratio": null,
            "price_fair": 61.6,
            "eps_avg_yearly": 1.76,
            "eps_latest_yearly": 1.56,
            "eps_growth_yearly": 493.68
        },
        "20094": {
            "year_quarter": 20094,
            "year": 2009,
            "quarter": 4,
            "eps": 0.95,
            "eps_growth_year": null,
            "eps_4q": 0.06,
            "eps_4q_growth_year": null,
            "roe": 10.94,
            "roe_4q": 0.609999999999999,
            "gross_profit": 49786,
            "gross_margin": 6.87,
            "gross_margin_4q_avg": 1.47,
            "net_income": 267720,
            "net_income_4q": null,
            "revenue": 724869,
            "revenue_4q": null,
            "common_shares": 3228341,
            "book_valuer_per_share": 7.99,
            "book_valuer_per_share_4q_avg": 7.7,
            "equity": 2578701,
            "current_ratio": 161.5,
            "debt_ratio": 26.04,
            "inventory_turnover_ratio": 0.91,
            "account_receivable_turnover_ratio": 73.68,
            "reinvestment_rate": null,
            "research_to_sale_ratio": null,
            "price_fair": 61.6,
            "eps_avg_yearly": 1.76,
            "eps_latest_yearly": 1.56,
            "eps_growth_yearly": 493.68
        },
        "20101": {
            "year_quarter": 20101,
            "year": 2010,
            "quarter": 1,
            "eps": 0.47,
            "eps_growth_year": null,
            "eps_4q": 0.84,
            "eps_4q_growth_year": null,
            "roe": 4.98,
            "roe_4q": 9.11,
            "gross_profit": 11295,
            "gross_margin": 0.8,
            "gross_margin_4q_avg": 4.32,
            "net_income": 131682,
            "net_income_4q": null,
            "revenue": 1414835,
            "revenue_4q": null,
            "common_shares": 3228341,
            "book_valuer_per_share": 9.64,
            "book_valuer_per_share_4q_avg": 8.2,
            "equity": 2710398,
            "current_ratio": 196.9,
            "debt_ratio": 19.15,
            "inventory_turnover_ratio": 2.08,
            "account_receivable_turnover_ratio": 22.76,
            "reinvestment_rate": null,
            "research_to_sale_ratio": null,
            "price_fair": 62.3,
            "eps_avg_yearly": 1.78,
            "eps_latest_yearly": 1.88,
            "eps_growth_yearly": 377.72
        },
        "20102": {
            "year_quarter": 20102,
            "year": 2010,
            "quarter": 2,
            "eps": 0.26,
            "eps_growth_year": -24.02,
            "eps_4q": 0.76,
            "eps_4q_growth_year": null,
            "roe": 2.64,
            "roe_4q": 8.010000000000002,
            "gross_profit": 40564,
            "gross_margin": 3.6,
            "gross_margin_4q_avg": 3.9,
            "net_income": 72633,
            "net_income_4q": null,
            "revenue": 1125224,
            "revenue_4q": null,
            "common_shares": 3228341,
            "book_valuer_per_share": 9.9,
            "book_valuer_per_share_4q_avg": 8.68,
            "equity": 2783946,
            "current_ratio": 206.29,
            "debt_ratio": 22.8,
            "inventory_turnover_ratio": 1.68,
            "account_receivable_turnover_ratio": 21.5,
            "reinvestment_rate": null,
            "research_to_sale_ratio": null,
            "price_fair": 5.18,
            "eps_avg_yearly": 1.73,
            "eps_latest_yearly": 1.04,
            "eps_growth_yearly": -38.74
        },
        "20103": {
            "year_quarter": 20103,
            "year": 2010,
            "quarter": 3,
            "eps": -0.29,
            "eps_growth_year": null,
            "eps_4q": 1.39,
            "eps_4q_growth_year": null,
            "roe": -2.94,
            "roe_4q": 15.620000000000001,
            "gross_profit": -97486,
            "gross_margin": -11.88,
            "gross_margin_4q_avg": -0.15,
            "net_income": -80608,
            "net_income_4q": null,
            "revenue": 820500,
            "revenue_4q": null,
            "common_shares": 3228341,
            "book_valuer_per_share": 9.61,
            "book_valuer_per_share_4q_avg": 9.29,
            "equity": 2700894,
            "current_ratio": 236.37,
            "debt_ratio": 17.79,
            "inventory_turnover_ratio": 1.5,
            "account_receivable_turnover_ratio": 46.87,
            "reinvestment_rate": null,
            "research_to_sale_ratio": null,
            "price_fair": 5.42,
            "eps_avg_yearly": 1.81,
            "eps_latest_yearly": 1.04,
            "eps_growth_yearly": -44.13
        },
        "20104": {
            "year_quarter": 20104,
            "year": 2010,
            "quarter": 4,
            "eps": -0.09,
            "eps_growth_year": -109.49,
            "eps_4q": 0.35,
            "eps_4q_growth_year": 533.94,
            "roe": -0.94,
            "roe_4q": 3.7400000000000007,
            "gross_profit": -46211,
            "gross_margin": -4.41,
            "gross_margin_4q_avg": -2.97,
            "net_income": -25341,
            "net_income_4q": null,
            "revenue": 1047379,
            "revenue_4q": null,
            "common_shares": 3228341,
            "book_valuer_per_share": 9.51,
            "book_valuer_per_share_4q_avg": 9.67,
            "equity": 2672659,
            "current_ratio": 200.16,
            "debt_ratio": 21.06,
            "inventory_turnover_ratio": 2.02,
            "account_receivable_turnover_ratio": 41.44,
            "reinvestment_rate": null,
            "research_to_sale_ratio": null,
            "price_fair": 5.13,
            "eps_avg_yearly": 1.71,
            "eps_latest_yearly": 1.04,
            "eps_growth_yearly": -121.83
        },
        "20111": {
            "year_quarter": 20111,
            "year": 2011,
            "quarter": 1,
            "eps": -0.16,
            "eps_growth_year": -134.04,
            "eps_4q": -0.27,
            "eps_4q_growth_year": -132.78,
            "roe": -1.66,
            "roe_4q": -2.899999999999999,
            "gross_profit": -13719,
            "gross_margin": -0.66,
            "gross_margin_4q_avg": -3.34,
            "net_income": -43922,
            "net_income_4q": null,
            "revenue": 2082959,
            "revenue_4q": null,
            "common_shares": 3228341,
            "book_valuer_per_share": 9.35,
            "book_valuer_per_share_4q_avg": 9.59,
            "equity": 2628669,
            "current_ratio": 190.85,
            "debt_ratio": 22.41,
            "inventory_turnover_ratio": 3.44,
            "account_receivable_turnover_ratio": 48.02,
            "reinvestment_rate": null,
            "research_to_sale_ratio": null,
            "price_fair": 4.48,
            "eps_avg_yearly": 1.49,
            "eps_latest_yearly": 1.04,
            "eps_growth_yearly": -172.14
        },
        "20112": {
            "year_quarter": 20112,
            "year": 2011,
            "quarter": 2,
            "eps": 0.06,
            "eps_growth_year": -76.23,
            "eps_4q": -0.47,
            "eps_4q_growth_year": -161.96,
            "roe": 0.65,
            "roe_4q": -4.89,
            "gross_profit": 47006,
            "gross_margin": 2.29,
            "gross_margin_4q_avg": -3.67,
            "net_income": 17253,
            "net_income_4q": null,
            "revenue": 2049014,
            "revenue_4q": null,
            "common_shares": 3228341,
            "book_valuer_per_share": 9.4,
            "book_valuer_per_share_4q_avg": 9.47,
            "equity": 2643418,
            "current_ratio": 179.88,
            "debt_ratio": 25.53,
            "inventory_turnover_ratio": 2.51,
            "account_receivable_turnover_ratio": 53.13,
            "reinvestment_rate": null,
            "research_to_sale_ratio": null,
            "price_fair": 4.38,
            "eps_avg_yearly": 1.46,
            "eps_latest_yearly": 1.04,
            "eps_growth_yearly": -190.41
        },
        "20113": {
            "year_quarter": 20113,
            "year": 2011,
            "quarter": 3,
            "eps": -0.71,
            "eps_growth_year": null,
            "eps_4q": -0.9,
            "eps_4q_growth_year": -164.52,
            "roe": -7.88,
            "roe_4q": -9.829999999999998,
            "gross_profit": -137580,
            "gross_margin": -10.1,
            "gross_margin_4q_avg": -3.22,
            "net_income": -200551,
            "net_income_4q": null,
            "revenue": 1362373,
            "revenue_4q": null,
            "common_shares": 3228341,
            "book_valuer_per_share": 8.71,
            "book_valuer_per_share_4q_avg": 9.24,
            "equity": 2448221,
            "current_ratio": 235.21,
            "debt_ratio": 14.94,
            "inventory_turnover_ratio": 2.31,
            "account_receivable_turnover_ratio": 94.85,
            "reinvestment_rate": null,
            "research_to_sale_ratio": null,
            "price_fair": 4.38,
            "eps_avg_yearly": 1.46,
            "eps_latest_yearly": 1.04,
            "eps_growth_yearly": -190.41
        },
        "20114": {
            "year_quarter": 20114,
            "year": 2011,
            "quarter": 4,
            "eps": -0.49,
            "eps_growth_year": null,
            "eps_4q": -1.3,
            "eps_4q_growth_year": -470.72,
            "roe": -5.78,
            "roe_4q": -14.67,
            "gross_profit": -111794,
            "gross_margin": -11.84,
            "gross_margin_4q_avg": -5.08,
            "net_income": -137455,
            "net_income_4q": null,
            "revenue": 944437,
            "revenue_4q": null,
            "common_shares": 3228341,
            "book_valuer_per_share": 8.22,
            "book_valuer_per_share_4q_avg": 8.92,
            "equity": 2310187,
            "current_ratio": 147.51,
            "debt_ratio": 28.35,
            "inventory_turnover_ratio": 2.09,
            "account_receivable_turnover_ratio": 54.85,
            "reinvestment_rate": null,
            "research_to_sale_ratio": null,
            "price_fair": 4.38,
            "eps_avg_yearly": 1.46,
            "eps_latest_yearly": 1.04,
            "eps_growth_yearly": -190.41
        },
        "20121": {
            "year_quarter": 20121,
            "year": 2012,
            "quarter": 1,
            "eps": -0.24,
            "eps_growth_year": null,
            "eps_4q": -1.38,
            "eps_4q_growth_year": null,
            "roe": -2.99,
            "roe_4q": -15.999999999999998,
            "gross_profit": -79777,
            "gross_margin": -11.57,
            "gross_margin_4q_avg": -7.81,
            "net_income": -68066,
            "net_income_4q": null,
            "revenue": 689519,
            "revenue_4q": null,
            "common_shares": 3228341,
            "book_valuer_per_share": 7.97,
            "book_valuer_per_share_4q_avg": 8.58,
            "equity": 2239915,
            "current_ratio": 136.61,
            "debt_ratio": 32.6,
            "inventory_turnover_ratio": 1.07,
            "account_receivable_turnover_ratio": 20.78,
            "reinvestment_rate": null,
            "research_to_sale_ratio": null,
            "price_fair": 4.38,
            "eps_avg_yearly": 1.46,
            "eps_latest_yearly": 1.04,
            "eps_growth_yearly": -190.41
        },
        "20122": {
            "year_quarter": 20122,
            "year": 2012,
            "quarter": 2,
            "eps": -0.63,
            "eps_growth_year": -1131.94,
            "eps_4q": -2.08,
            "eps_4q_growth_year": null,
            "roe": -8.28,
            "roe_4q": -24.93,
            "gross_profit": -140431,
            "gross_margin": -18.18,
            "gross_margin_4q_avg": -12.92,
            "net_income": -178190,
            "net_income_4q": null,
            "revenue": 772642,
            "revenue_4q": null,
            "common_shares": 3228341,
            "book_valuer_per_share": 7.34,
            "book_valuer_per_share_4q_avg": 8.06,
            "equity": 2063525,
            "current_ratio": 129.02,
            "debt_ratio": 29.82,
            "inventory_turnover_ratio": 1.36,
            "account_receivable_turnover_ratio": 15.84,
            "reinvestment_rate": null,
            "research_to_sale_ratio": null,
            "price_fair": 4.38,
            "eps_avg_yearly": 1.46,
            "eps_latest_yearly": 1.04,
            "eps_growth_yearly": -190.41
        },
        "20123": {
            "year_quarter": 20123,
            "year": 2012,
            "quarter": 3,
            "eps": -0.36,
            "eps_growth_year": null,
            "eps_4q": -1.73,
            "eps_4q_growth_year": null,
            "roe": -5.1,
            "roe_4q": -22.15,
            "gross_profit": -109834,
            "gross_margin": -18.22,
            "gross_margin_4q_avg": -14.95,
            "net_income": -102583,
            "net_income_4q": null,
            "revenue": 602798,
            "revenue_4q": null,
            "common_shares": 3228341,
            "book_valuer_per_share": 6.97,
            "book_valuer_per_share_4q_avg": 7.63,
            "equity": 1959420,
            "current_ratio": 130.36,
            "debt_ratio": 25.72,
            "inventory_turnover_ratio": 1.69,
            "account_receivable_turnover_ratio": 14.43,
            "reinvestment_rate": null,
            "research_to_sale_ratio": null,
            "price_fair": 4.38,
            "eps_avg_yearly": 1.46,
            "eps_latest_yearly": 1.04,
            "eps_growth_yearly": -190.41
        },
        "20124": {
            "year_quarter": 20124,
            "year": 2012,
            "quarter": 4,
            "eps": -0.32,
            "eps_growth_year": null,
            "eps_4q": -1.56,
            "eps_4q_growth_year": null,
            "roe": -4.71,
            "roe_4q": -21.08,
            "gross_profit": -72951,
            "gross_margin": -11.42,
            "gross_margin_4q_avg": -14.85,
            "net_income": -90120,
            "net_income_4q": null,
            "revenue": 639042,
            "revenue_4q": null,
            "common_shares": 3228341,
            "book_valuer_per_share": 6.65,
            "book_valuer_per_share_4q_avg": 7.23,
            "equity": 1869064,
            "current_ratio": 118.92,
            "debt_ratio": 33.1,
            "inventory_turnover_ratio": 1.89,
            "account_receivable_turnover_ratio": 15.43,
            "reinvestment_rate": null,
            "research_to_sale_ratio": null,
            "price_fair": 4.38,
            "eps_avg_yearly": 1.46,
            "eps_latest_yearly": 1.04,
            "eps_growth_yearly": -190.41
        },
        "20131": {
            "year_quarter": 20131,
            "year": 2013,
            "quarter": 1,
            "eps": -0.29,
            "eps_growth_year": null,
            "eps_4q": -1.61,
            "eps_4q_growth_year": null,
            "roe": -4.3,
            "roe_4q": -22.39,
            "gross_profit": -46682,
            "gross_margin": -4.57,
            "gross_margin_4q_avg": -13.1,
            "net_income": -81335,
            "net_income_4q": null,
            "revenue": 1020692,
            "revenue_4q": null,
            "common_shares": 3228341,
            "book_valuer_per_share": 6.81,
            "book_valuer_per_share_4q_avg": 6.94,
            "equity": 1915063,
            "current_ratio": 114.42,
            "debt_ratio": 35.75,
            "inventory_turnover_ratio": 2.49,
            "account_receivable_turnover_ratio": 19.4,
            "reinvestment_rate": null,
            "research_to_sale_ratio": null,
            "price_fair": 4.38,
            "eps_avg_yearly": 1.46,
            "eps_latest_yearly": 1.04,
            "eps_growth_yearly": -190.41
        },
        "20132": {
            "year_quarter": 20132,
            "year": 2013,
            "quarter": 2,
            "eps": -0.47,
            "eps_growth_year": null,
            "eps_4q": -1.44,
            "eps_4q_growth_year": null,
            "roe": -7.09,
            "roe_4q": -21.200000000000003,
            "gross_profit": -99673,
            "gross_margin": -10.77,
            "gross_margin_4q_avg": -11.25,
            "net_income": -130877,
            "net_income_4q": null,
            "revenue": 925270,
            "revenue_4q": null,
            "common_shares": 3228341,
            "book_valuer_per_share": 6.33,
            "book_valuer_per_share_4q_avg": 6.69,
            "equity": 1778756,
            "current_ratio": 106.42,
            "debt_ratio": 39.94,
            "inventory_turnover_ratio": 2.15,
            "account_receivable_turnover_ratio": 13.29,
            "reinvestment_rate": null,
            "research_to_sale_ratio": null,
            "price_fair": 4.38,
            "eps_avg_yearly": 1.46,
            "eps_latest_yearly": 1.04,
            "eps_growth_yearly": -190.41
        },
        "20133": {
            "year_quarter": 20133,
            "year": 2013,
            "quarter": 3,
            "eps": -0.24,
            "eps_growth_year": null,
            "eps_4q": -1.32,
            "eps_4q_growth_year": null,
            "roe": -3.89,
            "roe_4q": -19.990000000000002,
            "gross_profit": -78677,
            "gross_margin": -7.81,
            "gross_margin_4q_avg": -8.64,
            "net_income": -68617,
            "net_income_4q": null,
            "revenue": 1006786,
            "revenue_4q": null,
            "common_shares": 3228341,
            "book_valuer_per_share": 6.21,
            "book_valuer_per_share_4q_avg": 6.5,
            "equity": 1745591,
            "current_ratio": 105.6,
            "debt_ratio": 38.69,
            "inventory_turnover_ratio": 2.07,
            "account_receivable_turnover_ratio": 14.97,
            "reinvestment_rate": null,
            "research_to_sale_ratio": null,
            "price_fair": 4.38,
            "eps_avg_yearly": 1.46,
            "eps_latest_yearly": 1.04,
            "eps_growth_yearly": -190.41
        },
        "20134": {
            "year_quarter": 20134,
            "year": 2013,
            "quarter": 4,
            "eps": -0.19,
            "eps_growth_year": null,
            "eps_4q": -1.19,
            "eps_4q_growth_year": null,
            "roe": -3.14,
            "roe_4q": -18.42,
            "gross_profit": -35158,
            "gross_margin": -2.94,
            "gross_margin_4q_avg": -6.52,
            "net_income": -53743,
            "net_income_4q": null,
            "revenue": 1195951,
            "revenue_4q": null,
            "common_shares": 3228341,
            "book_valuer_per_share": 5.96,
            "book_valuer_per_share_4q_avg": 6.33,
            "equity": 1674415,
            "current_ratio": 105.56,
            "debt_ratio": 40.97,
            "inventory_turnover_ratio": 2.39,
            "account_receivable_turnover_ratio": 33.44,
            "reinvestment_rate": null,
            "research_to_sale_ratio": null,
            "price_fair": 4.38,
            "eps_avg_yearly": 1.46,
            "eps_latest_yearly": 1.04,
            "eps_growth_yearly": -190.41
        },
        "20141": {
            "year_quarter": 20141,
            "year": 2014,
            "quarter": 1,
            "eps": -0.13,
            "eps_growth_year": null,
            "eps_4q": -1.04,
            "eps_4q_growth_year": null,
            "roe": -2.3,
            "roe_4q": -16.42,
            "gross_profit": -1646,
            "gross_margin": -0.15,
            "gross_margin_4q_avg": -5.42,
            "net_income": -37940,
            "net_income_4q": null,
            "revenue": 1091306,
            "revenue_4q": null,
            "common_shares": 3228341,
            "book_valuer_per_share": 5.79,
            "book_valuer_per_share_4q_avg": 6.07,
            "equity": 1628155,
            "current_ratio": 104.38,
            "debt_ratio": 39.96,
            "inventory_turnover_ratio": 2.11,
            "account_receivable_turnover_ratio": 98.06,
            "reinvestment_rate": null,
            "research_to_sale_ratio": null,
            "price_fair": 3.12,
            "eps_avg_yearly": 1.04,
            "eps_latest_yearly": 1.04,
            "eps_growth_yearly": -178.72
        },
        "20142": {
            "year_quarter": 20142,
            "year": 2014,
            "quarter": 2,
            "eps": 0.33,
            "eps_growth_year": null,
            "eps_4q": -0.24,
            "eps_4q_growth_year": null,
            "roe": 5.42,
            "roe_4q": -3.91,
            "gross_profit": 100433,
            "gross_margin": 6.88,
            "gross_margin_4q_avg": -1.01,
            "net_income": 91687,
            "net_income_4q": null,
            "revenue": 1459290,
            "revenue_4q": null,
            "common_shares": 3228341,
            "book_valuer_per_share": 6.23,
            "book_valuer_per_share_4q_avg": 6.05,
            "equity": 1752651,
            "current_ratio": 114.41,
            "debt_ratio": 38.37,
            "inventory_turnover_ratio": 2.56,
            "account_receivable_turnover_ratio": 90.69,
            "reinvestment_rate": null,
            "research_to_sale_ratio": null,
            "price_fair": 0,
            "eps_avg_yearly": 0,
            "eps_latest_yearly": 0,
            "eps_growth_yearly": 0
        },
        "20143": {
            "year_quarter": 20143,
            "year": 2014,
            "quarter": 3,
            "eps": -0.06,
            "eps_growth_year": null,
            "eps_4q": -0.06,
            "eps_4q_growth_year": null,
            "roe": -0.91,
            "roe_4q": -0.9300000000000002,
            "gross_profit": 14964,
            "gross_margin": 1.04,
            "gross_margin_4q_avg": 1.21,
            "net_income": -15799,
            "net_income_4q": null,
            "revenue": 1445159,
            "revenue_4q": null,
            "common_shares": 3228341,
            "book_valuer_per_share": 6.17,
            "book_valuer_per_share_4q_avg": 6.04,
            "equity": 1735693,
            "current_ratio": 113.86,
            "debt_ratio": 41.41,
            "inventory_turnover_ratio": 2.42,
            "account_receivable_turnover_ratio": 90.22,
            "reinvestment_rate": null,
            "research_to_sale_ratio": null,
            "price_fair": 0,
            "eps_avg_yearly": 0,
            "eps_latest_yearly": 0,
            "eps_growth_yearly": 0
        },
        "20144": {
            "year_quarter": 20144,
            "year": 2014,
            "quarter": 4,
            "eps": -0.44,
            "eps_growth_year": null,
            "eps_4q": -0.3,
            "eps_4q_growth_year": null,
            "roe": -7.35,
            "roe_4q": -5.14,
            "gross_profit": -70245,
            "gross_margin": -6.1,
            "gross_margin_4q_avg": 0.42,
            "net_income": -122983,
            "net_income_4q": null,
            "revenue": 1152075,
            "revenue_4q": null,
            "common_shares": 3228341,
            "book_valuer_per_share": 5.73,
            "book_valuer_per_share_4q_avg": 5.98,
            "equity": 1610177,
            "current_ratio": 109.22,
            "debt_ratio": 32.64,
            "inventory_turnover_ratio": 2.62,
            "account_receivable_turnover_ratio": 144.53,
            "reinvestment_rate": null,
            "research_to_sale_ratio": null,
            "price_fair": 0,
            "eps_avg_yearly": 0,
            "eps_latest_yearly": 0,
            "eps_growth_yearly": 0
        },
        "20151": {
            "year_quarter": 20151,
            "year": 2015,
            "quarter": 1,
            "eps": -0.19,
            "eps_growth_year": null,
            "eps_4q": -0.36,
            "eps_4q_growth_year": null,
            "roe": -3.43,
            "roe_4q": -6.27,
            "gross_profit": -49240,
            "gross_margin": -4.7,
            "gross_margin_4q_avg": -0.72,
            "net_income": -53734,
            "net_income_4q": null,
            "revenue": 1048683,
            "revenue_4q": null,
            "common_shares": 3228341,
            "book_valuer_per_share": 5.42,
            "book_valuer_per_share_4q_avg": 5.89,
            "equity": 1524985,
            "current_ratio": 104.11,
            "debt_ratio": 38.62,
            "inventory_turnover_ratio": 3.77,
            "account_receivable_turnover_ratio": 117.28,
            "reinvestment_rate": null,
            "research_to_sale_ratio": null,
            "price_fair": 0,
            "eps_avg_yearly": 0,
            "eps_latest_yearly": 0,
            "eps_growth_yearly": 0
        },
        "20152": {
            "year_quarter": 20152,
            "year": 2015,
            "quarter": 2,
            "eps": -0.31,
            "eps_growth_year": -193.94,
            "eps_4q": -0.99,
            "eps_4q_growth_year": null,
            "roe": -5.88,
            "roe_4q": -17.57,
            "gross_profit": -71319,
            "gross_margin": -8.39,
            "gross_margin_4q_avg": -4.54,
            "net_income": -86513,
            "net_income_4q": null,
            "revenue": 850419,
            "revenue_4q": null,
            "common_shares": 3228341,
            "book_valuer_per_share": 5.05,
            "book_valuer_per_share_4q_avg": 5.59,
            "equity": 1418777,
            "current_ratio": 92,
            "debt_ratio": 40.75,
            "inventory_turnover_ratio": 3.51,
            "account_receivable_turnover_ratio": 92.67,
            "reinvestment_rate": null,
            "research_to_sale_ratio": null,
            "price_fair": 0,
            "eps_avg_yearly": 0,
            "eps_latest_yearly": 0,
            "eps_growth_yearly": 0
        },
        "20153": {
            "year_quarter": 20153,
            "year": 2015,
            "quarter": 3,
            "eps": -0.56,
            "eps_growth_year": null,
            "eps_4q": -1.49,
            "eps_4q_growth_year": null,
            "roe": -11.78,
            "roe_4q": -28.439999999999998,
            "gross_profit": -62710,
            "gross_margin": -11.04,
            "gross_margin_4q_avg": -7.56,
            "net_income": -156280,
            "net_income_4q": null,
            "revenue": 568060,
            "revenue_4q": null,
            "common_shares": 3228341,
            "book_valuer_per_share": 4.39,
            "book_valuer_per_share_4q_avg": 5.15,
            "equity": 1234559,
            "current_ratio": 85.92,
            "debt_ratio": 53.95,
            "inventory_turnover_ratio": 1.25,
            "account_receivable_turnover_ratio": 152.42,
            "reinvestment_rate": null,
            "research_to_sale_ratio": null,
            "price_fair": 0,
            "eps_avg_yearly": 0,
            "eps_latest_yearly": 0,
            "eps_growth_yearly": 0
        },
        "20154": {
            "year_quarter": 20154,
            "year": 2015,
            "quarter": 4,
            "eps": -0.4,
            "eps_growth_year": null,
            "eps_4q": -1.45,
            "eps_4q_growth_year": null,
            "roe": -9.43,
            "roe_4q": -30.52,
            "gross_profit": -80863,
            "gross_margin": -17.61,
            "gross_margin_4q_avg": -10.44,
            "net_income": -112270,
            "net_income_4q": null,
            "revenue": 459210,
            "revenue_4q": null,
            "common_shares": 3228341,
            "book_valuer_per_share": 4.08,
            "book_valuer_per_share_4q_avg": 4.74,
            "equity": 1145943,
            "current_ratio": 79.46,
            "debt_ratio": 55.48,
            "inventory_turnover_ratio": 0.76,
            "account_receivable_turnover_ratio": 44.87,
            "reinvestment_rate": null,
            "research_to_sale_ratio": null,
            "price_fair": 0,
            "eps_avg_yearly": 0,
            "eps_latest_yearly": 0,
            "eps_growth_yearly": 0
        },
        "20161": {
            "year_quarter": 20161,
            "year": 2016,
            "quarter": 1,
            "eps": -0.11,
            "eps_growth_year": null,
            "eps_4q": -1.37,
            "eps_4q_growth_year": null,
            "roe": -2.64,
            "roe_4q": -29.73,
            "gross_profit": -32800,
            "gross_margin": -4.47,
            "gross_margin_4q_avg": -10.38,
            "net_income": -29818,
            "net_income_4q": null,
            "revenue": 734230,
            "revenue_4q": null,
            "common_shares": 3228341,
            "book_valuer_per_share": 3.95,
            "book_valuer_per_share_4q_avg": 4.37,
            "equity": 1110403,
            "current_ratio": 78.94,
            "debt_ratio": 55.86,
            "inventory_turnover_ratio": 1.35,
            "account_receivable_turnover_ratio": 41.69,
            "reinvestment_rate": null,
            "research_to_sale_ratio": null,
            "price_fair": 0,
            "eps_avg_yearly": 0,
            "eps_latest_yearly": 0,
            "eps_growth_yearly": 0
        },
        "20162": {
            "year_quarter": 20162,
            "year": 2016,
            "quarter": 2,
            "eps": 0.02,
            "eps_growth_year": null,
            "eps_4q": -1.04,
            "eps_4q_growth_year": null,
            "roe": 0.63,
            "roe_4q": -23.22,
            "gross_profit": 28342,
            "gross_margin": 3.26,
            "gross_margin_4q_avg": -7.47,
            "net_income": 7011,
            "net_income_4q": null,
            "revenue": 870491,
            "revenue_4q": null,
            "common_shares": 3228341,
            "book_valuer_per_share": 3.96,
            "book_valuer_per_share_4q_avg": 4.1,
            "equity": 1113691,
            "current_ratio": 81.54,
            "debt_ratio": 55.92,
            "inventory_turnover_ratio": 2.31,
            "account_receivable_turnover_ratio": 57.68,
            "reinvestment_rate": null,
            "research_to_sale_ratio": null,
            "price_fair": 0,
            "eps_avg_yearly": 0,
            "eps_latest_yearly": 0,
            "eps_growth_yearly": 0
        },
        "20163": {
            "year_quarter": 20163,
            "year": 2016,
            "quarter": 3,
            "eps": 0.19,
            "eps_growth_year": null,
            "eps_4q": -0.3,
            "eps_4q_growth_year": null,
            "roe": 4.58,
            "roe_4q": -6.859999999999999,
            "gross_profit": 30492,
            "gross_margin": 3.18,
            "gross_margin_4q_avg": -3.91,
            "net_income": 52127,
            "net_income_4q": null,
            "revenue": 960046,
            "revenue_4q": null,
            "common_shares": 3228341,
            "book_valuer_per_share": 4.13,
            "book_valuer_per_share_4q_avg": 4.03,
            "equity": 1161901,
            "current_ratio": 86.05,
            "debt_ratio": 52.73,
            "inventory_turnover_ratio": 1.96,
            "account_receivable_turnover_ratio": 116.73,
            "reinvestment_rate": null,
            "research_to_sale_ratio": null,
            "price_fair": 26.6,
            "eps_avg_yearly": 0.76,
            "eps_latest_yearly": 0.76,
            "eps_growth_yearly": 3400
        },
        "20164": {
            "year_quarter": 20164,
            "year": 2016,
            "quarter": 4,
            "eps": 0.22,
            "eps_growth_year": null,
            "eps_4q": 0.33,
            "eps_4q_growth_year": null,
            "roe": 5.25,
            "roe_4q": 7.82,
            "gross_profit": 84008,
            "gross_margin": 7.75,
            "gross_margin_4q_avg": 2.43,
            "net_income": 62540,
            "net_income_4q": null,
            "revenue": 1083390,
            "revenue_4q": null,
            "common_shares": 3228341,
            "book_valuer_per_share": 4.34,
            "book_valuer_per_share_4q_avg": 4.1,
            "equity": 1221458,
            "current_ratio": 90.84,
            "debt_ratio": 45.6,
            "inventory_turnover_ratio": 1.68,
            "account_receivable_turnover_ratio": 78.96,
            "reinvestment_rate": null,
            "research_to_sale_ratio": null,
            "price_fair": 28.7,
            "eps_avg_yearly": 0.82,
            "eps_latest_yearly": 0.88,
            "eps_growth_yearly": 1731.58
        },
        "20171": {
            "year_quarter": 20171,
            "year": 2017,
            "quarter": 1,
            "eps": 0.2,
            "eps_growth_year": null,
            "eps_4q": 0.64,
            "eps_4q_growth_year": null,
            "roe": 4.61,
            "roe_4q": 15.07,
            "gross_profit": 68474,
            "gross_margin": 7.52,
            "gross_margin_4q_avg": 5.43,
            "net_income": 57559,
            "net_income_4q": null,
            "revenue": 910039,
            "revenue_4q": null,
            "common_shares": 3228341,
            "book_valuer_per_share": 4.53,
            "book_valuer_per_share_4q_avg": 4.24,
            "equity": 1274912,
            "current_ratio": 99.03,
            "debt_ratio": 42.33,
            "inventory_turnover_ratio": 1.69,
            "account_receivable_turnover_ratio": 32.76,
            "reinvestment_rate": null,
            "research_to_sale_ratio": null,
            "price_fair": 28.47,
            "eps_avg_yearly": 0.81,
            "eps_latest_yearly": 0.8,
            "eps_growth_yearly": 1142.26
        },
        "20172": {
            "year_quarter": 20172,
            "year": 2017,
            "quarter": 2,
            "eps": -0.47,
            "eps_growth_year": -2450,
            "eps_4q": 0.15,
            "eps_4q_growth_year": null,
            "roe": -10.82,
            "roe_4q": 3.62,
            "gross_profit": -109837,
            "gross_margin": -15.75,
            "gross_margin_4q_avg": 0.68,
            "net_income": -131354,
            "net_income_4q": null,
            "revenue": 697587,
            "revenue_4q": null,
            "common_shares": 3228341,
            "book_valuer_per_share": 4.1,
            "book_valuer_per_share_4q_avg": 4.28,
            "equity": 1153441,
            "current_ratio": 90.22,
            "debt_ratio": 51.72,
            "inventory_turnover_ratio": 1.29,
            "account_receivable_turnover_ratio": 33.3,
            "reinvestment_rate": null,
            "research_to_sale_ratio": null,
            "price_fair": 28.47,
            "eps_avg_yearly": 0.81,
            "eps_latest_yearly": 0.8,
            "eps_growth_yearly": 1142.26
        },
        "20173": {
            "year_quarter": 20173,
            "year": 2017,
            "quarter": 3,
            "eps": 0.18,
            "eps_growth_year": -5.26,
            "eps_4q": 0.14,
            "eps_4q_growth_year": null,
            "roe": 4.39,
            "roe_4q": 3.4299999999999997,
            "gross_profit": 63312,
            "gross_margin": 6.35,
            "gross_margin_4q_avg": 1.47,
            "net_income": 51549,
            "net_income_4q": null,
            "revenue": 997331,
            "revenue_4q": null,
            "common_shares": 3228341,
            "book_valuer_per_share": 4.26,
            "book_valuer_per_share_4q_avg": 4.31,
            "equity": 1197559,
            "current_ratio": 95.04,
            "debt_ratio": 42.95,
            "inventory_turnover_ratio": 1.5,
            "account_receivable_turnover_ratio": 69.93,
            "reinvestment_rate": null,
            "research_to_sale_ratio": null,
            "price_fair": 28.47,
            "eps_avg_yearly": 0.81,
            "eps_latest_yearly": 0.8,
            "eps_growth_yearly": 1142.26
        },
        "20174": {
            "year_quarter": 20174,
            "year": 2017,
            "quarter": 4,
            "eps": 0.63,
            "eps_growth_year": 183.7,
            "eps_4q": 0.55,
            "eps_4q_growth_year": 68.93,
            "roe": 13.81,
            "roe_4q": 11.989999999999998,
            "gross_profit": 175838,
            "gross_margin": 16.89,
            "gross_margin_4q_avg": 3.75,
            "net_income": 177424,
            "net_income_4q": null,
            "revenue": 1040920,
            "revenue_4q": null,
            "common_shares": 2811673,
            "book_valuer_per_share": 4.88,
            "book_valuer_per_share_4q_avg": 4.44,
            "equity": 1372311,
            "current_ratio": 118.78,
            "debt_ratio": 37.57,
            "inventory_turnover_ratio": 1.54,
            "account_receivable_turnover_ratio": 132.03,
            "reinvestment_rate": null,
            "research_to_sale_ratio": null,
            "price_fair": 43.4,
            "eps_avg_yearly": 1.24,
            "eps_latest_yearly": 2.52,
            "eps_growth_yearly": 1106.7
        },
        "20181": {
            "year_quarter": 20181,
            "year": 2018,
            "quarter": 1,
            "eps": 0.19,
            "eps_growth_year": -5,
            "eps_4q": 0.53,
            "eps_4q_growth_year": -16.09,
            "roe": 3.79,
            "roe_4q": 11.170000000000002,
            "gross_profit": 27473,
            "gross_margin": 2.81,
            "gross_margin_4q_avg": 2.58,
            "net_income": 52776,
            "net_income_4q": null,
            "revenue": 978270,
            "revenue_4q": null,
            "common_shares": 2811673,
            "book_valuer_per_share": 5.04,
            "book_valuer_per_share_4q_avg": 4.57,
            "equity": 1415706,
            "current_ratio": 131.11,
            "debt_ratio": 34.19,
            "inventory_turnover_ratio": 1.51,
            "account_receivable_turnover_ratio": null,
            "reinvestment_rate": null,
            "research_to_sale_ratio": null,
            "price_fair": 40.04,
            "eps_avg_yearly": 1.14,
            "eps_latest_yearly": 0.76,
            "eps_growth_yearly": 829.49
        },
        "20182": {
            "year_quarter": 20182,
            "year": 2018,
            "quarter": 2,
            "eps": -1.19,
            "eps_growth_year": null,
            "eps_4q": -0.19,
            "eps_4q_growth_year": -227.56,
            "roe": -26.86,
            "roe_4q": -4.87,
            "gross_profit": 42283,
            "gross_margin": 4.83,
            "gross_margin_4q_avg": 7.72,
            "net_income": -333882,
            "net_income_4q": null,
            "revenue": 876169,
            "revenue_4q": null,
            "common_shares": 2811673,
            "book_valuer_per_share": 3.81,
            "book_valuer_per_share_4q_avg": 4.5,
            "equity": 1069987,
            "current_ratio": 89.45,
            "debt_ratio": 48.41,
            "inventory_turnover_ratio": 1.32,
            "account_receivable_turnover_ratio": 170.79,
            "reinvestment_rate": null,
            "research_to_sale_ratio": null,
            "price_fair": 40.04,
            "eps_avg_yearly": 1.14,
            "eps_latest_yearly": 0.76,
            "eps_growth_yearly": 829.49
        },
        "20183": {
            "year_quarter": 20183,
            "year": 2018,
            "quarter": 3,
            "eps": -0.18,
            "eps_growth_year": -200,
            "eps_4q": -0.55,
            "eps_4q_growth_year": -481.04,
            "roe": -4.79,
            "roe_4q": -14.049999999999999,
            "gross_profit": -40603,
            "gross_margin": -7.15,
            "gross_margin_4q_avg": 4.35,
            "net_income": -49847,
            "net_income_4q": null,
            "revenue": 567553,
            "revenue_4q": null,
            "common_shares": 2811673,
            "book_valuer_per_share": 3.59,
            "book_valuer_per_share_4q_avg": 4.33,
            "equity": 1009332,
            "current_ratio": 88.04,
            "debt_ratio": 54.7,
            "inventory_turnover_ratio": 1.14,
            "account_receivable_turnover_ratio": 36.67,
            "reinvestment_rate": null,
            "research_to_sale_ratio": null,
            "price_fair": 40.04,
            "eps_avg_yearly": 1.14,
            "eps_latest_yearly": 0.76,
            "eps_growth_yearly": 829.49
        },
        "20184": {
            "year_quarter": 20184,
            "year": 2018,
            "quarter": 4,
            "eps": -0.65,
            "eps_growth_year": -203.25,
            "eps_4q": -1.83,
            "eps_4q_growth_year": -431.33,
            "roe": -19.98,
            "roe_4q": -47.839999999999996,
            "gross_profit": -67622,
            "gross_margin": -16.25,
            "gross_margin_4q_avg": -3.94,
            "net_income": -183184,
            "net_income_4q": null,
            "revenue": 416213,
            "revenue_4q": null,
            "common_shares": 2811673,
            "book_valuer_per_share": 2.93,
            "book_valuer_per_share_4q_avg": 3.84,
            "equity": 823999,
            "current_ratio": 97.98,
            "debt_ratio": 61.48,
            "inventory_turnover_ratio": 1.09,
            "account_receivable_turnover_ratio": 40.22,
            "reinvestment_rate": null,
            "research_to_sale_ratio": null,
            "price_fair": 40.04,
            "eps_avg_yearly": 1.14,
            "eps_latest_yearly": 0.76,
            "eps_growth_yearly": 829.49
        },
        "20191": {
            "year_quarter": 20191,
            "year": 2019,
            "quarter": 1,
            "eps": -0.2,
            "eps_growth_year": -205.26,
            "eps_4q": -2.21,
            "eps_4q_growth_year": -514.05,
            "roe": -6.99,
            "roe_4q": -58.62,
            "gross_profit": -49175,
            "gross_margin": -17.02,
            "gross_margin_4q_avg": -8.9,
            "net_income": -55800,
            "net_income_4q": null,
            "revenue": 288950,
            "revenue_4q": null,
            "common_shares": 2811673,
            "book_valuer_per_share": 2.75,
            "book_valuer_per_share_4q_avg": 3.27,
            "equity": 772354,
            "current_ratio": 73.64,
            "debt_ratio": 62.83,
            "inventory_turnover_ratio": 0.98,
            "account_receivable_turnover_ratio": null,
            "reinvestment_rate": null,
            "research_to_sale_ratio": null,
            "price_fair": 40.04,
            "eps_avg_yearly": 1.14,
            "eps_latest_yearly": 0.76,
            "eps_growth_yearly": 829.49
        },
        "20192": {
            "year_quarter": 20192,
            "year": 2019,
            "quarter": 2,
            "eps": -0.32,
            "eps_growth_year": null,
            "eps_4q": -1.34,
            "eps_4q_growth_year": null,
            "roe": -12.18,
            "roe_4q": -43.940000000000005,
            "gross_profit": -34336,
            "gross_margin": -8.98,
            "gross_margin_4q_avg": -12.35,
            "net_income": -88665,
            "net_income_4q": null,
            "revenue": 382530,
            "revenue_4q": null,
            "common_shares": 2811673,
            "book_valuer_per_share": 2.43,
            "book_valuer_per_share_4q_avg": 2.93,
            "equity": 683172,
            "current_ratio": 69.51,
            "debt_ratio": 66.41,
            "inventory_turnover_ratio": 1.31,
            "account_receivable_turnover_ratio": null,
            "reinvestment_rate": null,
            "research_to_sale_ratio": null,
            "price_fair": 40.04,
            "eps_avg_yearly": 1.14,
            "eps_latest_yearly": 0.76,
            "eps_growth_yearly": 829.49
        },
        "20193": {
            "year_quarter": 20193,
            "year": 2019,
            "quarter": 3,
            "eps": 0.04,
            "eps_growth_year": null,
            "eps_4q": -1.12,
            "eps_4q_growth_year": null,
            "roe": 1.72,
            "roe_4q": -37.43,
            "gross_profit": -32632,
            "gross_margin": -14.29,
            "gross_margin_4q_avg": -14.14,
            "net_income": 11776,
            "net_income_4q": null,
            "revenue": 228277,
            "revenue_4q": null,
            "common_shares": 2811673,
            "book_valuer_per_share": 2.43,
            "book_valuer_per_share_4q_avg": 2.64,
            "equity": 682223,
            "current_ratio": 468.13,
            "debt_ratio": 65.45,
            "inventory_turnover_ratio": 0.81,
            "account_receivable_turnover_ratio": null,
            "reinvestment_rate": null,
            "research_to_sale_ratio": null,
            "price_fair": 40.04,
            "eps_avg_yearly": 1.14,
            "eps_latest_yearly": 0.76,
            "eps_growth_yearly": 829.49
        },
        "20194": {
            "year_quarter": 20194,
            "year": 2019,
            "quarter": 4,
            "eps": -0.16,
            "eps_growth_year": null,
            "eps_4q": -0.63,
            "eps_4q_growth_year": null,
            "roe": -6.9,
            "roe_4q": -24.35,
            "gross_profit": -43450,
            "gross_margin": -17.02,
            "gross_margin_4q_avg": -14.33,
            "net_income": -45140,
            "net_income_4q": null,
            "revenue": 255341,
            "revenue_4q": null,
            "common_shares": 2811673,
            "book_valuer_per_share": 2.23,
            "book_valuer_per_share_4q_avg": 2.46,
            "equity": 626461,
            "current_ratio": 122.11,
            "debt_ratio": 67.38,
            "inventory_turnover_ratio": 0.77,
            "account_receivable_turnover_ratio": null,
            "reinvestment_rate": null,
            "research_to_sale_ratio": null,
            "price_fair": 40.04,
            "eps_avg_yearly": 1.14,
            "eps_latest_yearly": 0.76,
            "eps_growth_yearly": 829.49
        },
        "20201": {
            "year_quarter": 20201,
            "year": 2020,
            "quarter": 1,
            "eps": -0.34,
            "eps_growth_year": null,
            "eps_4q": -0.77,
            "eps_4q_growth_year": null,
            "roe": -16.56,
            "roe_4q": -33.92,
            "gross_profit": -72690,
            "gross_margin": -27.42,
            "gross_margin_4q_avg": -16.93,
            "net_income": -94841,
            "net_income_4q": null,
            "revenue": 265126,
            "revenue_4q": null,
            "common_shares": 2811673,
            "book_valuer_per_share": 1.85,
            "book_valuer_per_share_4q_avg": 2.24,
            "equity": 518997,
            "current_ratio": 77.84,
            "debt_ratio": 70.83,
            "inventory_turnover_ratio": 0.64,
            "account_receivable_turnover_ratio": null,
            "reinvestment_rate": null,
            "research_to_sale_ratio": null,
            "price_fair": 40.04,
            "eps_avg_yearly": 1.14,
            "eps_latest_yearly": 0.76,
            "eps_growth_yearly": 829.49
        },
        "20202": {
            "year_quarter": 20202,
            "year": 2020,
            "quarter": 2,
            "eps": -0.22,
            "eps_growth_year": null,
            "eps_4q": -0.68,
            "eps_4q_growth_year": null,
            "roe": -12.79,
            "roe_4q": -34.53,
            "gross_profit": -67554,
            "gross_margin": -47.16,
            "gross_margin_4q_avg": -26.47,
            "net_income": -63261,
            "net_income_4q": null,
            "revenue": 143239,
            "revenue_4q": null,
            "common_shares": 2811673,
            "book_valuer_per_share": 1.67,
            "book_valuer_per_share_4q_avg": 2.05,
            "equity": 470543,
            "current_ratio": 72.08,
            "debt_ratio": 72.46,
            "inventory_turnover_ratio": 0.5,
            "account_receivable_turnover_ratio": null,
            "reinvestment_rate": null,
            "research_to_sale_ratio": null,
            "price_fair": 40.04,
            "eps_avg_yearly": 1.14,
            "eps_latest_yearly": 0.76,
            "eps_growth_yearly": 829.49
        },
        "20203": {
            "year_quarter": 20203,
            "year": 2020,
            "quarter": 3,
            "eps": -0.1,
            "eps_growth_year": -350,
            "eps_4q": -0.83,
            "eps_4q_growth_year": null,
            "roe": -6.33,
            "roe_4q": -42.57999999999999,
            "gross_profit": -25752,
            "gross_margin": -11.87,
            "gross_margin_4q_avg": -25.87,
            "net_income": -29198,
            "net_income_4q": null,
            "revenue": 216992,
            "revenue_4q": null,
            "common_shares": 2811673,
            "book_valuer_per_share": 1.61,
            "book_valuer_per_share_4q_avg": 1.84,
            "equity": 452499,
            "current_ratio": 305.85,
            "debt_ratio": 73.11,
            "inventory_turnover_ratio": 0.98,
            "account_receivable_turnover_ratio": 1528.11,
            "reinvestment_rate": null,
            "research_to_sale_ratio": null,
            "price_fair": 43.4,
            "eps_avg_yearly": 1.24,
            "eps_latest_yearly": 0.76,
            "eps_growth_yearly": 186.86
        },
        "20204": {
            "year_quarter": 20204,
            "year": 2020,
            "quarter": 4,
            "eps": -0.08,
            "eps_growth_year": null,
            "eps_4q": -0.75,
            "eps_4q_growth_year": null,
            "roe": -5.05,
            "roe_4q": -40.73,
            "gross_profit": -22833,
            "gross_margin": -12.8,
            "gross_margin_4q_avg": -24.81,
            "net_income": -22378,
            "net_income_4q": null,
            "revenue": 178418,
            "revenue_4q": null,
            "common_shares": 2811673,
            "book_valuer_per_share": 1.54,
            "book_valuer_per_share_4q_avg": 1.67,
            "equity": 434108,
            "current_ratio": 94.56,
            "debt_ratio": 75.26,
            "inventory_turnover_ratio": 0.69,
            "account_receivable_turnover_ratio": 19.37,
            "reinvestment_rate": null,
            "research_to_sale_ratio": null,
            "price_fair": 47.6,
            "eps_avg_yearly": 1.36,
            "eps_latest_yearly": 0.76,
            "eps_growth_yearly": 228.09
        },
        "20211": {
            "year_quarter": 20211,
            "year": 2021,
            "quarter": 1,
            "eps": 0.14,
            "eps_growth_year": null,
            "eps_4q": -0.27,
            "eps_4q_growth_year": null,
            "roe": 8.55,
            "roe_4q": -15.619999999999997,
            "gross_profit": 46107,
            "gross_margin": 10.29,
            "gross_margin_4q_avg": -15.39,
            "net_income": 38609,
            "net_income_4q": null,
            "revenue": 448021,
            "revenue_4q": null,
            "common_shares": 2811673,
            "book_valuer_per_share": 1.67,
            "book_valuer_per_share_4q_avg": 1.62,
            "equity": 469242,
            "current_ratio": 71.93,
            "debt_ratio": 72.08,
            "inventory_turnover_ratio": 1.15,
            "account_receivable_turnover_ratio": 49.4,
            "reinvestment_rate": null,
            "research_to_sale_ratio": null,
            "price_fair": 57.4,
            "eps_avg_yearly": 1.64,
            "eps_latest_yearly": 0.76,
            "eps_growth_yearly": 360.32
        },
        "20212": {
            "year_quarter": 20212,
            "year": 2021,
            "quarter": 2,
            "eps": 0.03,
            "eps_growth_year": null,
            "eps_4q": -0.02,
            "eps_4q_growth_year": null,
            "roe": 1.72,
            "roe_4q": -1.1099999999999985,
            "gross_profit": -5119,
            "gross_margin": -2.2,
            "gross_margin_4q_avg": -4.15,
            "net_income": 8107,
            "net_income_4q": null,
            "revenue": 232841,
            "revenue_4q": null,
            "common_shares": 2811673,
            "book_valuer_per_share": 1.68,
            "book_valuer_per_share_4q_avg": 1.63,
            "equity": 471682,
            "current_ratio": 68.96,
            "debt_ratio": 72.17,
            "inventory_turnover_ratio": 0.92,
            "account_receivable_turnover_ratio": 13.39,
            "reinvestment_rate": null,
            "research_to_sale_ratio": null,
            "price_fair": 39.67,
            "eps_avg_yearly": 1.13,
            "eps_latest_yearly": 0.12,
            "eps_growth_yearly": 135.45
        },
        "20213": {
            "year_quarter": 20213,
            "year": 2021,
            "quarter": 3,
            "eps": 0.47,
            "eps_growth_year": null,
            "eps_4q": 0.55,
            "eps_4q_growth_year": null,
            "roe": 24.46,
            "roe_4q": 29.680000000000003,
            "gross_profit": 148183,
            "gross_margin": 17.13,
            "gross_margin_4q_avg": 3.11,
            "net_income": 130945,
            "net_income_4q": null,
            "revenue": 865045,
            "revenue_4q": null,
            "common_shares": 2811673,
            "book_valuer_per_share": 2.13,
            "book_valuer_per_share_4q_avg": 1.76,
            "equity": 599110,
            "current_ratio": 82.15,
            "debt_ratio": 67.42,
            "inventory_turnover_ratio": 2.89,
            "account_receivable_turnover_ratio": 33.18,
            "reinvestment_rate": null,
            "research_to_sale_ratio": null,
            "price_fair": 46.2,
            "eps_avg_yearly": 1.32,
            "eps_latest_yearly": 1.88,
            "eps_growth_yearly": 1568.25
        },
        "20214": {
            "year_quarter": 20214,
            "year": 2021,
            "quarter": 4,
            "eps": 0.35,
            "eps_growth_year": null,
            "eps_4q": 0.98,
            "eps_4q_growth_year": null,
            "roe": 15.2,
            "roe_4q": 49.92999999999999,
            "gross_profit": 115228,
            "gross_margin": 12.46,
            "gross_margin_4q_avg": 9.42,
            "net_income": 98663,
            "net_income_4q": null,
            "revenue": 925034,
            "revenue_4q": null,
            "common_shares": 2811673,
            "book_valuer_per_share": 2.49,
            "book_valuer_per_share_4q_avg": 1.99,
            "equity": 699000,
            "current_ratio": 119.26,
            "debt_ratio": 64.22,
            "inventory_turnover_ratio": 2.92,
            "account_receivable_turnover_ratio": 106.5,
            "reinvestment_rate": null,
            "research_to_sale_ratio": null,
            "price_fair": 36.4,
            "eps_avg_yearly": 1.04,
            "eps_latest_yearly": 1.4,
            "eps_growth_yearly": 1292.72
        },
        "20221": {
            "year_quarter": 20221,
            "year": 2022,
            "quarter": 1,
            "eps": 1.3,
            "eps_growth_year": 828.57,
            "eps_4q": 2.15,
            "eps_4q_growth_year": null,
            "roe": 41.67,
            "roe_4q": 83.05000000000001,
            "gross_profit": 19153,
            "gross_margin": 3.59,
            "gross_margin_4q_avg": 7.75,
            "net_income": 365414,
            "net_income_4q": null,
            "revenue": 533493,
            "revenue_4q": null,
            "common_shares": 2811673,
            "book_valuer_per_share": 3.75,
            "book_valuer_per_share_4q_avg": 2.51,
            "equity": 1054798,
            "current_ratio": 134.51,
            "debt_ratio": 44.64,
            "inventory_turnover_ratio": 1.24,
            "account_receivable_turnover_ratio": 53.35,
            "reinvestment_rate": null,
            "research_to_sale_ratio": null,
            "price_fair": 75.25,
            "eps_avg_yearly": 2.15,
            "eps_latest_yearly": 5.2,
            "eps_growth_yearly": 1633.99
        },
        "20222": {
            "year_quarter": 20222,
            "year": 2022,
            "quarter": 2,
            "eps": -0.24,
            "eps_growth_year": -900,
            "eps_4q": 1.88,
            "eps_4q_growth_year": null,
            "roe": -6.54,
            "roe_4q": 74.78999999999999,
            "gross_profit": 6406,
            "gross_margin": 1.51,
            "gross_margin_4q_avg": 8.67,
            "net_income": -66871,
            "net_income_4q": null,
            "revenue": 424960,
            "revenue_4q": null,
            "common_shares": 2811673,
            "book_valuer_per_share": 3.53,
            "book_valuer_per_share_4q_avg": 2.98,
            "equity": 991499,
            "current_ratio": 126.58,
            "debt_ratio": 48.94,
            "inventory_turnover_ratio": 1.24,
            "account_receivable_turnover_ratio": 42.5,
            "reinvestment_rate": null,
            "research_to_sale_ratio": null,
            "price_fair": 75.25,
            "eps_avg_yearly": 2.15,
            "eps_latest_yearly": 5.2,
            "eps_growth_yearly": 1633.99
        },
        "20223": {
            "year_quarter": 20223,
            "year": 2022,
            "quarter": 3,
            "eps": 1.34,
            "eps_growth_year": 185.11,
            "eps_4q": 2.75,
            "eps_4q_growth_year": 397.86,
            "roe": 31.94,
            "roe_4q": 82.27000000000001,
            "gross_profit": -55383,
            "gross_margin": -80.79,
            "gross_margin_4q_avg": -15.81,
            "net_income": 375883,
            "net_income_4q": null,
            "revenue": 68548,
            "revenue_4q": null,
            "common_shares": 2811673,
            "book_valuer_per_share": 4.84,
            "book_valuer_per_share_4q_avg": 3.65,
            "equity": 1362210,
            "current_ratio": 296.13,
            "debt_ratio": 21.47,
            "inventory_turnover_ratio": 0.38,
            "account_receivable_turnover_ratio": 164.38,
            "reinvestment_rate": -145.69,
            "research_to_sale_ratio": null,
            "price_fair": 75.25,
            "eps_avg_yearly": 2.15,
            "eps_latest_yearly": 5.2,
            "eps_growth_yearly": 1633.99
        },
        "20224": {
            "year_quarter": 20224,
            "year": 2022,
            "quarter": 4,
            "eps": 0.38,
            "eps_growth_year": 7.67,
            "eps_4q": 2.78,
            "eps_4q_growth_year": 182.52,
            "roe": 7.51,
            "roe_4q": 74.58000000000001,
            "gross_profit": -79647,
            "gross_margin": -39.04,
            "gross_margin_4q_avg": -28.68,
            "net_income": 106231,
            "net_income_4q": null,
            "revenue": 204006,
            "revenue_4q": null,
            "common_shares": 2811673,
            "book_valuer_per_share": 5.22,
            "book_valuer_per_share_4q_avg": 4.34,
            "equity": 1466922,
            "current_ratio": 2172.19,
            "debt_ratio": 3.26,
            "inventory_turnover_ratio": 0.75,
            "account_receivable_turnover_ratio": 489.22,
            "reinvestment_rate": -81.1,
            "research_to_sale_ratio": null,
            "price_fair": 70.84,
            "eps_avg_yearly": 2.02,
            "eps_latest_yearly": 1.52,
            "eps_growth_yearly": 1249.88
        },
        "20231": {
            "year_quarter": 20231,
            "year": 2023,
            "quarter": 1,
            "eps": -0.05,
            "eps_growth_year": -103.85,
            "eps_4q": 1.42,
            "eps_4q_growth_year": -33.71,
            "roe": -1.06,
            "roe_4q": 31.85,
            "gross_profit": -8558,
            "gross_margin": -6.12,
            "gross_margin_4q_avg": -31.11,
            "net_income": -15441,
            "net_income_4q": null,
            "revenue": 139944,
            "revenue_4q": null,
            "common_shares": 2811673,
            "book_valuer_per_share": 5.17,
            "book_valuer_per_share_4q_avg": 4.69,
            "equity": 1454557,
            "current_ratio": 5926.47,
            "debt_ratio": 1.42,
            "inventory_turnover_ratio": 0.76,
            "account_receivable_turnover_ratio": null,
            "reinvestment_rate": -74.33,
            "research_to_sale_ratio": null,
            "price_fair": 70.84,
            "eps_avg_yearly": 2.02,
            "eps_latest_yearly": 1.52,
            "eps_growth_yearly": 1249.88
        },
        "20232": {
            "year_quarter": 20232,
            "year": 2023,
            "quarter": 2,
            "eps": 1.31,
            "eps_growth_year": null,
            "eps_4q": 2.97,
            "eps_4q_growth_year": 57.95,
            "roe": 22.42,
            "roe_4q": 60.81,
            "gross_profit": -29206,
            "gross_margin": -108.5,
            "gross_margin_4q_avg": -58.61,
            "net_income": 367566,
            "net_income_4q": null,
            "revenue": 26918,
            "revenue_4q": null,
            "common_shares": 2811673,
            "book_valuer_per_share": 6.49,
            "book_valuer_per_share_4q_avg": 5.43,
            "equity": 1823882,
            "current_ratio": 5869.18,
            "debt_ratio": 1.53,
            "inventory_turnover_ratio": 0.48,
            "account_receivable_turnover_ratio": null,
            "reinvestment_rate": -43.92,
            "research_to_sale_ratio": null,
            "price_fair": 70.84,
            "eps_avg_yearly": 2.02,
            "eps_latest_yearly": 1.52,
            "eps_growth_yearly": 1249.88
        },
        "20233": {
            "year_quarter": 20233,
            "year": 2023,
            "quarter": 3,
            "eps": -0.01,
            "eps_growth_year": -100.75,
            "eps_4q": 1.62,
            "eps_4q_growth_year": -41.17,
            "roe": -0.2,
            "roe_4q": 28.67,
            "gross_profit": -51359,
            "gross_margin": -18.64,
            "gross_margin_4q_avg": -43.08,
            "net_income": -3575,
            "net_income_4q": null,
            "revenue": 275590,
            "revenue_4q": null,
            "common_shares": 2811673,
            "book_valuer_per_share": 6.47,
            "book_valuer_per_share_4q_avg": 5.84,
            "equity": 1818096,
            "current_ratio": 3465.76,
            "debt_ratio": 2.37,
            "inventory_turnover_ratio": 0.99,
            "account_receivable_turnover_ratio": null,
            "reinvestment_rate": -42.53,
            "research_to_sale_ratio": null,
            "price_fair": 70.84,
            "eps_avg_yearly": 2.02,
            "eps_latest_yearly": 1.52,
            "eps_growth_yearly": 1249.88
        }
    },
    "months": {
        "2001-06": {
            "month": "2001-06",
            "price": "3.10",
            "revenue": 302321
        },
        "2001-07": {
            "month": "2001-07",
            "price": "2.91",
            "revenue": 276314
        },
        "2001-08": {
            "month": "2001-08",
            "price": "2.92",
            "revenue": 202423
        },
        "2001-09": {
            "month": "2001-09",
            "price": "2.77",
            "revenue": 248251
        },
        "2001-10": {
            "month": "2001-10",
            "price": "1.79",
            "revenue": 162350
        },
        "2001-11": {
            "month": "2001-11",
            "price": "0.97",
            "revenue": 206822
        },
        "2001-12": {
            "month": "2001-12",
            "price": "0.86",
            "revenue": 174276
        },
        "2002-01": {
            "month": "2002-01",
            "price": "0.72",
            "revenue": 295429
        },
        "2002-02": {
            "month": "2002-02",
            "price": "0.78",
            "revenue": 224025
        },
        "2002-03": {
            "month": "2002-03",
            "price": "0.94",
            "revenue": 333792
        },
        "2002-04": {
            "month": "2002-04",
            "price": "1.36",
            "revenue": 384512
        },
        "2002-05": {
            "month": "2002-05",
            "price": "2.67",
            "revenue": 312801
        },
        "2002-06": {
            "month": "2002-06",
            "price": "3.86",
            "revenue": 466073
        },
        "2002-07": {
            "month": "2002-07",
            "price": "4.80",
            "revenue": 363931
        },
        "2002-08": {
            "month": "2002-08",
            "price": "4.65",
            "revenue": 413721
        },
        "2002-09": {
            "month": "2002-09",
            "price": "3.92",
            "revenue": 416876
        },
        "2002-10": {
            "month": "2002-10",
            "price": "3.30",
            "revenue": 457969
        },
        "2002-11": {
            "month": "2002-11",
            "price": "4.25",
            "revenue": 294847
        },
        "2002-12": {
            "month": "2002-12",
            "price": "4.88",
            "revenue": 240801
        },
        "2003-01": {
            "month": "2003-01",
            "price": "5.95",
            "revenue": 333664
        },
        "2003-02": {
            "month": "2003-02",
            "price": "10.42",
            "revenue": 424123
        },
        "2003-03": {
            "month": "2003-03",
            "price": "8.55",
            "revenue": 441167
        },
        "2003-04": {
            "month": "2003-04",
            "price": "8.80",
            "revenue": 418056
        },
        "2003-05": {
            "month": "2003-05",
            "price": "6.74",
            "revenue": 360652
        },
        "2003-06": {
            "month": "2003-06",
            "price": "7.86",
            "revenue": 297076
        },
        "2003-07": {
            "month": "2003-07",
            "price": "8.24",
            "revenue": 469578
        },
        "2003-08": {
            "month": "2003-08",
            "price": "8.05",
            "revenue": 475859
        },
        "2003-09": {
            "month": "2003-09",
            "price": "8.09",
            "revenue": 506378
        },
        "2003-10": {
            "month": "2003-10",
            "price": "8.22",
            "revenue": 568450
        },
        "2003-11": {
            "month": "2003-11",
            "price": "8.66",
            "revenue": 594060
        },
        "2003-12": {
            "month": "2003-12",
            "price": "10.56",
            "revenue": 671182
        },
        "2004-01": {
            "month": "2004-01",
            "price": "14.91",
            "revenue": 604465
        },
        "2004-02": {
            "month": "2004-02",
            "price": "17.99",
            "revenue": 625273
        },
        "2004-03": {
            "month": "2004-03",
            "price": "20.20",
            "revenue": 594965
        },
        "2004-04": {
            "month": "2004-04",
            "price": "17.75",
            "revenue": 547996
        },
        "2004-05": {
            "month": "2004-05",
            "price": "13.23",
            "revenue": 342245
        },
        "2004-06": {
            "month": "2004-06",
            "price": "14.35",
            "revenue": 529994
        },
        "2004-07": {
            "month": "2004-07",
            "price": "14.90",
            "revenue": 544528
        },
        "2004-08": {
            "month": "2004-08",
            "price": "13.87",
            "revenue": 578546
        },
        "2004-09": {
            "month": "2004-09",
            "price": "16.76",
            "revenue": 524429
        },
        "2004-10": {
            "month": "2004-10",
            "price": "17.32",
            "revenue": 597223
        },
        "2004-11": {
            "month": "2004-11",
            "price": "14.91",
            "revenue": 604822
        },
        "2004-12": {
            "month": "2004-12",
            "price": "15.59",
            "revenue": 497435
        },
        "2005-01": {
            "month": "2005-01",
            "price": "14.76",
            "revenue": 348184
        },
        "2005-02": {
            "month": "2005-02",
            "price": "14.06",
            "revenue": 325694
        },
        "2005-03": {
            "month": "2005-03",
            "price": "10.19",
            "revenue": 505076
        },
        "2005-04": {
            "month": "2005-04",
            "price": "7.47",
            "revenue": 503178
        },
        "2005-05": {
            "month": "2005-05",
            "price": "5.42",
            "revenue": 313333
        },
        "2005-06": {
            "month": "2005-06",
            "price": "7.19",
            "revenue": 240026
        },
        "2005-07": {
            "month": "2005-07",
            "price": "7.01",
            "revenue": 234422
        },
        "2005-08": {
            "month": "2005-08",
            "price": "6.68",
            "revenue": 429892
        },
        "2005-09": {
            "month": "2005-09",
            "price": "6.37",
            "revenue": 559871
        },
        "2005-10": {
            "month": "2005-10",
            "price": "4.94",
            "revenue": 338875
        },
        "2005-11": {
            "month": "2005-11",
            "price": "4.20",
            "revenue": 566184
        },
        "2005-12": {
            "month": "2005-12",
            "price": "4.69",
            "revenue": 432177
        },
        "2006-01": {
            "month": "2006-01",
            "price": "5.85",
            "revenue": 463409
        },
        "2006-02": {
            "month": "2006-02",
            "price": "7.34",
            "revenue": 632130
        },
        "2006-03": {
            "month": "2006-03",
            "price": "7.53",
            "revenue": 661825
        },
        "2006-04": {
            "month": "2006-04",
            "price": "10.74",
            "revenue": 738721
        },
        "2006-05": {
            "month": "2006-05",
            "price": "11.70",
            "revenue": 741367
        },
        "2006-06": {
            "month": "2006-06",
            "price": "9.14",
            "revenue": 738174
        },
        "2006-07": {
            "month": "2006-07",
            "price": "10.29",
            "revenue": 624499
        },
        "2006-08": {
            "month": "2006-08",
            "price": "10.18",
            "revenue": 762562
        },
        "2006-09": {
            "month": "2006-09",
            "price": "9.43",
            "revenue": 823679
        },
        "2006-10": {
            "month": "2006-10",
            "price": "11.16",
            "revenue": 1044796
        },
        "2006-11": {
            "month": "2006-11",
            "price": "11.26",
            "revenue": 975787
        },
        "2006-12": {
            "month": "2006-12",
            "price": "11.62",
            "revenue": 881403
        },
        "2007-01": {
            "month": "2007-01",
            "price": "11.30",
            "revenue": 1076826
        },
        "2007-02": {
            "month": "2007-02",
            "price": "11.33",
            "revenue": 804479
        },
        "2007-03": {
            "month": "2007-03",
            "price": "12.60",
            "revenue": 1261739
        },
        "2007-04": {
            "month": "2007-04",
            "price": "13.54",
            "revenue": 1058317
        },
        "2007-05": {
            "month": "2007-05",
            "price": "13.11",
            "revenue": 1363090
        },
        "2007-06": {
            "month": "2007-06",
            "price": "12.92",
            "revenue": 456751
        },
        "2007-07": {
            "month": "2007-07",
            "price": "13.41",
            "revenue": 144603
        },
        "2007-08": {
            "month": "2007-08",
            "price": "10.55",
            "revenue": 102792
        },
        "2007-09": {
            "month": "2007-09",
            "price": "11.06",
            "revenue": 709951
        },
        "2007-10": {
            "month": "2007-10",
            "price": "10.75",
            "revenue": 1112672
        },
        "2007-11": {
            "month": "2007-11",
            "price": "9.51",
            "revenue": 907150
        },
        "2007-12": {
            "month": "2007-12",
            "price": "7.86",
            "revenue": 424490
        },
        "2008-01": {
            "month": "2008-01",
            "price": "7.71",
            "revenue": 1130802
        },
        "2008-02": {
            "month": "2008-02",
            "price": "8.60",
            "revenue": 782485
        },
        "2008-03": {
            "month": "2008-03",
            "price": "9.59",
            "revenue": 1222721
        },
        "2008-04": {
            "month": "2008-04",
            "price": "10.39",
            "revenue": 797222
        },
        "2008-05": {
            "month": "2008-05",
            "price": "10.90",
            "revenue": 435684
        },
        "2008-06": {
            "month": "2008-06",
            "price": "8.80",
            "revenue": 569356
        },
        "2008-07": {
            "month": "2008-07",
            "price": "7.09",
            "revenue": 807286
        },
        "2008-08": {
            "month": "2008-08",
            "price": "6.27",
            "revenue": 360231
        },
        "2008-09": {
            "month": "2008-09",
            "price": "4.93",
            "revenue": 387891
        },
        "2008-10": {
            "month": "2008-10",
            "price": "3.29",
            "revenue": 272083
        },
        "2008-11": {
            "month": "2008-11",
            "price": "3.40",
            "revenue": 203124
        },
        "2008-12": {
            "month": "2008-12",
            "price": "3.40",
            "revenue": 290150
        },
        "2009-01": {
            "month": "2009-01",
            "price": "3.76",
            "revenue": 270371
        },
        "2009-02": {
            "month": "2009-02",
            "price": "3.61",
            "revenue": 314002
        },
        "2009-03": {
            "month": "2009-03",
            "price": "4.12",
            "revenue": 245496
        },
        "2009-04": {
            "month": "2009-04",
            "price": "5.60",
            "revenue": 511533
        },
        "2009-05": {
            "month": "2009-05",
            "price": "6.10",
            "revenue": 490993
        },
        "2009-06": {
            "month": "2009-06",
            "price": "5.99",
            "revenue": 638809
        },
        "2009-07": {
            "month": "2009-07",
            "price": "5.96",
            "revenue": 645418
        },
        "2009-08": {
            "month": "2009-08",
            "price": "5.96",
            "revenue": 305987
        },
        "2009-09": {
            "month": "2009-09",
            "price": "5.78",
            "revenue": 382550
        },
        "2009-10": {
            "month": "2009-10",
            "price": "6.27",
            "revenue": 401738
        },
        "2009-11": {
            "month": "2009-11",
            "price": "5.98",
            "revenue": 112514
        },
        "2009-12": {
            "month": "2009-12",
            "price": "6.06",
            "revenue": 188432
        },
        "2010-01": {
            "month": "2010-01",
            "price": "6.63",
            "revenue": 444796
        },
        "2010-02": {
            "month": "2010-02",
            "price": "6.07",
            "revenue": 341521
        },
        "2010-03": {
            "month": "2010-03",
            "price": "6.41",
            "revenue": 632750
        },
        "2010-04": {
            "month": "2010-04",
            "price": "7.07",
            "revenue": 642290
        },
        "2010-05": {
            "month": "2010-05",
            "price": "7.36",
            "revenue": 344808
        },
        "2010-06": {
            "month": "2010-06",
            "price": "6.40",
            "revenue": 133999
        },
        "2010-07": {
            "month": "2010-07",
            "price": "5.94",
            "revenue": 208628
        },
        "2010-08": {
            "month": "2010-08",
            "price": "6.14",
            "revenue": 342044
        },
        "2010-09": {
            "month": "2010-09",
            "price": "6.47",
            "revenue": 277033
        },
        "2010-10": {
            "month": "2010-10",
            "price": "6.21",
            "revenue": 346173
        },
        "2010-11": {
            "month": "2010-11",
            "price": "5.81",
            "revenue": 426375
        },
        "2010-12": {
            "month": "2010-12",
            "price": "6.19",
            "revenue": 283317
        },
        "2011-01": {
            "month": "2011-01",
            "price": "7.54",
            "revenue": 563317
        },
        "2011-02": {
            "month": "2011-02",
            "price": "8.20",
            "revenue": 689268
        },
        "2011-03": {
            "month": "2011-03",
            "price": "7.48",
            "revenue": 861650
        },
        "2011-04": {
            "month": "2011-04",
            "price": "7.06",
            "revenue": 860757
        },
        "2011-05": {
            "month": "2011-05",
            "price": "6.45",
            "revenue": 747172
        },
        "2011-06": {
            "month": "2011-06",
            "price": "5.90",
            "revenue": 394211
        },
        "2011-07": {
            "month": "2011-07",
            "price": "5.69",
            "revenue": 480042
        },
        "2011-08": {
            "month": "2011-08",
            "price": "5.42",
            "revenue": 487989
        },
        "2011-09": {
            "month": "2011-09",
            "price": "5.42",
            "revenue": 390972
        },
        "2011-10": {
            "month": "2011-10",
            "price": "5.10",
            "revenue": 381461
        },
        "2011-11": {
            "month": "2011-11",
            "price": "4.52",
            "revenue": 313724
        },
        "2011-12": {
            "month": "2011-12",
            "price": "3.90",
            "revenue": 245941
        },
        "2012-01": {
            "month": "2012-01",
            "price": "3.98",
            "revenue": 193105
        },
        "2012-02": {
            "month": "2012-02",
            "price": "5.09",
            "revenue": 267166
        },
        "2012-03": {
            "month": "2012-03",
            "price": "4.74",
            "revenue": 233586
        },
        "2012-04": {
            "month": "2012-04",
            "price": "3.95",
            "revenue": 257522
        },
        "2012-05": {
            "month": "2012-05",
            "price": "3.82",
            "revenue": 281512
        },
        "2012-06": {
            "month": "2012-06",
            "price": "3.31",
            "revenue": 230389
        },
        "2012-07": {
            "month": "2012-07",
            "price": "2.97",
            "revenue": 202145
        },
        "2012-08": {
            "month": "2012-08",
            "price": "3.00",
            "revenue": 251500
        },
        "2012-09": {
            "month": "2012-09",
            "price": "3.40",
            "revenue": 147670
        },
        "2012-10": {
            "month": "2012-10",
            "price": "3.35",
            "revenue": 145259
        },
        "2012-11": {
            "month": "2012-11",
            "price": "3.06",
            "revenue": 247215
        },
        "2012-12": {
            "month": "2012-12",
            "price": "3.46",
            "revenue": 246189
        },
        "2013-01": {
            "month": "2013-01",
            "price": "4.87",
            "revenue": 381032
        },
        "2013-02": {
            "month": "2013-02",
            "price": "4.51",
            "revenue": 277149
        },
        "2013-03": {
            "month": "2013-03",
            "price": "4.05",
            "revenue": 362510
        },
        "2013-04": {
            "month": "2013-04",
            "price": "3.74",
            "revenue": 314195
        },
        "2013-05": {
            "month": "2013-05",
            "price": "4.06",
            "revenue": 303846
        },
        "2013-06": {
            "month": "2013-06",
            "price": "3.96",
            "revenue": 307229
        },
        "2013-07": {
            "month": "2013-07",
            "price": "3.90",
            "revenue": 304123
        },
        "2013-08": {
            "month": "2013-08",
            "price": "3.96",
            "revenue": 355813
        },
        "2013-09": {
            "month": "2013-09",
            "price": "3.96",
            "revenue": 346851
        },
        "2013-10": {
            "month": "2013-10",
            "price": "3.95",
            "revenue": 376882
        },
        "2013-11": {
            "month": "2013-11",
            "price": "3.82",
            "revenue": 434577
        },
        "2013-12": {
            "month": "2013-12",
            "price": "4.01",
            "revenue": 384492
        },
        "2014-01": {
            "month": "2014-01",
            "price": "4.28",
            "revenue": 374475
        },
        "2014-02": {
            "month": "2014-02",
            "price": "4.07",
            "revenue": 283610
        },
        "2014-03": {
            "month": "2014-03",
            "price": "4.06",
            "revenue": 433222
        },
        "2014-04": {
            "month": "2014-04",
            "price": "4.18",
            "revenue": 459971
        },
        "2014-05": {
            "month": "2014-05",
            "price": "4.18",
            "revenue": 522093
        },
        "2014-06": {
            "month": "2014-06",
            "price": "4.12",
            "revenue": 477226
        },
        "2014-07": {
            "month": "2014-07",
            "price": "4.17",
            "revenue": 632441
        },
        "2014-08": {
            "month": "2014-08",
            "price": "5.82",
            "revenue": 363812
        },
        "2014-09": {
            "month": "2014-09",
            "price": "6.48",
            "revenue": 448765
        },
        "2014-10": {
            "month": "2014-10",
            "price": "5.29",
            "revenue": 379094
        },
        "2014-11": {
            "month": "2014-11",
            "price": "5.23",
            "revenue": 357562
        },
        "2014-12": {
            "month": "2014-12",
            "price": "5.27",
            "revenue": 415560
        },
        "2015-01": {
            "month": "2015-01",
            "price": "5.22",
            "revenue": 391847
        },
        "2015-02": {
            "month": "2015-02",
            "price": "5.10",
            "revenue": 210698
        },
        "2015-03": {
            "month": "2015-03",
            "price": "4.66",
            "revenue": 446138
        },
        "2015-04": {
            "month": "2015-04",
            "price": "4.35",
            "revenue": 273023
        },
        "2015-05": {
            "month": "2015-05",
            "price": "4.39",
            "revenue": 315637
        },
        "2015-06": {
            "month": "2015-06",
            "price": "3.85",
            "revenue": 261760
        },
        "2015-07": {
            "month": "2015-07",
            "price": "3.63",
            "revenue": 303309
        },
        "2015-08": {
            "month": "2015-08",
            "price": "2.98",
            "revenue": 166540
        },
        "2015-09": {
            "month": "2015-09",
            "price": "2.81",
            "revenue": 98210
        },
        "2015-10": {
            "month": "2015-10",
            "price": "3.04",
            "revenue": 124216
        },
        "2015-11": {
            "month": "2015-11",
            "price": "2.44",
            "revenue": 167824
        },
        "2015-12": {
            "month": "2015-12",
            "price": "1.89",
            "revenue": 167170
        },
        "2016-01": {
            "month": "2016-01",
            "price": "1.84",
            "revenue": 269883
        },
        "2016-02": {
            "month": "2016-02",
            "price": "1.78",
            "revenue": 127315
        },
        "2016-03": {
            "month": "2016-03",
            "price": "1.72",
            "revenue": 337032
        },
        "2016-04": {
            "month": "2016-04",
            "price": "1.86",
            "revenue": 284943
        },
        "2016-05": {
            "month": "2016-05",
            "price": "1.80",
            "revenue": 262762
        },
        "2016-08": {
            "month": "2016-08",
            "price": "2.20",
            "revenue": 305423
        },
        "2016-09": {
            "month": "2016-09",
            "price": "2.04",
            "revenue": 328097
        },
        "2016-10": {
            "month": "2016-10",
            "price": "2.13",
            "revenue": 319699
        },
        "2016-11": {
            "month": "2016-11",
            "price": "2.79",
            "revenue": 319564
        },
        "2016-12": {
            "month": "2016-12",
            "price": "2.89",
            "revenue": 444127
        },
        "2017-01": {
            "month": "2017-01",
            "price": "2.85",
            "revenue": 344561
        },
        "2017-02": {
            "month": "2017-02",
            "price": "3.23",
            "revenue": 236525
        },
        "2017-03": {
            "month": "2017-03",
            "price": "3.76",
            "revenue": 328953
        },
        "2017-04": {
            "month": "2017-04",
            "price": "3.29",
            "revenue": 237700
        },
        "2017-05": {
            "month": "2017-05",
            "price": "3.06",
            "revenue": 237748
        },
        "2017-06": {
            "month": "2017-06",
            "price": "2.93",
            "revenue": 222139
        },
        "2017-07": {
            "month": "2017-07",
            "price": "3.02",
            "revenue": 336460
        },
        "2017-08": {
            "month": "2017-08",
            "price": "2.87",
            "revenue": 268432
        },
        "2017-09": {
            "month": "2017-09",
            "price": "2.78",
            "revenue": 392439
        },
        "2017-10": {
            "month": "2017-10",
            "price": "2.78",
            "revenue": 392506
        },
        "2017-11": {
            "month": "2017-11",
            "price": "2.82",
            "revenue": 289784
        },
        "2017-12": {
            "month": "2017-12",
            "price": "2.72",
            "revenue": 358630
        },
        "2018-01": {
            "month": "2018-01",
            "price": "2.86",
            "revenue": 387419
        },
        "2018-02": {
            "month": "2018-02",
            "price": "2.93",
            "revenue": 252511
        },
        "2018-03": {
            "month": "2018-03",
            "price": "3.33",
            "revenue": 333093
        },
        "2018-04": {
            "month": "2018-04",
            "price": "4.36",
            "revenue": 276787
        },
        "2018-05": {
            "month": "2018-05",
            "price": "4.14",
            "revenue": 312038
        },
        "2018-06": {
            "month": "2018-06",
            "price": "3.95",
            "revenue": 292591
        },
        "2018-07": {
            "month": "2018-07",
            "price": "3.26",
            "revenue": 237718
        },
        "2018-08": {
            "month": "2018-08",
            "price": "2.65",
            "revenue": 122449
        },
        "2018-09": {
            "month": "2018-09",
            "price": "2.41",
            "revenue": 207386
        },
        "2019-04": {
            "month": "2019-04",
            "price": "1.84",
            "revenue": 183543
        },
        "2019-05": {
            "month": "2019-05",
            "price": "1.79",
            "revenue": 110381
        },
        "2019-06": {
            "month": "2019-06",
            "price": "1.71",
            "revenue": 88606
        },
        "2019-07": {
            "month": "2019-07",
            "price": "1.70",
            "revenue": 118293
        },
        "2019-08": {
            "month": "2019-08",
            "price": "1.63",
            "revenue": 60880
        },
        "2019-09": {
            "month": "2019-09",
            "price": "1.67",
            "revenue": 49104
        },
        "2019-10": {
            "month": "2019-10",
            "price": "1.72",
            "revenue": 121237
        },
        "2019-11": {
            "month": "2019-11",
            "price": "2.37",
            "revenue": 63886
        },
        "2019-12": {
            "month": "2019-12",
            "price": "2.14",
            "revenue": 70218
        },
        "2020-01": {
            "month": "2020-01",
            "price": "2.04",
            "revenue": 93246
        },
        "2020-02": {
            "month": "2020-02",
            "price": "2.06",
            "revenue": 55553
        },
        "2020-03": {
            "month": "2020-03",
            "price": "1.65",
            "revenue": 116327
        },
        "2020-04": {
            "month": "2020-04",
            "price": "1.37",
            "revenue": 40871
        },
        "2020-05": {
            "month": "2020-05",
            "price": "1.75",
            "revenue": 2688
        },
        "2020-06": {
            "month": "2020-06",
            "price": "1.75",
            "revenue": 99680
        },
        "2020-07": {
            "month": "2020-07",
            "price": "1.80",
            "revenue": 69529
        },
        "2020-08": {
            "month": "2020-08",
            "price": "1.79",
            "revenue": 59475
        },
        "2020-09": {
            "month": "2020-09",
            "price": "2.89",
            "revenue": 87989
        },
        "2020-10": {
            "month": "2020-10",
            "price": "2.94",
            "revenue": 19931
        },
        "2020-11": {
            "month": "2020-11",
            "price": "2.60",
            "revenue": 85064
        },
        "2020-12": {
            "month": "2020-12",
            "price": "2.97",
            "revenue": 73423
        },
        "2021-01": {
            "month": "2021-01",
            "price": "2.73",
            "revenue": 179948
        },
        "2021-02": {
            "month": "2021-02",
            "price": "2.62",
            "revenue": 110212
        },
        "2021-03": {
            "month": "2021-03",
            "price": "2.77",
            "revenue": 157861
        },
        "2021-04": {
            "month": "2021-04",
            "price": "3.54",
            "revenue": 83818
        },
        "2021-05": {
            "month": "2021-05",
            "price": "3.61",
            "revenue": 62440
        },
        "2021-06": {
            "month": "2021-06",
            "price": "4.01",
            "revenue": 86583
        },
        "2021-07": {
            "month": "2021-07",
            "price": "6.82",
            "revenue": 223154
        },
        "2021-08": {
            "month": "2021-08",
            "price": "5.88",
            "revenue": 287355
        },
        "2021-09": {
            "month": "2021-09",
            "price": "5.36",
            "revenue": 354535
        },
        "2021-10": {
            "month": "2021-10",
            "price": "5.32",
            "revenue": 288477
        },
        "2021-11": {
            "month": "2021-11",
            "price": "5.28",
            "revenue": 389701
        },
        "2021-12": {
            "month": "2021-12",
            "price": "5.66",
            "revenue": 246856
        },
        "2022-01": {
            "month": "2022-01",
            "price": "5.87",
            "revenue": 231719
        },
        "2022-02": {
            "month": "2022-02",
            "price": "5.68",
            "revenue": 133549
        },
        "2022-03": {
            "month": "2022-03",
            "price": "5.85",
            "revenue": 168225
        },
        "2022-04": {
            "month": "2022-04",
            "price": "5.42",
            "revenue": 171177
        },
        "2022-05": {
            "month": "2022-05",
            "price": "5.63",
            "revenue": 85040
        },
        "2022-06": {
            "month": "2022-06",
            "price": "5.81",
            "revenue": 168743
        },
        "2022-07": {
            "month": "2022-07",
            "price": "5.50",
            "revenue": 51322
        },
        "2022-08": {
            "month": "2022-08",
            "price": "5.28",
            "revenue": 6212
        },
        "2022-09": {
            "month": "2022-09",
            "price": "4.81",
            "revenue": 11013
        },
        "2022-10": {
            "month": "2022-10",
            "price": "4.13",
            "revenue": 70974
        },
        "2022-11": {
            "month": "2022-11",
            "price": "4.63",
            "revenue": 110969
        },
        "2022-12": {
            "month": "2022-12",
            "price": "5.02",
            "revenue": 22062
        },
        "2023-01": {
            "month": "2023-01",
            "price": "5.00",
            "revenue": 37412
        },
        "2023-02": {
            "month": "2023-02",
            "price": "5.35",
            "revenue": 102532
        },
        "2023-03": {
            "month": "2023-03",
            "price": "5.72",
            "revenue": 0
        },
        "2023-04": {
            "month": "2023-04",
            "price": "5.41",
            "revenue": 0
        },
        "2023-05": {
            "month": "2023-05",
            "price": "5.45",
            "revenue": 20935
        },
        "2023-06": {
            "month": "2023-06",
            "price": "5.70",
            "revenue": 5983
        },
        "2023-07": {
            "month": "2023-07",
            "price": "5.40",
            "revenue": 271
        },
        "2023-08": {
            "month": "2023-08",
            "price": "5.58",
            "revenue": 43613
        },
        "2023-09": {
            "month": "2023-09",
            "price": "7.00",
            "revenue": 231706
        },
        "2023-10": {
            "month": "2023-10",
            "price": "7.76",
            "revenue": 159935
        },
        "2023-11": {
            "month": "2023-11",
            "price": "7.67",
            "revenue": 36420
        },
        "2023-12": {
            "month": "2023-12",
            "price": "7.38",
            "revenue": 99884
        }
    }
}
