{
    "summary": {
        "stock_name": "大成鋼",
        "stock_id": "2027",
        "category": "鋼鐵",
        "main_business": "生產銷售不銹鋼及鋁產品。<br>生產銷售螺絲螺帽產品。",
        "website_url": "http://www.tachen.com.tw",
        "ceo": "謝榮坤",
        "pe_ratio": 8,
        "report_year_from": 2001,
        "report_year_to": 2023,
        "age": 22,
        "eps_negative_percentage": 13,
        "eps_growth_avg": {
            "last_all": 11.11,
            "last_2y": -44.81,
            "last_4y": -16.27,
            "last_8y": 3.28,
            "last_12y": 0.61,
            "last_16y": -0.83,
            "last_20y": 11.11,
            "at_2006_last_3y": 52.92,
            "at_2007_last_3y": 39.01,
            "at_2008_last_3y": -10.99,
            "at_2009_last_3y": -6.12,
            "at_2010_last_3y": -9.71,
            "at_2011_last_3y": -17.95,
            "at_2012_last_3y": 9.19,
            "at_2013_last_3y": -4.07,
            "at_2014_last_3y": -1.38,
            "at_2015_last_3y": -15.61,
            "at_2016_last_3y": -14.62,
            "at_2017_last_3y": 29.35,
            "at_2018_last_3y": 29.35,
            "at_2019_last_3y": 37.53,
            "at_2020_last_3y": 3.15,
            "at_2021_last_3y": -25.15,
            "at_2022_last_3y": -55.02,
            "at_2023_last_3y": -55.02,
            "at_2006_last_all": 62.34,
            "at_2007_last_all": 48.88,
            "at_2008_last_all": 27.62,
            "at_2009_last_all": 27.62,
            "at_2010_last_all": 35.32,
            "at_2011_last_all": 26.61,
            "at_2012_last_all": 22.09,
            "at_2013_last_all": 16.09,
            "at_2014_last_all": 23.08,
            "at_2015_last_all": 13.62,
            "at_2016_last_all": 13.62,
            "at_2017_last_all": 18.93,
            "at_2018_last_all": 24.34,
            "at_2019_last_all": 18.1,
            "at_2020_last_all": 11.15,
            "at_2021_last_all": 11.15,
            "at_2022_last_all": 11.11,
            "at_2023_last_all": 11.11
        },
        "latest_eps": 5.44,
        "latest_price": 45.25,
        "latest_roe": 17.08,
        "latest_gross_margin": 21.29,
        "latest_equity": 75517727,
        "latest_revenue": 28966933,
        "latest_gross_profit": 6167855,
        "latest_net_income": 2407409,
        "latest_debt_ratio": 48.57,
        "latest_current_ratio": 331.63,
        "latest_account_receivable_turnover_ratio": 3.1,
        "latest_inventory_turnover_ratio": 0.33,
        "latest_reinvestment_rate": 48.53,
        "latest_research_to_sale_ratio": null
    },
    "eps_dividends": {
        "1995": {
            "cash": 0,
            "stock": 1,
            "eps": 0
        },
        "1996": {
            "cash": 0,
            "stock": 1,
            "eps": 0
        },
        "1997": {
            "cash": 0,
            "stock": 1.5,
            "eps": 0
        },
        "2000": {
            "cash": 0,
            "stock": 1.5,
            "eps": 0
        },
        "2001": {
            "cash": 0,
            "stock": 0,
            "eps": 0.08
        },
        "2002": {
            "cash": 0,
            "stock": 0,
            "eps": 0.59
        },
        "2003": {
            "cash": 0.2,
            "stock": 0,
            "eps": 0.81
        },
        "2004": {
            "cash": 0.35,
            "stock": 0,
            "eps": 3.71
        },
        "2005": {
            "cash": 1.8,
            "stock": 0,
            "eps": 2.76
        },
        "2006": {
            "cash": 1.5,
            "stock": 0,
            "eps": 7.13
        },
        "2007": {
            "cash": 3,
            "stock": 0,
            "eps": 5.82
        },
        "2008": {
            "cash": 3.1,
            "stock": 0,
            "eps": -7.03
        },
        "2009": {
            "cash": 0,
            "stock": 0,
            "eps": 0.65
        },
        "2010": {
            "cash": 0.31,
            "stock": 1,
            "eps": 1.23
        },
        "2011": {
            "cash": 1.2,
            "stock": 1,
            "eps": 0.7
        },
        "2012": {
            "cash": 0,
            "stock": 0,
            "eps": 0.57
        },
        "2013": {
            "cash": 0.2,
            "stock": 1,
            "eps": 0.32
        },
        "2014": {
            "cash": 0.62,
            "stock": 0,
            "eps": 2.44
        },
        "2015": {
            "cash": 0.6,
            "stock": 0.4,
            "eps": -0.36
        },
        "2016": {
            "cash": 0.5,
            "stock": 0.3,
            "eps": 0.67
        },
        "2017": {
            "cash": 0.5,
            "stock": 0.3,
            "eps": 1.26
        },
        "2018": {
            "cash": 0.8,
            "stock": 0.4,
            "eps": 5.99
        },
        "2019": {
            "cash": 3,
            "stock": 0,
            "eps": 1.47
        },
        "2020": {
            "cash": 1,
            "stock": 0.2,
            "eps": -0.55
        },
        "2021": {
            "cash": 0.8,
            "stock": 0,
            "eps": 5.68
        },
        "2022": {
            "cash": 1.8,
            "stock": 0.1,
            "eps": 6.27
        },
        "2023": {
            "cash": 2.4,
            "stock": 2,
            "eps": 1.03
        }
    },
    "dividends": {
        "1995-03-17": {
            "cash": 0,
            "stock": 1
        },
        "1996-03-28": {
            "cash": 0,
            "stock": 1
        },
        "1997-02-24": {
            "cash": 0,
            "stock": 1.5
        },
        "2000-04-18": {
            "cash": 0,
            "stock": 1.5
        },
        "2003-03-27": {
            "cash": 0.2,
            "stock": 0
        },
        "2004-03-26": {
            "cash": 0.35,
            "stock": 0
        },
        "2005-03-28": {
            "cash": 1.8,
            "stock": 0
        },
        "2006-03-28": {
            "cash": 1.5,
            "stock": 0
        },
        "2007-03-30": {
            "cash": 3,
            "stock": 0
        },
        "2008-03-28": {
            "cash": 3.1,
            "stock": 0
        },
        "2010-03-29": {
            "cash": 0.31,
            "stock": 1
        },
        "2011-01-01": {
            "cash": 1.2,
            "stock": 0
        },
        "2011-03-18": {
            "cash": 0,
            "stock": 1
        },
        "2013-04-08": {
            "cash": 0.2,
            "stock": 1
        },
        "2014-06-12": {
            "cash": 0.62,
            "stock": 0
        },
        "2015-09-11": {
            "cash": 0.6,
            "stock": 0.4
        },
        "2016-08-26": {
            "cash": 0.5,
            "stock": 0.3
        },
        "2017-08-30": {
            "cash": 0.5,
            "stock": 0.3
        },
        "2018-09-27": {
            "cash": 0.8,
            "stock": 0.4
        },
        "2019-09-04": {
            "cash": 3,
            "stock": 0
        },
        "2020-08-19": {
            "cash": 1,
            "stock": 0.2
        },
        "2021-09-09": {
            "cash": 0.8,
            "stock": 0
        },
        "2022-08-25": {
            "cash": 1.8,
            "stock": 0.1
        },
        "2023-03-13": {
            "cash": 2.4,
            "stock": 2
        }
    },
    "prices": {
        "200101": "8.24",
        "200102": "8.55",
        "200103": "8.25",
        "200104": "8.02",
        "200105": "8.05",
        "200106": "8.43",
        "200107": "8.28",
        "200108": "8.16",
        "200109": "8.30",
        "200110": "8.30",
        "200111": "8.28",
        "200112": "8.49",
        "200201": "8.17",
        "200202": "8.15",
        "200203": "8.72",
        "200204": "13.02",
        "200205": "10.01",
        "200206": "9.96",
        "200207": "9.20",
        "200208": "7.82",
        "200209": "6.54",
        "200210": "6.69",
        "200211": "7.48",
        "200212": "7.75",
        "200301": "9.59",
        "200302": "9.39",
        "200303": "8.14",
        "200304": "7.71",
        "200305": "6.87",
        "200306": "7.80",
        "200307": "8.21",
        "200308": "7.92",
        "200309": "7.48",
        "200310": "7.98",
        "200311": "8.04",
        "200312": "8.25",
        "200401": "9.42",
        "200402": "15.94",
        "200403": "28.31",
        "200404": "27.43",
        "200405": "20.43",
        "200406": "22.19",
        "200407": "23.96",
        "200408": "21.58",
        "200409": "27.61",
        "200410": "27.84",
        "200411": "23.41",
        "200412": "23.85",
        "200501": "22.62",
        "200502": "23.07",
        "200503": "20.97",
        "200504": "18.27",
        "200505": "16.69",
        "200506": "17.53",
        "200507": "16.99",
        "200508": "17.74",
        "200509": "20.15",
        "200510": "17.14",
        "200511": "16.30",
        "200512": "16.09",
        "200601": "16.55",
        "200602": "18.55",
        "200603": "17.58",
        "200604": "24.18",
        "200605": "26.05",
        "200606": "22.09",
        "200607": "24.41",
        "200608": "25.32",
        "200609": "26.95",
        "200610": "36.06",
        "200611": "35.96",
        "200612": "36.62",
        "200701": "39.51",
        "200702": "43.10",
        "200703": "46.29",
        "200704": "52.13",
        "200705": "51.42",
        "200706": "49.02",
        "200707": "50.12",
        "200708": "42.94",
        "200709": "47.86",
        "200710": "48.59",
        "200711": "43.03",
        "200712": "36.73",
        "200801": "38.28",
        "200802": "40.65",
        "200803": "41.82",
        "200804": "41.09",
        "200805": "40.11",
        "200806": "35.32",
        "200807": "29.62",
        "200808": "25.41",
        "200809": "20.12",
        "200810": "14.32",
        "200811": "12.17",
        "200812": "11.71",
        "200901": "13.43",
        "200902": "12.99",
        "200903": "13.51",
        "200904": "18.66",
        "200905": "21.33",
        "200906": "24.97",
        "200907": "24.82",
        "200908": "25.54",
        "200909": "23.81",
        "200910": "23.92",
        "200911": "23.62",
        "200912": "23.84",
        "201001": "24.72",
        "201002": "21.85",
        "201003": "23.10",
        "201004": "24.71",
        "201005": "21.30",
        "201006": "19.97",
        "201007": "21.07",
        "201008": "21.50",
        "201009": "21.06",
        "201010": "20.70",
        "201011": "19.64",
        "201012": "20.02",
        "201101": "20.58",
        "201102": "21.24",
        "201103": "20.28",
        "201104": "20.39",
        "201105": "20.13",
        "201106": "19.08",
        "201107": "18.63",
        "201108": "18.06",
        "201109": "16.84",
        "201110": "15.48",
        "201111": "14.69",
        "201112": "14.77",
        "201201": "15.07",
        "201202": "16.84",
        "201203": "16.52",
        "201204": "15.99",
        "201205": "15.85",
        "201206": "15.74",
        "201207": "14.46",
        "201208": "14.62",
        "201209": "15.31",
        "201210": "14.76",
        "201211": "14.12",
        "201212": "14.71",
        "201301": "15.12",
        "201302": "14.86",
        "201303": "14.45",
        "201304": "14.47",
        "201305": "14.81",
        "201306": "14.99",
        "201307": "15.13",
        "201308": "13.90",
        "201309": "13.96",
        "201310": "14.02",
        "201311": "13.50",
        "201312": "13.72",
        "201401": "14.06",
        "201402": "13.91",
        "201403": "14.25",
        "201404": "15.63",
        "201405": "17.81",
        "201406": "17.64",
        "201407": "17.76",
        "201408": "20.52",
        "201409": "20.46",
        "201410": "18.54",
        "201411": "18.88",
        "201412": "20.68",
        "201501": "20.86",
        "201502": "21.26",
        "201503": "21.12",
        "201504": "20.57",
        "201505": "18.37",
        "201506": "16.51",
        "201507": "15.91",
        "201508": "14.72",
        "201509": "15.04",
        "201510": "15.78",
        "201511": "14.86",
        "201512": "14.11",
        "201601": "14.04",
        "201602": "15.01",
        "201603": "15.99",
        "201604": "15.74",
        "201605": "15.36",
        "201606": "15.69",
        "201607": "17.20",
        "201608": "16.64",
        "201609": "16.12",
        "201610": "16.12",
        "201611": "17.64",
        "201612": "18.08",
        "201701": "18.11",
        "201702": "18.26",
        "201703": "17.95",
        "201704": "17.07",
        "201705": "16.70",
        "201706": "16.95",
        "201707": "17.74",
        "201708": "18.25",
        "201709": "18.50",
        "201710": "18.74",
        "201711": "19.97",
        "201712": "19.86",
        "201801": "23.97",
        "201802": "23.46",
        "201803": "28.53",
        "201804": "31.94",
        "201805": "33.17",
        "201806": "37.68",
        "201807": "37.29",
        "201808": "45.26",
        "201809": "47.21",
        "201810": "47.71",
        "201811": "44.18",
        "201812": "42.28",
        "201901": "45.55",
        "201902": "44.20",
        "201903": "44.76",
        "201904": "44.14",
        "201905": "44.00",
        "201906": "45.33",
        "201907": "45.71",
        "201908": "42.08",
        "201909": "38.36",
        "201910": "33.39",
        "201911": "30.91",
        "201912": "30.89",
        "202001": "31.20",
        "202002": "30.31",
        "202003": "28.26",
        "202004": "25.54",
        "202005": "26.82",
        "202006": "26.98",
        "202007": "25.12",
        "202008": "21.75",
        "202009": "20.92",
        "202010": "21.18",
        "202011": "24.69",
        "202012": "30.89",
        "202101": "28.08",
        "202102": "28.17",
        "202103": "30.30",
        "202104": "42.60",
        "202105": "43.09",
        "202106": "48.30",
        "202107": "56.56",
        "202108": "50.15",
        "202109": "47.60",
        "202110": "44.83",
        "202111": "45.28",
        "202112": "47.02",
        "202201": "44.68",
        "202202": "49.71",
        "202203": "50.63",
        "202204": "50.12",
        "202205": "43.95",
        "202206": "39.08",
        "202207": "34.58",
        "202208": "38.05",
        "202209": "38.35",
        "202210": "38.60",
        "202211": "39.62",
        "202212": "42.66",
        "202301": "43.13",
        "202302": "43.83",
        "202303": "45.01",
        "202304": "44.69",
        "202305": "44.88"
    },
    "quarters": {
        "20011": {
            "year_quarter": 20011,
            "year": 2001,
            "quarter": 1,
            "eps": -0.23,
            "eps_growth_year": -156.1,
            "eps_4q": -0.87,
            "eps_4q_growth_year": -179.93,
            "roe": -1.79,
            "roe_4q": -1.79,
            "gross_profit": 39807,
            "gross_margin": 7.37,
            "gross_margin_4q_avg": 7.37,
            "net_income": -56557,
            "revenue": 539799,
            "common_shares": 2480410,
            "book_valuer_per_share": 12.58,
            "book_valuer_per_share_4q_avg": 12.58,
            "equity": 3120618,
            "current_ratio": 116.85,
            "debt_ratio": 44.32,
            "inventory_turnover_ratio": 0.22,
            "account_receivable_turnover_ratio": null,
            "reinvestment_rate": null,
            "research_to_sale_ratio": null,
            "price_fair": 0,
            "eps_avg_yearly": 0,
            "eps_latest_yearly": 0,
            "eps_growth_yearly": 0
        },
        "20012": {
            "year_quarter": 20012,
            "year": 2001,
            "quarter": 2,
            "eps": 0.16,
            "eps_growth_year": -23.81,
            "eps_4q": -0.9,
            "eps_4q_growth_year": -197.47,
            "roe": 1.27,
            "roe_4q": -0.52,
            "gross_profit": 68320,
            "gross_margin": 10.17,
            "gross_margin_4q_avg": 8.77,
            "net_income": 40248,
            "revenue": 671677,
            "common_shares": 2480410,
            "book_valuer_per_share": 12.95,
            "book_valuer_per_share_4q_avg": 12.77,
            "equity": 3213014,
            "current_ratio": 117.56,
            "debt_ratio": 45.35,
            "inventory_turnover_ratio": 0.87,
            "account_receivable_turnover_ratio": null,
            "reinvestment_rate": null,
            "research_to_sale_ratio": null,
            "price_fair": 0,
            "eps_avg_yearly": 0,
            "eps_latest_yearly": 0,
            "eps_growth_yearly": 0
        },
        "20013": {
            "year_quarter": 20013,
            "year": 2001,
            "quarter": 3,
            "eps": 0.01,
            "eps_growth_year": null,
            "eps_4q": -0.54,
            "eps_4q_growth_year": -183.31,
            "roe": 0.08,
            "roe_4q": -0.43999999999999995,
            "gross_profit": 96491,
            "gross_margin": 13.46,
            "gross_margin_4q_avg": 10.33,
            "net_income": 2520,
            "revenue": 717073,
            "common_shares": 2480410,
            "book_valuer_per_share": 12.99,
            "book_valuer_per_share_4q_avg": 12.84,
            "equity": 3220983,
            "current_ratio": 109.82,
            "debt_ratio": 42.06,
            "inventory_turnover_ratio": 0.97,
            "account_receivable_turnover_ratio": null,
            "reinvestment_rate": null,
            "research_to_sale_ratio": null,
            "price_fair": 0,
            "eps_avg_yearly": 0,
            "eps_latest_yearly": 0,
            "eps_growth_yearly": 0
        },
        "20014": {
            "year_quarter": 20014,
            "year": 2001,
            "quarter": 4,
            "eps": 0.14,
            "eps_growth_year": null,
            "eps_4q": 0.08,
            "eps_4q_growth_year": null,
            "roe": 1.04,
            "roe_4q": 0.6000000000000001,
            "gross_profit": 101054,
            "gross_margin": 13.87,
            "gross_margin_4q_avg": 11.22,
            "net_income": 33962,
            "revenue": 728665,
            "common_shares": 2480410,
            "book_valuer_per_share": 13.18,
            "book_valuer_per_share_4q_avg": 12.93,
            "equity": 3294114,
            "current_ratio": 189.53,
            "debt_ratio": 54.67,
            "inventory_turnover_ratio": 0.39,
            "account_receivable_turnover_ratio": null,
            "reinvestment_rate": null,
            "research_to_sale_ratio": null,
            "price_fair": 0,
            "eps_avg_yearly": 0,
            "eps_latest_yearly": 0,
            "eps_growth_yearly": 0
        },
        "20021": {
            "year_quarter": 20021,
            "year": 2002,
            "quarter": 1,
            "eps": 0.1,
            "eps_growth_year": null,
            "eps_4q": 0.53,
            "eps_4q_growth_year": null,
            "roe": 0.59,
            "roe_4q": 2.98,
            "gross_profit": 78942,
            "gross_margin": 10.59,
            "gross_margin_4q_avg": 12.02,
            "net_income": 17663,
            "revenue": 745432,
            "common_shares": 2480410,
            "book_valuer_per_share": 10.94,
            "book_valuer_per_share_4q_avg": 12.52,
            "equity": 2713295,
            "current_ratio": 103.37,
            "debt_ratio": 44.86,
            "inventory_turnover_ratio": 0.42,
            "account_receivable_turnover_ratio": null,
            "reinvestment_rate": null,
            "research_to_sale_ratio": null,
            "price_fair": 1.2,
            "eps_avg_yearly": 0.4,
            "eps_latest_yearly": 0.4,
            "eps_growth_yearly": -114.29
        },
        "20022": {
            "year_quarter": 20022,
            "year": 2002,
            "quarter": 2,
            "eps": 0,
            "eps_growth_year": -100,
            "eps_4q": 0.22,
            "eps_4q_growth_year": null,
            "roe": 0.01,
            "roe_4q": 1.7200000000000002,
            "gross_profit": 100667,
            "gross_margin": 10.87,
            "gross_margin_4q_avg": 12.2,
            "net_income": 243,
            "revenue": 925848,
            "common_shares": 2480410,
            "book_valuer_per_share": 10.97,
            "book_valuer_per_share_4q_avg": 12.02,
            "equity": 2721072,
            "current_ratio": 95.68,
            "debt_ratio": 44.71,
            "inventory_turnover_ratio": 1.45,
            "account_receivable_turnover_ratio": null,
            "reinvestment_rate": null,
            "research_to_sale_ratio": null,
            "price_fair": 1.2,
            "eps_avg_yearly": 0.4,
            "eps_latest_yearly": 0.4,
            "eps_growth_yearly": -114.29
        },
        "20023": {
            "year_quarter": 20023,
            "year": 2002,
            "quarter": 3,
            "eps": 0.3,
            "eps_growth_year": 2900,
            "eps_4q": 0.58,
            "eps_4q_growth_year": null,
            "roe": 1.97,
            "roe_4q": 3.61,
            "gross_profit": 109726,
            "gross_margin": 11.62,
            "gross_margin_4q_avg": 11.74,
            "net_income": 54749,
            "revenue": 944097,
            "common_shares": 2480410,
            "book_valuer_per_share": 11.45,
            "book_valuer_per_share_4q_avg": 11.64,
            "equity": 2838952,
            "current_ratio": 91.75,
            "debt_ratio": 43.79,
            "inventory_turnover_ratio": 1.41,
            "account_receivable_turnover_ratio": null,
            "reinvestment_rate": null,
            "research_to_sale_ratio": null,
            "price_fair": 1.2,
            "eps_avg_yearly": 0.4,
            "eps_latest_yearly": 0.4,
            "eps_growth_yearly": -114.29
        },
        "20024": {
            "year_quarter": 20024,
            "year": 2002,
            "quarter": 4,
            "eps": 0.19,
            "eps_growth_year": 35.71,
            "eps_4q": 0.6,
            "eps_4q_growth_year": 615.82,
            "roe": 1.19,
            "roe_4q": 3.76,
            "gross_profit": 76185,
            "gross_margin": 8.5,
            "gross_margin_4q_avg": 10.4,
            "net_income": 34063,
            "revenue": 896088,
            "common_shares": 2480410,
            "book_valuer_per_share": 11.6,
            "book_valuer_per_share_4q_avg": 11.24,
            "equity": 2900752,
            "current_ratio": 172.91,
            "debt_ratio": 58.01,
            "inventory_turnover_ratio": 0.51,
            "account_receivable_turnover_ratio": null,
            "reinvestment_rate": 487.74,
            "research_to_sale_ratio": null,
            "price_fair": 1.74,
            "eps_avg_yearly": 0.58,
            "eps_latest_yearly": 0.76,
            "eps_growth_yearly": -130.48
        },
        "20031": {
            "year_quarter": 20031,
            "year": 2003,
            "quarter": 1,
            "eps": 0.2,
            "eps_growth_year": 100,
            "eps_4q": 0.65,
            "eps_4q_growth_year": 21.42,
            "roe": 1.33,
            "roe_4q": 4.5,
            "gross_profit": 83751,
            "gross_margin": 11.17,
            "gross_margin_4q_avg": 10.54,
            "net_income": 39678,
            "revenue": 749815,
            "common_shares": 2480410,
            "book_valuer_per_share": 12.32,
            "book_valuer_per_share_4q_avg": 11.59,
            "equity": 3056796,
            "current_ratio": 96.66,
            "debt_ratio": 43.39,
            "inventory_turnover_ratio": 0.4,
            "account_receivable_turnover_ratio": null,
            "reinvestment_rate": 160.09,
            "research_to_sale_ratio": null,
            "price_fair": 1.96,
            "eps_avg_yearly": 0.65,
            "eps_latest_yearly": 0.8,
            "eps_growth_yearly": -79.97
        },
        "20032": {
            "year_quarter": 20032,
            "year": 2003,
            "quarter": 2,
            "eps": 0.2,
            "eps_growth_year": null,
            "eps_4q": 0.85,
            "eps_4q_growth_year": 285.73,
            "roe": 1.28,
            "roe_4q": 5.7700000000000005,
            "gross_profit": 120375,
            "gross_margin": 12.7,
            "gross_margin_4q_avg": 11,
            "net_income": 39793,
            "revenue": 947708,
            "common_shares": 2480410,
            "book_valuer_per_share": 12.74,
            "book_valuer_per_share_4q_avg": 12.03,
            "equity": 3159901,
            "current_ratio": 92.58,
            "debt_ratio": 41.74,
            "inventory_turnover_ratio": 1.17,
            "account_receivable_turnover_ratio": null,
            "reinvestment_rate": 294.75,
            "research_to_sale_ratio": null,
            "price_fair": 2.07,
            "eps_avg_yearly": 0.69,
            "eps_latest_yearly": 0.8,
            "eps_growth_yearly": -59.97
        },
        "20033": {
            "year_quarter": 20033,
            "year": 2003,
            "quarter": 3,
            "eps": 0.12,
            "eps_growth_year": -60,
            "eps_4q": 0.69,
            "eps_4q_growth_year": 18.01,
            "roe": 0.76,
            "roe_4q": 4.5600000000000005,
            "gross_profit": 91730,
            "gross_margin": 10.17,
            "gross_margin_4q_avg": 10.64,
            "net_income": 23925,
            "revenue": 902115,
            "common_shares": 2480410,
            "book_valuer_per_share": 12.69,
            "book_valuer_per_share_4q_avg": 12.34,
            "equity": 3146974,
            "current_ratio": 91.41,
            "debt_ratio": 44.5,
            "inventory_turnover_ratio": 1.09,
            "account_receivable_turnover_ratio": null,
            "reinvestment_rate": 243.81,
            "research_to_sale_ratio": null,
            "price_fair": 1.94,
            "eps_avg_yearly": 0.65,
            "eps_latest_yearly": 0.48,
            "eps_growth_yearly": -79.98
        },
        "20034": {
            "year_quarter": 20034,
            "year": 2003,
            "quarter": 4,
            "eps": 0.29,
            "eps_growth_year": 52.63,
            "eps_4q": 0.79,
            "eps_4q_growth_year": 33.11,
            "roe": 1.87,
            "roe_4q": 5.24,
            "gross_profit": 123991,
            "gross_margin": 11.69,
            "gross_margin_4q_avg": 11.43,
            "net_income": 59689,
            "revenue": 1060867,
            "common_shares": 2447840,
            "book_valuer_per_share": 13.13,
            "book_valuer_per_share_4q_avg": 12.72,
            "equity": 3240467,
            "current_ratio": 120.4,
            "debt_ratio": 58.73,
            "inventory_turnover_ratio": 0.51,
            "account_receivable_turnover_ratio": null,
            "reinvestment_rate": 453.87,
            "research_to_sale_ratio": null,
            "price_fair": 25.67,
            "eps_avg_yearly": 0.73,
            "eps_latest_yearly": 1.16,
            "eps_growth_yearly": 27.79
        },
        "20041": {
            "year_quarter": 20041,
            "year": 2004,
            "quarter": 1,
            "eps": 1.65,
            "eps_growth_year": 725,
            "eps_4q": 2.21,
            "eps_4q_growth_year": 240.91,
            "roe": 10.03,
            "roe_4q": 13.939999999999998,
            "gross_profit": 372594,
            "gross_margin": 29.79,
            "gross_margin_4q_avg": 16.09,
            "net_income": 362231,
            "revenue": 1250941,
            "common_shares": 2655607,
            "book_valuer_per_share": 15,
            "book_valuer_per_share_4q_avg": 13.39,
            "equity": 3984212,
            "current_ratio": 116.83,
            "debt_ratio": 42.42,
            "inventory_turnover_ratio": 0.46,
            "account_receivable_turnover_ratio": null,
            "reinvestment_rate": 137.47,
            "research_to_sale_ratio": null,
            "price_fair": 55,
            "eps_avg_yearly": 1.57,
            "eps_latest_yearly": 6.6,
            "eps_growth_yearly": 291.8
        },
        "20042": {
            "year_quarter": 20042,
            "year": 2004,
            "quarter": 2,
            "eps": 1.01,
            "eps_growth_year": 405,
            "eps_4q": 2.92,
            "eps_4q_growth_year": 245.65,
            "roe": 5.78,
            "roe_4q": 18.44,
            "gross_profit": 526168,
            "gross_margin": 28.59,
            "gross_margin_4q_avg": 20.06,
            "net_income": 235332,
            "revenue": 1840397,
            "common_shares": 2655607,
            "book_valuer_per_share": 15.65,
            "book_valuer_per_share_4q_avg": 14.12,
            "equity": 4155154,
            "current_ratio": 123.58,
            "debt_ratio": 44.33,
            "inventory_turnover_ratio": 1.38,
            "account_receivable_turnover_ratio": null,
            "reinvestment_rate": 84.06,
            "research_to_sale_ratio": null,
            "price_fair": 65.8,
            "eps_avg_yearly": 1.88,
            "eps_latest_yearly": 4.04,
            "eps_growth_yearly": 235.93
        },
        "20043": {
            "year_quarter": 20043,
            "year": 2004,
            "quarter": 3,
            "eps": 0.75,
            "eps_growth_year": 525,
            "eps_4q": 3.48,
            "eps_4q_growth_year": 405.37,
            "roe": 4.2,
            "roe_4q": 21.88,
            "gross_profit": 301794,
            "gross_margin": 18.63,
            "gross_margin_4q_avg": 22.18,
            "net_income": 180282,
            "revenue": 1620187,
            "common_shares": 2759490,
            "book_valuer_per_share": 16.07,
            "book_valuer_per_share_4q_avg": 14.96,
            "equity": 4433692,
            "current_ratio": 126.62,
            "debt_ratio": 46.16,
            "inventory_turnover_ratio": 1.26,
            "account_receivable_turnover_ratio": null,
            "reinvestment_rate": 61.52,
            "research_to_sale_ratio": null,
            "price_fair": 70.16,
            "eps_avg_yearly": 2,
            "eps_latest_yearly": 3,
            "eps_growth_yearly": 198.28
        },
        "20044": {
            "year_quarter": 20044,
            "year": 2004,
            "quarter": 4,
            "eps": 0.3,
            "eps_growth_year": 3.45,
            "eps_4q": 3.44,
            "eps_4q_growth_year": 333.75,
            "roe": 1.67,
            "roe_4q": 21.68,
            "gross_profit": 326608,
            "gross_margin": 19.08,
            "gross_margin_4q_avg": 24.02,
            "net_income": 74392,
            "revenue": 1712026,
            "common_shares": 2863374,
            "book_valuer_per_share": 15.54,
            "book_valuer_per_share_4q_avg": 15.57,
            "equity": 4476932,
            "current_ratio": 182.01,
            "debt_ratio": 56.62,
            "inventory_turnover_ratio": 0.45,
            "account_receivable_turnover_ratio": null,
            "reinvestment_rate": 56,
            "research_to_sale_ratio": null,
            "price_fair": 67.34,
            "eps_avg_yearly": 1.92,
            "eps_latest_yearly": 1.2,
            "eps_growth_yearly": 154.45
        },
        "20051": {
            "year_quarter": 20051,
            "year": 2005,
            "quarter": 1,
            "eps": 0.76,
            "eps_growth_year": -53.94,
            "eps_4q": 2.6,
            "eps_4q_growth_year": 17.44,
            "roe": 4.44,
            "roe_4q": 16.09,
            "gross_profit": 300412,
            "gross_margin": 21.26,
            "gross_margin_4q_avg": 21.89,
            "net_income": 202612,
            "revenue": 1413274,
            "common_shares": 2863374,
            "book_valuer_per_share": 16.21,
            "book_valuer_per_share_4q_avg": 15.87,
            "equity": 4641129,
            "current_ratio": 184.41,
            "debt_ratio": 49.52,
            "inventory_turnover_ratio": 0.35,
            "account_receivable_turnover_ratio": null,
            "reinvestment_rate": 41.31,
            "research_to_sale_ratio": null,
            "price_fair": 70.89,
            "eps_avg_yearly": 2.03,
            "eps_latest_yearly": 3.04,
            "eps_growth_yearly": 196.17
        },
        "20052": {
            "year_quarter": 20052,
            "year": 2005,
            "quarter": 2,
            "eps": 0.88,
            "eps_growth_year": -12.87,
            "eps_4q": 2.59,
            "eps_4q_growth_year": -11.3,
            "roe": 5.25,
            "roe_4q": 15.560000000000002,
            "gross_profit": 355058,
            "gross_margin": 19.74,
            "gross_margin_4q_avg": 19.68,
            "net_income": 234913,
            "revenue": 1798427,
            "common_shares": 2863374,
            "book_valuer_per_share": 15.05,
            "book_valuer_per_share_4q_avg": 15.72,
            "equity": 4310532,
            "current_ratio": 139.61,
            "debt_ratio": 54.28,
            "inventory_turnover_ratio": 1.19,
            "account_receivable_turnover_ratio": null,
            "reinvestment_rate": 52.68,
            "research_to_sale_ratio": null,
            "price_fair": 75.25,
            "eps_avg_yearly": 2.15,
            "eps_latest_yearly": 3.52,
            "eps_growth_yearly": 185.08
        },
        "20053": {
            "year_quarter": 20053,
            "year": 2005,
            "quarter": 3,
            "eps": 0.49,
            "eps_growth_year": -34.67,
            "eps_4q": 2.41,
            "eps_4q_growth_year": -30.86,
            "roe": 2.92,
            "roe_4q": 14.28,
            "gross_profit": 216336,
            "gross_margin": 12.6,
            "gross_margin_4q_avg": 18.17,
            "net_income": 130714,
            "revenue": 1717002,
            "common_shares": 2863374,
            "book_valuer_per_share": 16.19,
            "book_valuer_per_share_4q_avg": 15.75,
            "equity": 4634848,
            "current_ratio": 170.97,
            "debt_ratio": 53,
            "inventory_turnover_ratio": 1.19,
            "account_receivable_turnover_ratio": null,
            "reinvestment_rate": 49.7,
            "research_to_sale_ratio": null,
            "price_fair": 74.74,
            "eps_avg_yearly": 2.14,
            "eps_latest_yearly": 1.96,
            "eps_growth_yearly": 157.21
        },
        "20054": {
            "year_quarter": 20054,
            "year": 2005,
            "quarter": 4,
            "eps": 0.63,
            "eps_growth_year": 110,
            "eps_4q": 2.74,
            "eps_4q_growth_year": -20.25,
            "roe": 3.56,
            "roe_4q": 16.17,
            "gross_profit": -26724,
            "gross_margin": -1.61,
            "gross_margin_4q_avg": 13,
            "net_income": 169582,
            "revenue": 1655865,
            "common_shares": 2863374,
            "book_valuer_per_share": 17.01,
            "book_valuer_per_share_4q_avg": 16.12,
            "equity": 4898283,
            "current_ratio": 191.91,
            "debt_ratio": 57.85,
            "inventory_turnover_ratio": 0.47,
            "account_receivable_turnover_ratio": null,
            "reinvestment_rate": 58.46,
            "research_to_sale_ratio": null,
            "price_fair": 75.7,
            "eps_avg_yearly": 2.16,
            "eps_latest_yearly": 2.52,
            "eps_growth_yearly": 154.14
        },
        "20061": {
            "year_quarter": 20061,
            "year": 2006,
            "quarter": 1,
            "eps": 0.6,
            "eps_growth_year": -21.05,
            "eps_4q": 2.39,
            "eps_4q_growth_year": -7.84,
            "roe": 3.33,
            "roe_4q": 15.06,
            "gross_profit": 289195,
            "gross_margin": 13.68,
            "gross_margin_4q_avg": 11.1,
            "net_income": 178957,
            "revenue": 2113974,
            "common_shares": 3463374,
            "book_valuer_per_share": 16.9,
            "book_valuer_per_share_4q_avg": 16.29,
            "equity": 5854202,
            "current_ratio": 217.25,
            "debt_ratio": 39.53,
            "inventory_turnover_ratio": 0.51,
            "account_receivable_turnover_ratio": null,
            "reinvestment_rate": 46.84,
            "research_to_sale_ratio": null,
            "price_fair": 80.7,
            "eps_avg_yearly": 2.31,
            "eps_latest_yearly": 2.4,
            "eps_growth_yearly": 160.95
        },
        "20062": {
            "year_quarter": 20062,
            "year": 2006,
            "quarter": 2,
            "eps": 1.34,
            "eps_growth_year": 52.27,
            "eps_4q": 2.86,
            "eps_4q_growth_year": 10.12,
            "roe": 7.33,
            "roe_4q": 17.14,
            "gross_profit": 1065259,
            "gross_margin": 32.98,
            "gross_margin_4q_avg": 14.41,
            "net_income": 423759,
            "revenue": 3229689,
            "common_shares": 3463374,
            "book_valuer_per_share": 16.47,
            "book_valuer_per_share_4q_avg": 16.64,
            "equity": 5704204,
            "current_ratio": 175.44,
            "debt_ratio": 46.7,
            "inventory_turnover_ratio": 1.62,
            "account_receivable_turnover_ratio": null,
            "reinvestment_rate": 30.16,
            "research_to_sale_ratio": null,
            "price_fair": 87.83,
            "eps_avg_yearly": 2.51,
            "eps_latest_yearly": 5.36,
            "eps_growth_yearly": 183.11
        },
        "20063": {
            "year_quarter": 20063,
            "year": 2006,
            "quarter": 3,
            "eps": 1.99,
            "eps_growth_year": 306.12,
            "eps_4q": 4.38,
            "eps_4q_growth_year": 81.94,
            "roe": 10.54,
            "roe_4q": 24.759999999999994,
            "gross_profit": 2454096,
            "gross_margin": 48.73,
            "gross_margin_4q_avg": 23.45,
            "net_income": 642288,
            "revenue": 5036191,
            "common_shares": 3463374,
            "book_valuer_per_share": 18.73,
            "book_valuer_per_share_4q_avg": 17.28,
            "equity": 6486253,
            "current_ratio": 131.18,
            "debt_ratio": 55.47,
            "inventory_turnover_ratio": 1.52,
            "account_receivable_turnover_ratio": null,
            "reinvestment_rate": 22.05,
            "research_to_sale_ratio": null,
            "price_fair": 99.75,
            "eps_avg_yearly": 2.85,
            "eps_latest_yearly": 7.96,
            "eps_growth_yearly": 183.79
        },
        "20064": {
            "year_quarter": 20064,
            "year": 2006,
            "quarter": 4,
            "eps": 3.2,
            "eps_growth_year": 407.94,
            "eps_4q": 7.03,
            "eps_4q_growth_year": 156.35,
            "roe": 14.9,
            "roe_4q": 36.099999999999994,
            "gross_profit": 718666,
            "gross_margin": 19.47,
            "gross_margin_4q_avg": 28.72,
            "net_income": 1041174,
            "revenue": 3690342,
            "common_shares": 3463374,
            "book_valuer_per_share": 21.54,
            "book_valuer_per_share_4q_avg": 18.41,
            "equity": 7485568,
            "current_ratio": 286.65,
            "debt_ratio": 60.49,
            "inventory_turnover_ratio": 0.48,
            "account_receivable_turnover_ratio": null,
            "reinvestment_rate": 24.49,
            "research_to_sale_ratio": null,
            "price_fair": 126.09,
            "eps_avg_yearly": 3.6,
            "eps_latest_yearly": 12.8,
            "eps_growth_yearly": 208.16
        },
        "20071": {
            "year_quarter": 20071,
            "year": 2007,
            "quarter": 1,
            "eps": 2.7,
            "eps_growth_year": 350,
            "eps_4q": 8.73,
            "eps_4q_growth_year": 264.65,
            "roe": 10.73,
            "roe_4q": 43.5,
            "gross_profit": 787919,
            "gross_margin": 23.06,
            "gross_margin_4q_avg": 31.06,
            "net_income": 943323,
            "revenue": 3416571,
            "common_shares": 4000374,
            "book_valuer_per_share": 25.23,
            "book_valuer_per_share_4q_avg": 20.49,
            "equity": 10091084,
            "current_ratio": 231.41,
            "debt_ratio": 44.81,
            "inventory_turnover_ratio": 0.4,
            "account_receivable_turnover_ratio": null,
            "reinvestment_rate": 13.58,
            "research_to_sale_ratio": null,
            "price_fair": 147.96,
            "eps_avg_yearly": 4.23,
            "eps_latest_yearly": 10.8,
            "eps_growth_yearly": 202.93
        },
        "20072": {
            "year_quarter": 20072,
            "year": 2007,
            "quarter": 2,
            "eps": 2.72,
            "eps_growth_year": 102.99,
            "eps_4q": 9.84,
            "eps_4q_growth_year": 244.7,
            "roe": 10.11,
            "roe_4q": 46.28,
            "gross_profit": 1550876,
            "gross_margin": 33.64,
            "gross_margin_4q_avg": 31.23,
            "net_income": 1003074,
            "revenue": 4609976,
            "common_shares": 4000374,
            "book_valuer_per_share": 24.38,
            "book_valuer_per_share_4q_avg": 22.47,
            "equity": 9750963,
            "current_ratio": 182.64,
            "debt_ratio": 50.21,
            "inventory_turnover_ratio": 1.02,
            "account_receivable_turnover_ratio": null,
            "reinvestment_rate": 7.08,
            "research_to_sale_ratio": null,
            "price_fair": 170.01,
            "eps_avg_yearly": 4.86,
            "eps_latest_yearly": 10.88,
            "eps_growth_yearly": 203.12
        },
        "20073": {
            "year_quarter": 20073,
            "year": 2007,
            "quarter": 3,
            "eps": 0.13,
            "eps_growth_year": -93.47,
            "eps_4q": 7.9,
            "eps_4q_growth_year": 80.25,
            "roe": 0.5,
            "roe_4q": 36.24,
            "gross_profit": 728863,
            "gross_margin": 21.17,
            "gross_margin_4q_avg": 24.34,
            "net_income": 49985,
            "revenue": 3443546,
            "common_shares": 4000374,
            "book_valuer_per_share": 25.64,
            "book_valuer_per_share_4q_avg": 24.2,
            "equity": 10255417,
            "current_ratio": 204,
            "debt_ratio": 50.81,
            "inventory_turnover_ratio": 0.83,
            "account_receivable_turnover_ratio": null,
            "reinvestment_rate": 5.13,
            "research_to_sale_ratio": null,
            "price_fair": 170.1,
            "eps_avg_yearly": 4.86,
            "eps_latest_yearly": 0.52,
            "eps_growth_yearly": 189.31
        },
        "20074": {
            "year_quarter": 20074,
            "year": 2007,
            "quarter": 4,
            "eps": 0.27,
            "eps_growth_year": -91.56,
            "eps_4q": 5.43,
            "eps_4q_growth_year": -22.67,
            "roe": 0.85,
            "roe_4q": 22.189999999999998,
            "gross_profit": -884875,
            "gross_margin": -38.65,
            "gross_margin_4q_avg": 9.81,
            "net_income": 104395,
            "revenue": 2289281,
            "common_shares": 4600374,
            "book_valuer_per_share": 26.82,
            "book_valuer_per_share_4q_avg": 25.52,
            "equity": 14303107,
            "current_ratio": 426.42,
            "debt_ratio": 49.83,
            "inventory_turnover_ratio": 0.34,
            "account_receivable_turnover_ratio": null,
            "reinvestment_rate": 15.67,
            "research_to_sale_ratio": null,
            "price_fair": 169.93,
            "eps_avg_yearly": 4.86,
            "eps_latest_yearly": 1.08,
            "eps_growth_yearly": 180.82
        },
        "20081": {
            "year_quarter": 20081,
            "year": 2008,
            "quarter": 1,
            "eps": 0.85,
            "eps_growth_year": -68.52,
            "eps_4q": 3.11,
            "eps_4q_growth_year": -64.32,
            "roe": 2.97,
            "roe_4q": 14.43,
            "gross_profit": 1718364,
            "gross_margin": 18.92,
            "gross_margin_4q_avg": 8.77,
            "net_income": 422221,
            "revenue": 9081585,
            "common_shares": 4600374,
            "book_valuer_per_share": 26.48,
            "book_valuer_per_share_4q_avg": 25.83,
            "equity": 14083499,
            "current_ratio": 358.8,
            "debt_ratio": 53.1,
            "inventory_turnover_ratio": 0.45,
            "account_receivable_turnover_ratio": null,
            "reinvestment_rate": 36.51,
            "research_to_sale_ratio": null,
            "price_fair": 162.93,
            "eps_avg_yearly": 4.66,
            "eps_latest_yearly": 3.4,
            "eps_growth_yearly": 117.28
        },
        "20082": {
            "year_quarter": 20082,
            "year": 2008,
            "quarter": 2,
            "eps": 0.82,
            "eps_growth_year": -69.85,
            "eps_4q": 2.08,
            "eps_4q_growth_year": -78.82,
            "roe": 2.64,
            "roe_4q": 6.96,
            "gross_profit": 1465175,
            "gross_margin": 16.45,
            "gross_margin_4q_avg": 4.47,
            "net_income": 361936,
            "revenue": 8906255,
            "common_shares": 4678315,
            "book_valuer_per_share": 24.36,
            "book_valuer_per_share_4q_avg": 25.83,
            "equity": 13317830,
            "current_ratio": 177.12,
            "debt_ratio": 59.06,
            "inventory_turnover_ratio": 0.4,
            "account_receivable_turnover_ratio": null,
            "reinvestment_rate": 39.4,
            "research_to_sale_ratio": null,
            "price_fair": 161.26,
            "eps_avg_yearly": 4.61,
            "eps_latest_yearly": 3.28,
            "eps_growth_yearly": 126.1
        },
        "20083": {
            "year_quarter": 20083,
            "year": 2008,
            "quarter": 3,
            "eps": -0.08,
            "eps_growth_year": -161.54,
            "eps_4q": 1.78,
            "eps_4q_growth_year": -77.43,
            "roe": -0.12,
            "roe_4q": 6.34,
            "gross_profit": 661174,
            "gross_margin": 7.71,
            "gross_margin_4q_avg": 1.11,
            "net_income": -16929,
            "revenue": 8572744,
            "common_shares": 4678315,
            "book_valuer_per_share": 25.43,
            "book_valuer_per_share_4q_avg": 25.77,
            "equity": 14093280,
            "current_ratio": 188.48,
            "debt_ratio": 58.8,
            "inventory_turnover_ratio": 0.39,
            "account_receivable_turnover_ratio": null,
            "reinvestment_rate": 43.5,
            "research_to_sale_ratio": null,
            "price_fair": 165.01,
            "eps_avg_yearly": 4.71,
            "eps_latest_yearly": 3.28,
            "eps_growth_yearly": 141.37
        },
        "20084": {
            "year_quarter": 20084,
            "year": 2008,
            "quarter": 4,
            "eps": -8.62,
            "eps_growth_year": -3292.59,
            "eps_4q": -7.13,
            "eps_4q_growth_year": -231.21,
            "roe": -33.2,
            "roe_4q": -27.71,
            "gross_profit": -5446916,
            "gross_margin": -81.72,
            "gross_margin_4q_avg": -9.66,
            "net_income": -3979400,
            "revenue": 6665594,
            "common_shares": 4678315,
            "book_valuer_per_share": 16.63,
            "book_valuer_per_share_4q_avg": 23.23,
            "equity": 9876812,
            "current_ratio": 159.63,
            "debt_ratio": 65.6,
            "inventory_turnover_ratio": 0.68,
            "account_receivable_turnover_ratio": 6.63,
            "reinvestment_rate": 109.99,
            "research_to_sale_ratio": null,
            "price_fair": 173.8,
            "eps_avg_yearly": 4.97,
            "eps_latest_yearly": 3.28,
            "eps_growth_yearly": 168.61
        },
        "20091": {
            "year_quarter": 20091,
            "year": 2009,
            "quarter": 1,
            "eps": 0.23,
            "eps_growth_year": -72.94,
            "eps_4q": -6.81,
            "eps_4q_growth_year": -318.75,
            "roe": 1.18,
            "roe_4q": -29.5,
            "gross_profit": 827436,
            "gross_margin": 15.33,
            "gross_margin_4q_avg": -10.56,
            "net_income": 119336,
            "revenue": 5398941,
            "common_shares": 4678315,
            "book_valuer_per_share": 17.39,
            "book_valuer_per_share_4q_avg": 20.95,
            "equity": 10286841,
            "current_ratio": 177.94,
            "debt_ratio": 61.96,
            "inventory_turnover_ratio": 0.32,
            "account_receivable_turnover_ratio": 2.85,
            "reinvestment_rate": 160.86,
            "research_to_sale_ratio": null,
            "price_fair": 178.98,
            "eps_avg_yearly": 5.11,
            "eps_latest_yearly": 3.28,
            "eps_growth_yearly": 134.4
        },
        "20092": {
            "year_quarter": 20092,
            "year": 2009,
            "quarter": 2,
            "eps": 0.05,
            "eps_growth_year": -93.9,
            "eps_4q": -10.63,
            "eps_4q_growth_year": -610.06,
            "roe": 0.18,
            "roe_4q": -31.960000000000004,
            "gross_profit": 798757,
            "gross_margin": 17.23,
            "gross_margin_4q_avg": -10.36,
            "net_income": 18288,
            "revenue": 4637176,
            "common_shares": 4678315,
            "book_valuer_per_share": 16.98,
            "book_valuer_per_share_4q_avg": 19.11,
            "equity": 10101805,
            "current_ratio": 182.85,
            "debt_ratio": 60.29,
            "inventory_turnover_ratio": 0.3,
            "account_receivable_turnover_ratio": 2.61,
            "reinvestment_rate": 170.56,
            "research_to_sale_ratio": null,
            "price_fair": 170.05,
            "eps_avg_yearly": 4.86,
            "eps_latest_yearly": 0.2,
            "eps_growth_yearly": 105.46
        },
        "20093": {
            "year_quarter": 20093,
            "year": 2009,
            "quarter": 3,
            "eps": 0.34,
            "eps_growth_year": null,
            "eps_4q": -7.84,
            "eps_4q_growth_year": -539.65,
            "roe": 1.46,
            "roe_4q": -30.380000000000003,
            "gross_profit": 1174777,
            "gross_margin": 22.83,
            "gross_margin_4q_avg": -6.58,
            "net_income": 160139,
            "revenue": 5146031,
            "common_shares": 5378315,
            "book_valuer_per_share": 17.31,
            "book_valuer_per_share_4q_avg": 17.08,
            "equity": 11891766,
            "current_ratio": 196.72,
            "debt_ratio": 56.14,
            "inventory_turnover_ratio": 0.33,
            "account_receivable_turnover_ratio": 2.83,
            "reinvestment_rate": 178.77,
            "research_to_sale_ratio": null,
            "price_fair": 168.43,
            "eps_avg_yearly": 4.81,
            "eps_latest_yearly": 1.36,
            "eps_growth_yearly": 297.56
        },
        "20094": {
            "year_quarter": 20094,
            "year": 2009,
            "quarter": 4,
            "eps": 0.03,
            "eps_growth_year": null,
            "eps_4q": 0.57,
            "eps_4q_growth_year": null,
            "roe": 0.42,
            "roe_4q": 3.24,
            "gross_profit": 1118927,
            "gross_margin": 19.3,
            "gross_margin_4q_avg": 18.67,
            "net_income": 50544,
            "revenue": 5797601,
            "common_shares": 5378315,
            "book_valuer_per_share": 17.63,
            "book_valuer_per_share_4q_avg": 17.33,
            "equity": 11925615,
            "current_ratio": 186.8,
            "debt_ratio": 57.8,
            "inventory_turnover_ratio": 0.35,
            "account_receivable_turnover_ratio": 3.07,
            "reinvestment_rate": 746.06,
            "research_to_sale_ratio": null,
            "price_fair": 161.97,
            "eps_avg_yearly": 4.63,
            "eps_latest_yearly": 0.12,
            "eps_growth_yearly": 260.71
        },
        "20101": {
            "year_quarter": 20101,
            "year": 2010,
            "quarter": 1,
            "eps": 0.37,
            "eps_growth_year": 60.87,
            "eps_4q": 0.74,
            "eps_4q_growth_year": null,
            "roe": 1.68,
            "roe_4q": 3.74,
            "gross_profit": 1298297,
            "gross_margin": 17.53,
            "gross_margin_4q_avg": 19.22,
            "net_income": 200426,
            "revenue": 7406849,
            "common_shares": 5378315,
            "book_valuer_per_share": 17.81,
            "book_valuer_per_share_4q_avg": 17.43,
            "equity": 11917433,
            "current_ratio": 186.78,
            "debt_ratio": 57.71,
            "inventory_turnover_ratio": 0.44,
            "account_receivable_turnover_ratio": 1.7,
            "reinvestment_rate": 825.38,
            "research_to_sale_ratio": null,
            "price_fair": 159.49,
            "eps_avg_yearly": 4.56,
            "eps_latest_yearly": 1.48,
            "eps_growth_yearly": 610.9
        },
        "20102": {
            "year_quarter": 20102,
            "year": 2010,
            "quarter": 2,
            "eps": 0.42,
            "eps_growth_year": 744.34,
            "eps_4q": 1.05,
            "eps_4q_growth_year": null,
            "roe": 2.03,
            "roe_4q": 5.59,
            "gross_profit": 1457718,
            "gross_margin": 19.1,
            "gross_margin_4q_avg": 19.69,
            "net_income": 243549,
            "revenue": 7630731,
            "common_shares": 5378315,
            "book_valuer_per_share": 18.12,
            "book_valuer_per_share_4q_avg": 17.72,
            "equity": 12118587,
            "current_ratio": 269.28,
            "debt_ratio": 59.89,
            "inventory_turnover_ratio": 0.42,
            "account_receivable_turnover_ratio": 1.43,
            "reinvestment_rate": 954.74,
            "research_to_sale_ratio": null,
            "price_fair": 149.58,
            "eps_avg_yearly": 4.27,
            "eps_latest_yearly": 1.68,
            "eps_growth_yearly": 577.11
        },
        "20103": {
            "year_quarter": 20103,
            "year": 2010,
            "quarter": 3,
            "eps": 0.24,
            "eps_growth_year": -29.22,
            "eps_4q": 1.02,
            "eps_4q_growth_year": null,
            "roe": 1.27,
            "roe_4q": 5.3999999999999995,
            "gross_profit": 1329565,
            "gross_margin": 14.01,
            "gross_margin_4q_avg": 17.49,
            "net_income": 153834,
            "revenue": 9490637,
            "common_shares": 5909043,
            "book_valuer_per_share": 16.33,
            "book_valuer_per_share_4q_avg": 17.47,
            "equity": 12024137,
            "current_ratio": 264.92,
            "debt_ratio": 60.59,
            "inventory_turnover_ratio": 0.52,
            "account_receivable_turnover_ratio": 1.62,
            "reinvestment_rate": 1514.17,
            "research_to_sale_ratio": null,
            "price_fair": 130.74,
            "eps_avg_yearly": 3.74,
            "eps_latest_yearly": 0.96,
            "eps_growth_yearly": 548.99
        },
        "20104": {
            "year_quarter": 20104,
            "year": 2010,
            "quarter": 4,
            "eps": 0.2,
            "eps_growth_year": 563.37,
            "eps_4q": 1.1,
            "eps_4q_growth_year": 91.99,
            "roe": 1.04,
            "roe_4q": 6.02,
            "gross_profit": 1395824,
            "gross_margin": 16.56,
            "gross_margin_4q_avg": 16.8,
            "net_income": 127228,
            "revenue": 8428495,
            "common_shares": 6509043,
            "book_valuer_per_share": 15.73,
            "book_valuer_per_share_4q_avg": 17,
            "equity": 12469885,
            "current_ratio": 283.41,
            "debt_ratio": 59.31,
            "inventory_turnover_ratio": 0.42,
            "account_receivable_turnover_ratio": 1.5,
            "reinvestment_rate": null,
            "research_to_sale_ratio": null,
            "price_fair": 98.43,
            "eps_avg_yearly": 2.81,
            "eps_latest_yearly": 0.8,
            "eps_growth_yearly": 525.16
        },
        "20111": {
            "year_quarter": 20111,
            "year": 2011,
            "quarter": 1,
            "eps": 0.63,
            "eps_growth_year": 70.27,
            "eps_4q": 1.43,
            "eps_4q_growth_year": 94.84,
            "roe": 3.34,
            "roe_4q": 7.68,
            "gross_profit": 1642205,
            "gross_margin": 15.02,
            "gross_margin_4q_avg": 16.17,
            "net_income": 426535,
            "revenue": 10936195,
            "common_shares": 6509043,
            "book_valuer_per_share": 16.54,
            "book_valuer_per_share_4q_avg": 16.68,
            "equity": 13041694,
            "current_ratio": 266.07,
            "debt_ratio": 58.24,
            "inventory_turnover_ratio": 0.54,
            "account_receivable_turnover_ratio": 1.81,
            "reinvestment_rate": null,
            "research_to_sale_ratio": null,
            "price_fair": 76.14,
            "eps_avg_yearly": 2.18,
            "eps_latest_yearly": 2.52,
            "eps_growth_yearly": 596.12
        },
        "20112": {
            "year_quarter": 20112,
            "year": 2011,
            "quarter": 2,
            "eps": 0.49,
            "eps_growth_year": 16.5,
            "eps_4q": 1.45,
            "eps_4q_growth_year": 37.82,
            "roe": 2.79,
            "roe_4q": 8.44,
            "gross_profit": 1627874,
            "gross_margin": 17.31,
            "gross_margin_4q_avg": 15.73,
            "net_income": 365962,
            "revenue": 9404302,
            "common_shares": 6509043,
            "book_valuer_per_share": 16.76,
            "book_valuer_per_share_4q_avg": 16.34,
            "equity": 13157354,
            "current_ratio": 186.77,
            "debt_ratio": 60.25,
            "inventory_turnover_ratio": 0.44,
            "account_receivable_turnover_ratio": 1.34,
            "reinvestment_rate": null,
            "research_to_sale_ratio": null,
            "price_fair": 52.12,
            "eps_avg_yearly": 1.49,
            "eps_latest_yearly": 1.96,
            "eps_growth_yearly": 589.05
        },
        "20113": {
            "year_quarter": 20113,
            "year": 2011,
            "quarter": 3,
            "eps": -0.07,
            "eps_growth_year": -128.86,
            "eps_4q": 1.18,
            "eps_4q_growth_year": 16.11,
            "roe": -0.23,
            "roe_4q": 6.94,
            "gross_profit": 797358,
            "gross_margin": 7.43,
            "gross_margin_4q_avg": 14.08,
            "net_income": -30513,
            "revenue": 10737099,
            "common_shares": 7152843,
            "book_valuer_per_share": 15.92,
            "book_valuer_per_share_4q_avg": 16.24,
            "equity": 13777400,
            "current_ratio": 289.97,
            "debt_ratio": 61,
            "inventory_turnover_ratio": 0.51,
            "account_receivable_turnover_ratio": 1.44,
            "reinvestment_rate": null,
            "research_to_sale_ratio": null,
            "price_fair": 54.95,
            "eps_avg_yearly": 1.57,
            "eps_latest_yearly": 1.96,
            "eps_growth_yearly": 669.88
        },
        "20114": {
            "year_quarter": 20114,
            "year": 2011,
            "quarter": 4,
            "eps": -0.35,
            "eps_growth_year": -275.93,
            "eps_4q": 0.67,
            "eps_4q_growth_year": -39.48,
            "roe": -1.48,
            "roe_4q": 4.42,
            "gross_profit": 563824,
            "gross_margin": 5.69,
            "gross_margin_4q_avg": 11.36,
            "net_income": -200843,
            "revenue": 9911082,
            "common_shares": 7089673,
            "book_valuer_per_share": 15.47,
            "book_valuer_per_share_4q_avg": 16.17,
            "equity": 13299708,
            "current_ratio": 308.42,
            "debt_ratio": 62.6,
            "inventory_turnover_ratio": 0.46,
            "account_receivable_turnover_ratio": 1.44,
            "reinvestment_rate": null,
            "research_to_sale_ratio": null,
            "price_fair": 56.51,
            "eps_avg_yearly": 1.61,
            "eps_latest_yearly": 1.96,
            "eps_growth_yearly": 691.62
        },
        "20121": {
            "year_quarter": 20121,
            "year": 2012,
            "quarter": 1,
            "eps": 0.59,
            "eps_growth_year": -6.35,
            "eps_4q": 0.67,
            "eps_4q_growth_year": -53.23,
            "roe": 3.32,
            "roe_4q": 4.4,
            "gross_profit": 1619593,
            "gross_margin": 14.43,
            "gross_margin_4q_avg": 11.22,
            "net_income": 443170,
            "revenue": 11221207,
            "common_shares": 7081803,
            "book_valuer_per_share": 15.8,
            "book_valuer_per_share_4q_avg": 15.99,
            "equity": 13434328,
            "current_ratio": 294.96,
            "debt_ratio": 61.52,
            "inventory_turnover_ratio": 0.49,
            "account_receivable_turnover_ratio": 1.82,
            "reinvestment_rate": null,
            "research_to_sale_ratio": null,
            "price_fair": 50.26,
            "eps_avg_yearly": 1.44,
            "eps_latest_yearly": 1.96,
            "eps_growth_yearly": 674.85
        },
        "20122": {
            "year_quarter": 20122,
            "year": 2012,
            "quarter": 2,
            "eps": 0.06,
            "eps_growth_year": -88.41,
            "eps_4q": 0.22,
            "eps_4q_growth_year": -84.56,
            "roe": 0.41,
            "roe_4q": 2.02,
            "gross_profit": 1134307,
            "gross_margin": 10.79,
            "gross_margin_4q_avg": 9.59,
            "net_income": 53067,
            "revenue": 10508741,
            "common_shares": 7081803,
            "book_valuer_per_share": 14.78,
            "book_valuer_per_share_4q_avg": 15.49,
            "equity": 12612011,
            "current_ratio": 276.19,
            "debt_ratio": 65,
            "inventory_turnover_ratio": 0.48,
            "account_receivable_turnover_ratio": 1.7,
            "reinvestment_rate": null,
            "research_to_sale_ratio": null,
            "price_fair": 39.62,
            "eps_avg_yearly": 1.13,
            "eps_latest_yearly": 0.24,
            "eps_growth_yearly": 640.33
        },
        "20123": {
            "year_quarter": 20123,
            "year": 2012,
            "quarter": 3,
            "eps": -0.34,
            "eps_growth_year": null,
            "eps_4q": -0.05,
            "eps_4q_growth_year": -103.9,
            "roe": -1.68,
            "roe_4q": 0.5699999999999998,
            "gross_profit": 1093762,
            "gross_margin": 11.3,
            "gross_margin_4q_avg": 10.55,
            "net_income": -208276,
            "revenue": 9683272,
            "common_shares": 7081803,
            "book_valuer_per_share": 14.21,
            "book_valuer_per_share_4q_avg": 15.07,
            "equity": 12155437,
            "current_ratio": 245.62,
            "debt_ratio": 66.42,
            "inventory_turnover_ratio": 0.42,
            "account_receivable_turnover_ratio": 1.58,
            "reinvestment_rate": null,
            "research_to_sale_ratio": null,
            "price_fair": 39.62,
            "eps_avg_yearly": 1.13,
            "eps_latest_yearly": 0.24,
            "eps_growth_yearly": 640.33
        },
        "20124": {
            "year_quarter": 20124,
            "year": 2012,
            "quarter": 4,
            "eps": 0.26,
            "eps_growth_year": null,
            "eps_4q": 0.57,
            "eps_4q_growth_year": -14.81,
            "roe": 1.46,
            "roe_4q": 3.51,
            "gross_profit": 1146294,
            "gross_margin": 13.29,
            "gross_margin_4q_avg": 12.45,
            "net_income": 178022,
            "revenue": 8624584,
            "common_shares": 7081803,
            "book_valuer_per_share": 14.35,
            "book_valuer_per_share_4q_avg": 14.79,
            "equity": 12170842,
            "current_ratio": 258.11,
            "debt_ratio": 64.93,
            "inventory_turnover_ratio": 0.36,
            "account_receivable_turnover_ratio": 1.46,
            "reinvestment_rate": 541.37,
            "research_to_sale_ratio": null,
            "price_fair": 39.62,
            "eps_avg_yearly": 1.13,
            "eps_latest_yearly": 0.24,
            "eps_growth_yearly": 640.33
        },
        "20131": {
            "year_quarter": 20131,
            "year": 2013,
            "quarter": 1,
            "eps": 0.18,
            "eps_growth_year": -69.49,
            "eps_4q": 0.15,
            "eps_4q_growth_year": -77.26,
            "roe": 1.03,
            "roe_4q": 1.2200000000000002,
            "gross_profit": 1104392,
            "gross_margin": 11.83,
            "gross_margin_4q_avg": 11.8,
            "net_income": 126821,
            "revenue": 9337454,
            "common_shares": 7081803,
            "book_valuer_per_share": 14.81,
            "book_valuer_per_share_4q_avg": 14.54,
            "equity": 12549444,
            "current_ratio": 250.56,
            "debt_ratio": 65.14,
            "inventory_turnover_ratio": 0.39,
            "account_receivable_turnover_ratio": 2.14,
            "reinvestment_rate": 9.31,
            "research_to_sale_ratio": null,
            "price_fair": 38.31,
            "eps_avg_yearly": 1.09,
            "eps_latest_yearly": 0.72,
            "eps_growth_yearly": 570.93
        },
        "20132": {
            "year_quarter": 20132,
            "year": 2013,
            "quarter": 2,
            "eps": -0.12,
            "eps_growth_year": -310.5,
            "eps_4q": -0.04,
            "eps_4q_growth_year": -116.97,
            "roe": -0.55,
            "roe_4q": 0.26,
            "gross_profit": 960135,
            "gross_margin": 9.98,
            "gross_margin_4q_avg": 11.6,
            "net_income": -68638,
            "revenue": 9616479,
            "common_shares": 7081803,
            "book_valuer_per_share": 14.41,
            "book_valuer_per_share_4q_avg": 14.45,
            "equity": 12254235,
            "current_ratio": 260.43,
            "debt_ratio": 65.11,
            "inventory_turnover_ratio": 0.42,
            "account_receivable_turnover_ratio": 3.06,
            "reinvestment_rate": 4.6,
            "research_to_sale_ratio": null,
            "price_fair": 41.44,
            "eps_avg_yearly": 1.18,
            "eps_latest_yearly": 0.72,
            "eps_growth_yearly": 659.33
        },
        "20133": {
            "year_quarter": 20133,
            "year": 2013,
            "quarter": 3,
            "eps": 0.03,
            "eps_growth_year": null,
            "eps_4q": 0.3,
            "eps_4q_growth_year": null,
            "roe": 0.38,
            "roe_4q": 2.32,
            "gross_profit": 1090611,
            "gross_margin": 11.46,
            "gross_margin_4q_avg": 11.64,
            "net_income": 48998,
            "revenue": 9512681,
            "common_shares": 7770970,
            "book_valuer_per_share": 12.93,
            "book_valuer_per_share_4q_avg": 14.13,
            "equity": 13823387,
            "current_ratio": 192.01,
            "debt_ratio": 61.17,
            "inventory_turnover_ratio": 0.42,
            "account_receivable_turnover_ratio": 3.02,
            "reinvestment_rate": -9,
            "research_to_sale_ratio": null,
            "price_fair": 40.76,
            "eps_avg_yearly": 1.16,
            "eps_latest_yearly": 0.72,
            "eps_growth_yearly": 474.81
        },
        "20134": {
            "year_quarter": 20134,
            "year": 2013,
            "quarter": 4,
            "eps": 0.23,
            "eps_growth_year": -11,
            "eps_4q": 0.29,
            "eps_4q_growth_year": -48.31,
            "roe": 1.5,
            "roe_4q": 2.36,
            "gross_profit": 1466061,
            "gross_margin": 14.45,
            "gross_margin_4q_avg": 11.93,
            "net_income": 210158,
            "revenue": 10142853,
            "common_shares": 7770970,
            "book_valuer_per_share": 13.28,
            "book_valuer_per_share_4q_avg": 13.86,
            "equity": 14107019,
            "current_ratio": 314.49,
            "debt_ratio": 63.13,
            "inventory_turnover_ratio": 0.41,
            "account_receivable_turnover_ratio": 3.22,
            "reinvestment_rate": -520.18,
            "research_to_sale_ratio": null,
            "price_fair": 43.87,
            "eps_avg_yearly": 1.25,
            "eps_latest_yearly": 0.92,
            "eps_growth_yearly": 811.63
        },
        "20141": {
            "year_quarter": 20141,
            "year": 2014,
            "quarter": 1,
            "eps": 0.21,
            "eps_growth_year": 16.67,
            "eps_4q": 0.34,
            "eps_4q_growth_year": 122.04,
            "roe": 1.49,
            "roe_4q": 2.8200000000000003,
            "gross_profit": 1734151,
            "gross_margin": 14.96,
            "gross_margin_4q_avg": 12.71,
            "net_income": 212564,
            "revenue": 11593841,
            "common_shares": 7770970,
            "book_valuer_per_share": 13.75,
            "book_valuer_per_share_4q_avg": 13.59,
            "equity": 14482711,
            "current_ratio": 304.46,
            "debt_ratio": 63.21,
            "inventory_turnover_ratio": 0.44,
            "account_receivable_turnover_ratio": 3.12,
            "reinvestment_rate": -535.47,
            "research_to_sale_ratio": null,
            "price_fair": 41.38,
            "eps_avg_yearly": 1.18,
            "eps_latest_yearly": 0.84,
            "eps_growth_yearly": 304.06
        },
        "20142": {
            "year_quarter": 20142,
            "year": 2014,
            "quarter": 2,
            "eps": 0.86,
            "eps_growth_year": null,
            "eps_4q": 1.3,
            "eps_4q_growth_year": null,
            "roe": 5.13,
            "roe_4q": 8.500000000000002,
            "gross_profit": 2670656,
            "gross_margin": 20.34,
            "gross_margin_4q_avg": 15.3,
            "net_income": 744042,
            "revenue": 13127549,
            "common_shares": 7770970,
            "book_valuer_per_share": 13.74,
            "book_valuer_per_share_4q_avg": 13.43,
            "equity": 14537015,
            "current_ratio": 280.69,
            "debt_ratio": 63.58,
            "inventory_turnover_ratio": 0.46,
            "account_receivable_turnover_ratio": 2.99,
            "reinvestment_rate": -445.9,
            "research_to_sale_ratio": null,
            "price_fair": 48.22,
            "eps_avg_yearly": 1.38,
            "eps_latest_yearly": 3.44,
            "eps_growth_yearly": 435.62
        },
        "20143": {
            "year_quarter": 20143,
            "year": 2014,
            "quarter": 3,
            "eps": 1.09,
            "eps_growth_year": 3533.33,
            "eps_4q": 2.37,
            "eps_4q_growth_year": 695.52,
            "roe": 5.92,
            "roe_4q": 14.040000000000001,
            "gross_profit": 2660916,
            "gross_margin": 19.75,
            "gross_margin_4q_avg": 17.38,
            "net_income": 894323,
            "revenue": 13475118,
            "common_shares": 7770970,
            "book_valuer_per_share": 15.11,
            "book_valuer_per_share_4q_avg": 13.97,
            "equity": 15685780,
            "current_ratio": 275.89,
            "debt_ratio": 62.75,
            "inventory_turnover_ratio": 0.45,
            "account_receivable_turnover_ratio": 3,
            "reinvestment_rate": -328.81,
            "research_to_sale_ratio": null,
            "price_fair": 61.44,
            "eps_avg_yearly": 1.76,
            "eps_latest_yearly": 4.36,
            "eps_growth_yearly": 466.56
        },
        "20144": {
            "year_quarter": 20144,
            "year": 2014,
            "quarter": 4,
            "eps": 0.28,
            "eps_growth_year": 20.75,
            "eps_4q": 2.43,
            "eps_4q_growth_year": 727.28,
            "roe": 1.74,
            "roe_4q": 14.28,
            "gross_profit": 1832396,
            "gross_margin": 14.53,
            "gross_margin_4q_avg": 17.4,
            "net_income": 280104,
            "revenue": 12615251,
            "common_shares": 7770970,
            "book_valuer_per_share": 15.93,
            "book_valuer_per_share_4q_avg": 14.63,
            "equity": 16510386,
            "current_ratio": 270.55,
            "debt_ratio": 63.78,
            "inventory_turnover_ratio": 0.41,
            "account_receivable_turnover_ratio": 2.98,
            "reinvestment_rate": -284.5,
            "research_to_sale_ratio": null,
            "price_fair": 62.69,
            "eps_avg_yearly": 1.79,
            "eps_latest_yearly": 1.12,
            "eps_growth_yearly": 440.94
        },
        "20151": {
            "year_quarter": 20151,
            "year": 2015,
            "quarter": 1,
            "eps": 0.07,
            "eps_growth_year": -66.67,
            "eps_4q": 2.29,
            "eps_4q_growth_year": 576.71,
            "roe": 0.54,
            "roe_4q": 13.329999999999998,
            "gross_profit": 1518135,
            "gross_margin": 11.29,
            "gross_margin_4q_avg": 16.48,
            "net_income": 87717,
            "revenue": 13443393,
            "common_shares": 7770970,
            "book_valuer_per_share": 15.65,
            "book_valuer_per_share_4q_avg": 15.11,
            "equity": 16215837,
            "current_ratio": 282.76,
            "debt_ratio": 66,
            "inventory_turnover_ratio": 0.42,
            "account_receivable_turnover_ratio": 3.12,
            "reinvestment_rate": -341.14,
            "research_to_sale_ratio": null,
            "price_fair": 53.98,
            "eps_avg_yearly": 1.54,
            "eps_latest_yearly": 0.28,
            "eps_growth_yearly": 312.05
        },
        "20152": {
            "year_quarter": 20152,
            "year": 2015,
            "quarter": 2,
            "eps": -0.03,
            "eps_growth_year": -103.49,
            "eps_4q": 1.38,
            "eps_4q_growth_year": 5.64,
            "roe": 0.2,
            "roe_4q": 8.4,
            "gross_profit": 1689268,
            "gross_margin": 12.76,
            "gross_margin_4q_avg": 14.58,
            "net_income": 30648,
            "revenue": 13242183,
            "common_shares": 7770970,
            "book_valuer_per_share": 14.2,
            "book_valuer_per_share_4q_avg": 15.22,
            "equity": 15214778,
            "current_ratio": 292.33,
            "debt_ratio": 67.88,
            "inventory_turnover_ratio": 0.4,
            "account_receivable_turnover_ratio": 2.91,
            "reinvestment_rate": -400.96,
            "research_to_sale_ratio": null,
            "price_fair": 52.15,
            "eps_avg_yearly": 1.49,
            "eps_latest_yearly": 0.28,
            "eps_growth_yearly": 362.16
        },
        "20153": {
            "year_quarter": 20153,
            "year": 2015,
            "quarter": 3,
            "eps": -0.33,
            "eps_growth_year": -130.28,
            "eps_4q": -0.02,
            "eps_4q_growth_year": -100.87,
            "roe": -1.61,
            "roe_4q": 0.8699999999999999,
            "gross_profit": 888135,
            "gross_margin": 7.01,
            "gross_margin_4q_avg": 11.4,
            "net_income": -248151,
            "revenue": 12667906,
            "common_shares": 8081809,
            "book_valuer_per_share": 14.76,
            "book_valuer_per_share_4q_avg": 15.14,
            "equity": 15658281,
            "current_ratio": 255.46,
            "debt_ratio": 68.31,
            "inventory_turnover_ratio": 0.41,
            "account_receivable_turnover_ratio": 2.86,
            "reinvestment_rate": -395.13,
            "research_to_sale_ratio": null,
            "price_fair": 52.15,
            "eps_avg_yearly": 1.49,
            "eps_latest_yearly": 0.28,
            "eps_growth_yearly": 362.16
        },
        "20154": {
            "year_quarter": 20154,
            "year": 2015,
            "quarter": 4,
            "eps": -0.07,
            "eps_growth_year": -125.52,
            "eps_4q": -0.37,
            "eps_4q_growth_year": -115.38,
            "roe": -0.24,
            "roe_4q": -1.11,
            "gross_profit": 1291894,
            "gross_margin": 11.41,
            "gross_margin_4q_avg": 10.62,
            "net_income": -37101,
            "revenue": 11325698,
            "common_shares": 8081809,
            "book_valuer_per_share": 14.69,
            "book_valuer_per_share_4q_avg": 14.83,
            "equity": 15430973,
            "current_ratio": 264.71,
            "debt_ratio": 67.22,
            "inventory_turnover_ratio": 0.35,
            "account_receivable_turnover_ratio": 2.88,
            "reinvestment_rate": -350.63,
            "research_to_sale_ratio": null,
            "price_fair": 52.15,
            "eps_avg_yearly": 1.49,
            "eps_latest_yearly": 0.28,
            "eps_growth_yearly": 362.16
        },
        "20161": {
            "year_quarter": 20161,
            "year": 2016,
            "quarter": 1,
            "eps": -0.18,
            "eps_growth_year": -357.14,
            "eps_4q": -0.62,
            "eps_4q_growth_year": -127.25,
            "roe": -0.66,
            "roe_4q": -2.31,
            "gross_profit": 1301240,
            "gross_margin": 10.44,
            "gross_margin_4q_avg": 10.41,
            "net_income": -99389,
            "revenue": 12467691,
            "common_shares": 8081809,
            "book_valuer_per_share": 14.09,
            "book_valuer_per_share_4q_avg": 14.44,
            "equity": 14816581,
            "current_ratio": 331.66,
            "debt_ratio": 67,
            "inventory_turnover_ratio": 0.43,
            "account_receivable_turnover_ratio": 3.25,
            "reinvestment_rate": -469.9,
            "research_to_sale_ratio": null,
            "price_fair": 52.15,
            "eps_avg_yearly": 1.49,
            "eps_latest_yearly": 0.28,
            "eps_growth_yearly": 362.16
        },
        "20162": {
            "year_quarter": 20162,
            "year": 2016,
            "quarter": 2,
            "eps": 0.23,
            "eps_growth_year": null,
            "eps_4q": -0.34,
            "eps_4q_growth_year": -124.71,
            "roe": 1.64,
            "roe_4q": -0.8700000000000002,
            "gross_profit": 1994330,
            "gross_margin": 16.11,
            "gross_margin_4q_avg": 11.24,
            "net_income": 239539,
            "revenue": 12383133,
            "common_shares": 8081809,
            "book_valuer_per_share": 13.81,
            "book_valuer_per_share_4q_avg": 14.34,
            "equity": 14448188,
            "current_ratio": 292.99,
            "debt_ratio": 66.54,
            "inventory_turnover_ratio": 0.43,
            "account_receivable_turnover_ratio": 3,
            "reinvestment_rate": -452.73,
            "research_to_sale_ratio": null,
            "price_fair": 58.4,
            "eps_avg_yearly": 1.67,
            "eps_latest_yearly": 0.28,
            "eps_growth_yearly": 465.23
        },
        "20163": {
            "year_quarter": 20163,
            "year": 2016,
            "quarter": 3,
            "eps": 0.16,
            "eps_growth_year": null,
            "eps_4q": 0.14,
            "eps_4q_growth_year": null,
            "roe": 1.17,
            "roe_4q": 1.9099999999999995,
            "gross_profit": 1973188,
            "gross_margin": 16.9,
            "gross_margin_4q_avg": 13.72,
            "net_income": 171210,
            "revenue": 11675239,
            "common_shares": 8311413,
            "book_valuer_per_share": 13.17,
            "book_valuer_per_share_4q_avg": 13.94,
            "equity": 14863570,
            "current_ratio": 306.16,
            "debt_ratio": 66.27,
            "inventory_turnover_ratio": 0.42,
            "account_receivable_turnover_ratio": 2.87,
            "reinvestment_rate": -377.77,
            "research_to_sale_ratio": null,
            "price_fair": 53.9,
            "eps_avg_yearly": 1.54,
            "eps_latest_yearly": 0.64,
            "eps_growth_yearly": 391.86
        },
        "20164": {
            "year_quarter": 20164,
            "year": 2016,
            "quarter": 4,
            "eps": 0.46,
            "eps_growth_year": null,
            "eps_4q": 0.68,
            "eps_4q_growth_year": null,
            "roe": 2.88,
            "roe_4q": 5.029999999999999,
            "gross_profit": 2016667,
            "gross_margin": 17.97,
            "gross_margin_4q_avg": 15.36,
            "net_income": 433223,
            "revenue": 11222552,
            "common_shares": 8311413,
            "book_valuer_per_share": 13.99,
            "book_valuer_per_share_4q_avg": 13.77,
            "equity": 15225893,
            "current_ratio": 302.29,
            "debt_ratio": 66.64,
            "inventory_turnover_ratio": 0.38,
            "account_receivable_turnover_ratio": 2.71,
            "reinvestment_rate": -341.95,
            "research_to_sale_ratio": null,
            "price_fair": 55.07,
            "eps_avg_yearly": 1.57,
            "eps_latest_yearly": 1.84,
            "eps_growth_yearly": 431.65
        },
        "20171": {
            "year_quarter": 20171,
            "year": 2017,
            "quarter": 1,
            "eps": 0.27,
            "eps_growth_year": null,
            "eps_4q": 1.12,
            "eps_4q_growth_year": null,
            "roe": 1.96,
            "roe_4q": 7.6499999999999995,
            "gross_profit": 2553849,
            "gross_margin": 19.2,
            "gross_margin_4q_avg": 17.55,
            "net_income": 288149,
            "revenue": 13301016,
            "common_shares": 8311413,
            "book_valuer_per_share": 13.14,
            "book_valuer_per_share_4q_avg": 13.53,
            "equity": 14200189,
            "current_ratio": 275.85,
            "debt_ratio": 68.57,
            "inventory_turnover_ratio": 0.45,
            "account_receivable_turnover_ratio": 3,
            "reinvestment_rate": 55.18,
            "research_to_sale_ratio": null,
            "price_fair": 56.47,
            "eps_avg_yearly": 1.61,
            "eps_latest_yearly": 1.08,
            "eps_growth_yearly": 426.97
        },
        "20172": {
            "year_quarter": 20172,
            "year": 2017,
            "quarter": 2,
            "eps": 0.45,
            "eps_growth_year": 95.65,
            "eps_4q": 1.31,
            "eps_4q_growth_year": null,
            "roe": 3.6,
            "roe_4q": 9.610000000000001,
            "gross_profit": 2596494,
            "gross_margin": 16.49,
            "gross_margin_4q_avg": 17.64,
            "net_income": 509424,
            "revenue": 15741623,
            "common_shares": 8311413,
            "book_valuer_per_share": 13.21,
            "book_valuer_per_share_4q_avg": 13.38,
            "equity": 14122140,
            "current_ratio": 283.98,
            "debt_ratio": 72.93,
            "inventory_turnover_ratio": 0.5,
            "account_receivable_turnover_ratio": 2.78,
            "reinvestment_rate": 61.51,
            "research_to_sale_ratio": null,
            "price_fair": 57.12,
            "eps_avg_yearly": 1.63,
            "eps_latest_yearly": 1.8,
            "eps_growth_yearly": 410.94
        },
        "20173": {
            "year_quarter": 20173,
            "year": 2017,
            "quarter": 3,
            "eps": 0.33,
            "eps_growth_year": 106.25,
            "eps_4q": 1.49,
            "eps_4q_growth_year": 930.9,
            "roe": 2.74,
            "roe_4q": 11.18,
            "gross_profit": 2705554,
            "gross_margin": 15.19,
            "gross_margin_4q_avg": 17.21,
            "net_income": 391680,
            "revenue": 17809457,
            "common_shares": 8559520,
            "book_valuer_per_share": 13.08,
            "book_valuer_per_share_4q_avg": 13.36,
            "equity": 14420585,
            "current_ratio": 286.39,
            "debt_ratio": 73.75,
            "inventory_turnover_ratio": 0.51,
            "account_receivable_turnover_ratio": 2.63,
            "reinvestment_rate": 69.45,
            "research_to_sale_ratio": null,
            "price_fair": 56.13,
            "eps_avg_yearly": 1.6,
            "eps_latest_yearly": 1.32,
            "eps_growth_yearly": 363.89
        },
        "20174": {
            "year_quarter": 20174,
            "year": 2017,
            "quarter": 4,
            "eps": 0.21,
            "eps_growth_year": -55.56,
            "eps_4q": 1.15,
            "eps_4q_growth_year": 70.14,
            "roe": 1.59,
            "roe_4q": 9.89,
            "gross_profit": 3543436,
            "gross_margin": 20.16,
            "gross_margin_4q_avg": 17.76,
            "net_income": 248187,
            "revenue": 17572541,
            "common_shares": 9459520,
            "book_valuer_per_share": 13.72,
            "book_valuer_per_share_4q_avg": 13.29,
            "equity": 16848627,
            "current_ratio": 359.06,
            "debt_ratio": 70.39,
            "inventory_turnover_ratio": 0.46,
            "account_receivable_turnover_ratio": 2.59,
            "reinvestment_rate": 74.38,
            "research_to_sale_ratio": null,
            "price_fair": 55.87,
            "eps_avg_yearly": 1.6,
            "eps_latest_yearly": 0.84,
            "eps_growth_yearly": 108.24
        },
        "20181": {
            "year_quarter": 20181,
            "year": 2018,
            "quarter": 1,
            "eps": 1.38,
            "eps_growth_year": 411.11,
            "eps_4q": 2.29,
            "eps_4q_growth_year": 104.84,
            "roe": 8.25,
            "roe_4q": 16.18,
            "gross_profit": 4102350,
            "gross_margin": 18.88,
            "gross_margin_4q_avg": 17.68,
            "net_income": 1431702,
            "revenue": 21727419,
            "common_shares": 9459520,
            "book_valuer_per_share": 14.77,
            "book_valuer_per_share_4q_avg": 13.7,
            "equity": 17861402,
            "current_ratio": 323.24,
            "debt_ratio": 69.66,
            "inventory_turnover_ratio": 0.57,
            "account_receivable_turnover_ratio": 2.92,
            "reinvestment_rate": 49.91,
            "research_to_sale_ratio": null,
            "price_fair": 70.76,
            "eps_avg_yearly": 2.02,
            "eps_latest_yearly": 5.52,
            "eps_growth_yearly": 314
        },
        "20182": {
            "year_quarter": 20182,
            "year": 2018,
            "quarter": 2,
            "eps": 1.86,
            "eps_growth_year": 313.33,
            "eps_4q": 3.6,
            "eps_4q_growth_year": 174.49,
            "roe": 10.61,
            "roe_4q": 23.189999999999998,
            "gross_profit": 4733551,
            "gross_margin": 21.87,
            "gross_margin_4q_avg": 19.03,
            "net_income": 1993149,
            "revenue": 21640171,
            "common_shares": 9459520,
            "book_valuer_per_share": 16.67,
            "book_valuer_per_share_4q_avg": 14.56,
            "equity": 19711578,
            "current_ratio": 290.67,
            "debt_ratio": 70.17,
            "inventory_turnover_ratio": 0.5,
            "account_receivable_turnover_ratio": 2.61,
            "reinvestment_rate": 44.07,
            "research_to_sale_ratio": null,
            "price_fair": 83.49,
            "eps_avg_yearly": 2.39,
            "eps_latest_yearly": 7.44,
            "eps_growth_yearly": 214.09
        },
        "20183": {
            "year_quarter": 20183,
            "year": 2018,
            "quarter": 3,
            "eps": 1.7,
            "eps_growth_year": 415.15,
            "eps_4q": 4.51,
            "eps_4q_growth_year": 202.26,
            "roe": 6.73,
            "roe_4q": 27.18,
            "gross_profit": 4732177,
            "gross_margin": 22.28,
            "gross_margin_4q_avg": 20.8,
            "net_income": 1819753,
            "revenue": 21241103,
            "common_shares": 9837901,
            "book_valuer_per_share": 20.14,
            "book_valuer_per_share_4q_avg": 16.33,
            "equity": 34371167,
            "current_ratio": 350.73,
            "debt_ratio": 58.51,
            "inventory_turnover_ratio": 0.43,
            "account_receivable_turnover_ratio": 2.58,
            "reinvestment_rate": 40.9,
            "research_to_sale_ratio": null,
            "price_fair": 91.25,
            "eps_avg_yearly": 2.61,
            "eps_latest_yearly": 6.8,
            "eps_growth_yearly": 201.24
        },
        "20184": {
            "year_quarter": 20184,
            "year": 2018,
            "quarter": 4,
            "eps": 1.05,
            "eps_growth_year": 408.76,
            "eps_4q": 4.89,
            "eps_4q_growth_year": 325.54,
            "roe": 3.61,
            "roe_4q": 29.2,
            "gross_profit": 4642886,
            "gross_margin": 24.31,
            "gross_margin_4q_avg": 21.84,
            "net_income": 1417849,
            "revenue": 19101818,
            "common_shares": 12337901,
            "book_valuer_per_share": 24.72,
            "book_valuer_per_share_4q_avg": 19.08,
            "equity": 44143584,
            "current_ratio": 419.82,
            "debt_ratio": 54.51,
            "inventory_turnover_ratio": 0.33,
            "account_receivable_turnover_ratio": 2.54,
            "reinvestment_rate": 101.08,
            "research_to_sale_ratio": null,
            "price_fair": 101.05,
            "eps_avg_yearly": 2.89,
            "eps_latest_yearly": 4.2,
            "eps_growth_yearly": 214.36
        },
        "20191": {
            "year_quarter": 20191,
            "year": 2019,
            "quarter": 1,
            "eps": 0.95,
            "eps_growth_year": -31.16,
            "eps_4q": 6.97,
            "eps_4q_growth_year": 204.49,
            "roe": 3,
            "roe_4q": 23.95,
            "gross_profit": 4479799,
            "gross_margin": 21.11,
            "gross_margin_4q_avg": 22.39,
            "net_income": 1341352,
            "revenue": 21223313,
            "common_shares": 12337901,
            "book_valuer_per_share": 37.12,
            "book_valuer_per_share_4q_avg": 24.66,
            "equity": 45282890,
            "current_ratio": 497.24,
            "debt_ratio": 56.47,
            "inventory_turnover_ratio": 0.34,
            "account_receivable_turnover_ratio": 2.75,
            "reinvestment_rate": 98.87,
            "research_to_sale_ratio": null,
            "price_fair": 112.25,
            "eps_avg_yearly": 3.21,
            "eps_latest_yearly": 3.8,
            "eps_growth_yearly": 238.17
        },
        "20192": {
            "year_quarter": 20192,
            "year": 2019,
            "quarter": 2,
            "eps": 0.52,
            "eps_growth_year": -72.04,
            "eps_4q": 3.93,
            "eps_4q_growth_year": 9.15,
            "roe": 2.34,
            "roe_4q": 15.68,
            "gross_profit": 3746857,
            "gross_margin": 18.02,
            "gross_margin_4q_avg": 21.43,
            "net_income": 1000835,
            "revenue": 20792235,
            "common_shares": 12337901,
            "book_valuer_per_share": 22.9,
            "book_valuer_per_share_4q_avg": 26.22,
            "equity": 40324453,
            "current_ratio": 339.12,
            "debt_ratio": 62.38,
            "inventory_turnover_ratio": 0.33,
            "account_receivable_turnover_ratio": 2.56,
            "reinvestment_rate": 98.22,
            "research_to_sale_ratio": null,
            "price_fair": 108.97,
            "eps_avg_yearly": 3.11,
            "eps_latest_yearly": 2.08,
            "eps_growth_yearly": 203.23
        },
        "20193": {
            "year_quarter": 20193,
            "year": 2019,
            "quarter": 3,
            "eps": 0.18,
            "eps_growth_year": -89.41,
            "eps_4q": 2.75,
            "eps_4q_growth_year": -39.13,
            "roe": 0.84,
            "roe_4q": 9.79,
            "gross_profit": 3511612,
            "gross_margin": 17.58,
            "gross_margin_4q_avg": 20.26,
            "net_income": 335401,
            "revenue": 19976737,
            "common_shares": 12337901,
            "book_valuer_per_share": 22.55,
            "book_valuer_per_share_4q_avg": 26.82,
            "equity": 39370673,
            "current_ratio": 326.59,
            "debt_ratio": 62.85,
            "inventory_turnover_ratio": 0.31,
            "account_receivable_turnover_ratio": 2.64,
            "reinvestment_rate": 81.93,
            "research_to_sale_ratio": null,
            "price_fair": 102.52,
            "eps_avg_yearly": 2.93,
            "eps_latest_yearly": 0.72,
            "eps_growth_yearly": 167.48
        },
        "20194": {
            "year_quarter": 20194,
            "year": 2019,
            "quarter": 4,
            "eps": -0.18,
            "eps_growth_year": -117.35,
            "eps_4q": 1.56,
            "eps_4q_growth_year": -68.13,
            "roe": -0.71,
            "roe_4q": 5.47,
            "gross_profit": 2546537,
            "gross_margin": 16.03,
            "gross_margin_4q_avg": 18.19,
            "net_income": -270551,
            "revenue": 15882089,
            "common_shares": 12337901,
            "book_valuer_per_share": 21.99,
            "book_valuer_per_share_4q_avg": 26.14,
            "equity": 36777390,
            "current_ratio": 325.83,
            "debt_ratio": 64.84,
            "inventory_turnover_ratio": 0.25,
            "account_receivable_turnover_ratio": 2.55,
            "reinvestment_rate": 80.59,
            "research_to_sale_ratio": null,
            "price_fair": 102.52,
            "eps_avg_yearly": 2.93,
            "eps_latest_yearly": 0.72,
            "eps_growth_yearly": 167.48
        },
        "20201": {
            "year_quarter": 20201,
            "year": 2020,
            "quarter": 1,
            "eps": -0.17,
            "eps_growth_year": -117.89,
            "eps_4q": 0.36,
            "eps_4q_growth_year": -94.81,
            "roe": -0.19,
            "roe_4q": 2.28,
            "gross_profit": 1950107,
            "gross_margin": 12.04,
            "gross_margin_4q_avg": 15.92,
            "net_income": -68403,
            "revenue": 16201256,
            "common_shares": 12337901,
            "book_valuer_per_share": 20.44,
            "book_valuer_per_share_4q_avg": 21.97,
            "equity": 35591509,
            "current_ratio": 329.21,
            "debt_ratio": 65.98,
            "inventory_turnover_ratio": 0.27,
            "account_receivable_turnover_ratio": 2.92,
            "reinvestment_rate": 81.66,
            "research_to_sale_ratio": null,
            "price_fair": 102.52,
            "eps_avg_yearly": 2.93,
            "eps_latest_yearly": 0.72,
            "eps_growth_yearly": 167.48
        },
        "20202": {
            "year_quarter": 20202,
            "year": 2020,
            "quarter": 2,
            "eps": -0.59,
            "eps_growth_year": -213.46,
            "eps_4q": -0.77,
            "eps_4q_growth_year": -119.69,
            "roe": -1.9,
            "roe_4q": -1.96,
            "gross_profit": 1605151,
            "gross_margin": 13.32,
            "gross_margin_4q_avg": 14.74,
            "net_income": -639874,
            "revenue": 12046476,
            "common_shares": 12337901,
            "book_valuer_per_share": 18.83,
            "book_valuer_per_share_4q_avg": 20.95,
            "equity": 31942915,
            "current_ratio": 283.57,
            "debt_ratio": 69.68,
            "inventory_turnover_ratio": 0.2,
            "account_receivable_turnover_ratio": 2.18,
            "reinvestment_rate": 91.29,
            "research_to_sale_ratio": null,
            "price_fair": 102.52,
            "eps_avg_yearly": 2.93,
            "eps_latest_yearly": 0.72,
            "eps_growth_yearly": 167.48
        },
        "20203": {
            "year_quarter": 20203,
            "year": 2020,
            "quarter": 3,
            "eps": -0.08,
            "eps_growth_year": -144.44,
            "eps_4q": -1.04,
            "eps_4q_growth_year": -137.97,
            "roe": 0.13,
            "roe_4q": -2.67,
            "gross_profit": 2327989,
            "gross_margin": 15.99,
            "gross_margin_4q_avg": 14.35,
            "net_income": 39307,
            "revenue": 14559782,
            "common_shares": 12584659,
            "book_valuer_per_share": 17.86,
            "book_valuer_per_share_4q_avg": 19.78,
            "equity": 30670293,
            "current_ratio": 266.86,
            "debt_ratio": 70.41,
            "inventory_turnover_ratio": 0.23,
            "account_receivable_turnover_ratio": 2.79,
            "reinvestment_rate": 89.52,
            "research_to_sale_ratio": null,
            "price_fair": 109.2,
            "eps_avg_yearly": 3.12,
            "eps_latest_yearly": 0.72,
            "eps_growth_yearly": 191.58
        },
        "20204": {
            "year_quarter": 20204,
            "year": 2020,
            "quarter": 4,
            "eps": 0.29,
            "eps_growth_year": null,
            "eps_4q": -0.36,
            "eps_4q_growth_year": -123.24,
            "roe": 1.68,
            "roe_4q": -0.27999999999999986,
            "gross_profit": 3051493,
            "gross_margin": 18.58,
            "gross_margin_4q_avg": 14.98,
            "net_income": 567512,
            "revenue": 16427395,
            "common_shares": 16584659,
            "book_valuer_per_share": 18.01,
            "book_valuer_per_share_4q_avg": 18.79,
            "equity": 36956956,
            "current_ratio": 290.82,
            "debt_ratio": 62.34,
            "inventory_turnover_ratio": 0.26,
            "account_receivable_turnover_ratio": 2.87,
            "reinvestment_rate": 92.43,
            "research_to_sale_ratio": null,
            "price_fair": 113.27,
            "eps_avg_yearly": 3.24,
            "eps_latest_yearly": 0.72,
            "eps_growth_yearly": 140.82
        },
        "20211": {
            "year_quarter": 20211,
            "year": 2021,
            "quarter": 1,
            "eps": 0.88,
            "eps_growth_year": null,
            "eps_4q": 0.68,
            "eps_4q_growth_year": 86.86,
            "roe": 4.68,
            "roe_4q": 4.59,
            "gross_profit": 4919766,
            "gross_margin": 23.45,
            "gross_margin_4q_avg": 17.84,
            "net_income": 1783612,
            "revenue": 20982347,
            "common_shares": 16584659,
            "book_valuer_per_share": 19.26,
            "book_valuer_per_share_4q_avg": 18.49,
            "equity": 39202688,
            "current_ratio": 344.39,
            "debt_ratio": 59.93,
            "inventory_turnover_ratio": 0.34,
            "account_receivable_turnover_ratio": 3.05,
            "reinvestment_rate": 81.27,
            "research_to_sale_ratio": null,
            "price_fair": 121.04,
            "eps_avg_yearly": 3.46,
            "eps_latest_yearly": 3.52,
            "eps_growth_yearly": 229.82
        },
        "20212": {
            "year_quarter": 20212,
            "year": 2021,
            "quarter": 2,
            "eps": 1.44,
            "eps_growth_year": null,
            "eps_4q": 2.6,
            "eps_4q_growth_year": null,
            "roe": 6.72,
            "roe_4q": 13.209999999999999,
            "gross_profit": 7159334,
            "gross_margin": 28.12,
            "gross_margin_4q_avg": 21.54,
            "net_income": 2705865,
            "revenue": 25460825,
            "common_shares": 16584659,
            "book_valuer_per_share": 20.15,
            "book_valuer_per_share_4q_avg": 18.82,
            "equity": 41348921,
            "current_ratio": 185.15,
            "debt_ratio": 58.39,
            "inventory_turnover_ratio": 0.42,
            "account_receivable_turnover_ratio": 3.05,
            "reinvestment_rate": 62.93,
            "research_to_sale_ratio": null,
            "price_fair": 133.64,
            "eps_avg_yearly": 3.82,
            "eps_latest_yearly": 5.76,
            "eps_growth_yearly": 228.72
        },
        "20213": {
            "year_quarter": 20213,
            "year": 2021,
            "quarter": 3,
            "eps": 1.86,
            "eps_growth_year": null,
            "eps_4q": 4.47,
            "eps_4q_growth_year": null,
            "roe": 8.7,
            "roe_4q": 21.779999999999998,
            "gross_profit": 8494736,
            "gross_margin": 32.65,
            "gross_margin_4q_avg": 25.7,
            "net_income": 3686377,
            "revenue": 26020370,
            "common_shares": 16584659,
            "book_valuer_per_share": 21.84,
            "book_valuer_per_share_4q_avg": 19.82,
            "equity": 43412934,
            "current_ratio": 189.73,
            "debt_ratio": 59.07,
            "inventory_turnover_ratio": 0.4,
            "account_receivable_turnover_ratio": 2.89,
            "reinvestment_rate": 47.87,
            "research_to_sale_ratio": null,
            "price_fair": 153.11,
            "eps_avg_yearly": 4.37,
            "eps_latest_yearly": 7.44,
            "eps_growth_yearly": 249.02
        },
        "20214": {
            "year_quarter": 20214,
            "year": 2021,
            "quarter": 4,
            "eps": 1.5,
            "eps_growth_year": 417.18,
            "eps_4q": 5.05,
            "eps_4q_growth_year": null,
            "roe": 6.92,
            "roe_4q": 27.02,
            "gross_profit": 8496861,
            "gross_margin": 34.79,
            "gross_margin_4q_avg": 29.75,
            "net_income": 3386574,
            "revenue": 24422706,
            "common_shares": 20084659,
            "book_valuer_per_share": 25.6,
            "book_valuer_per_share_4q_avg": 21.71,
            "equity": 54426116,
            "current_ratio": 375.32,
            "debt_ratio": 50.1,
            "inventory_turnover_ratio": 0.34,
            "account_receivable_turnover_ratio": 2.99,
            "reinvestment_rate": 38.63,
            "research_to_sale_ratio": null,
            "price_fair": 169.53,
            "eps_avg_yearly": 4.84,
            "eps_latest_yearly": 6,
            "eps_growth_yearly": 255.2
        },
        "20221": {
            "year_quarter": 20221,
            "year": 2022,
            "quarter": 1,
            "eps": 2.24,
            "eps_growth_year": 154.55,
            "eps_4q": 7.08,
            "eps_4q_growth_year": 947.77,
            "roe": 8.67,
            "roe_4q": 31.009999999999998,
            "gross_profit": 10130757,
            "gross_margin": 33.5,
            "gross_margin_4q_avg": 32.27,
            "net_income": 5051699,
            "revenue": 30240232,
            "common_shares": 20084659,
            "book_valuer_per_share": 31.49,
            "book_valuer_per_share_4q_avg": 24.77,
            "equity": 62128157,
            "current_ratio": 341.16,
            "debt_ratio": 49.64,
            "inventory_turnover_ratio": 0.38,
            "account_receivable_turnover_ratio": 3.15,
            "reinvestment_rate": 37.53,
            "research_to_sale_ratio": null,
            "price_fair": 180.47,
            "eps_avg_yearly": 5.16,
            "eps_latest_yearly": 8.96,
            "eps_growth_yearly": 70.55
        },
        "20222": {
            "year_quarter": 20222,
            "year": 2022,
            "quarter": 2,
            "eps": 2.83,
            "eps_growth_year": 96.53,
            "eps_4q": 8.75,
            "eps_4q_growth_year": 236.22,
            "roe": 9.39,
            "roe_4q": 33.68000000000001,
            "gross_profit": 10651623,
            "gross_margin": 33.01,
            "gross_margin_4q_avg": 33.49,
            "net_income": 6032828,
            "revenue": 32271905,
            "common_shares": 20084659,
            "book_valuer_per_share": 33.14,
            "book_valuer_per_share_4q_avg": 28.02,
            "equity": 66418734,
            "current_ratio": 295.01,
            "debt_ratio": 51.44,
            "inventory_turnover_ratio": 0.37,
            "account_receivable_turnover_ratio": 2.79,
            "reinvestment_rate": 39.4,
            "research_to_sale_ratio": null,
            "price_fair": 192.82,
            "eps_avg_yearly": 5.51,
            "eps_latest_yearly": 11.32,
            "eps_growth_yearly": 67.48
        },
        "20223": {
            "year_quarter": 20223,
            "year": 2022,
            "quarter": 3,
            "eps": 0.87,
            "eps_growth_year": -53.23,
            "eps_4q": 8,
            "eps_4q_growth_year": 79.03,
            "roe": 3.4,
            "roe_4q": 28.380000000000003,
            "gross_profit": 5665504,
            "gross_margin": 20.43,
            "gross_margin_4q_avg": 30.43,
            "net_income": 2372943,
            "revenue": 27736833,
            "common_shares": 20285505,
            "book_valuer_per_share": 35.92,
            "book_valuer_per_share_4q_avg": 31.54,
            "equity": 73321855,
            "current_ratio": 317.7,
            "debt_ratio": 50.01,
            "inventory_turnover_ratio": 0.33,
            "account_receivable_turnover_ratio": 2.49,
            "reinvestment_rate": 48.37,
            "research_to_sale_ratio": null,
            "price_fair": 182.25,
            "eps_avg_yearly": 5.21,
            "eps_latest_yearly": 3.48,
            "eps_growth_yearly": 45.42
        },
        "20224": {
            "year_quarter": 20224,
            "year": 2022,
            "quarter": 4,
            "eps": 0.33,
            "eps_growth_year": -77.73,
            "eps_4q": 6.73,
            "eps_4q_growth_year": 33.25,
            "roe": 1.28,
            "roe_4q": 22.740000000000002,
            "gross_profit": 4589693,
            "gross_margin": 19.2,
            "gross_margin_4q_avg": 26.54,
            "net_income": 941394,
            "revenue": 23899600,
            "common_shares": 20285505,
            "book_valuer_per_share": 35.41,
            "book_valuer_per_share_4q_avg": 33.99,
            "equity": 73897195,
            "current_ratio": 287.75,
            "debt_ratio": 49.54,
            "inventory_turnover_ratio": 0.27,
            "account_receivable_turnover_ratio": 2.49,
            "reinvestment_rate": 36.92,
            "research_to_sale_ratio": null,
            "price_fair": 173.09,
            "eps_avg_yearly": 4.95,
            "eps_latest_yearly": 1.32,
            "eps_growth_yearly": 36.75
        },
        "20231": {
            "year_quarter": 20231,
            "year": 2023,
            "quarter": 1,
            "eps": 1.03,
            "eps_growth_year": -54.02,
            "eps_4q": 5.44,
            "eps_4q_growth_year": -23.17,
            "roe": 3.22,
            "roe_4q": 17.29,
            "gross_profit": 6167855,
            "gross_margin": 21.29,
            "gross_margin_4q_avg": 23.48,
            "net_income": 2407409,
            "revenue": 28966933,
            "common_shares": 20285505,
            "book_valuer_per_share": 36,
            "book_valuer_per_share_4q_avg": 35.12,
            "equity": 75517727,
            "current_ratio": 331.63,
            "debt_ratio": 48.57,
            "inventory_turnover_ratio": 0.33,
            "account_receivable_turnover_ratio": 3.1,
            "reinvestment_rate": 48.53,
            "research_to_sale_ratio": null,
            "price_fair": 174.11,
            "eps_avg_yearly": 4.97,
            "eps_latest_yearly": 4.12,
            "eps_growth_yearly": 117.35
        }
    },
    "months": {
        "2001-06": {
            "month": "2001-06",
            "price": "8.43",
            "revenue": 228246
        },
        "2001-07": {
            "month": "2001-07",
            "price": "8.28",
            "revenue": 214876
        },
        "2001-08": {
            "month": "2001-08",
            "price": "8.16",
            "revenue": 243939
        },
        "2001-09": {
            "month": "2001-09",
            "price": "8.30",
            "revenue": 258258
        },
        "2001-10": {
            "month": "2001-10",
            "price": "8.30",
            "revenue": 210864
        },
        "2001-11": {
            "month": "2001-11",
            "price": "8.28",
            "revenue": 300724
        },
        "2001-12": {
            "month": "2001-12",
            "price": "8.49",
            "revenue": 217077
        },
        "2002-01": {
            "month": "2002-01",
            "price": "8.17",
            "revenue": 256024
        },
        "2002-02": {
            "month": "2002-02",
            "price": "8.15",
            "revenue": 200511
        },
        "2002-03": {
            "month": "2002-03",
            "price": "8.72",
            "revenue": 288897
        },
        "2002-04": {
            "month": "2002-04",
            "price": "13.02",
            "revenue": 267446
        },
        "2002-05": {
            "month": "2002-05",
            "price": "10.01",
            "revenue": 379879
        },
        "2002-06": {
            "month": "2002-06",
            "price": "9.96",
            "revenue": 278524
        },
        "2002-07": {
            "month": "2002-07",
            "price": "9.20",
            "revenue": 306214
        },
        "2002-08": {
            "month": "2002-08",
            "price": "7.82",
            "revenue": 326322
        },
        "2002-09": {
            "month": "2002-09",
            "price": "6.54",
            "revenue": 311560
        },
        "2002-10": {
            "month": "2002-10",
            "price": "6.69",
            "revenue": 285700
        },
        "2002-11": {
            "month": "2002-11",
            "price": "7.48",
            "revenue": 294631
        },
        "2002-12": {
            "month": "2002-12",
            "price": "7.75",
            "revenue": 315757
        },
        "2003-01": {
            "month": "2003-01",
            "price": "9.59",
            "revenue": 250396
        },
        "2003-02": {
            "month": "2003-02",
            "price": "9.39",
            "revenue": 210526
        },
        "2003-03": {
            "month": "2003-03",
            "price": "8.14",
            "revenue": 288892
        },
        "2003-04": {
            "month": "2003-04",
            "price": "7.71",
            "revenue": 399246
        },
        "2003-05": {
            "month": "2003-05",
            "price": "6.87",
            "revenue": 255898
        },
        "2003-06": {
            "month": "2003-06",
            "price": "7.80",
            "revenue": 292564
        },
        "2003-07": {
            "month": "2003-07",
            "price": "8.21",
            "revenue": 358812
        },
        "2003-08": {
            "month": "2003-08",
            "price": "7.92",
            "revenue": 296300
        },
        "2003-09": {
            "month": "2003-09",
            "price": "7.48",
            "revenue": 247004
        },
        "2003-10": {
            "month": "2003-10",
            "price": "7.98",
            "revenue": 377117
        },
        "2003-11": {
            "month": "2003-11",
            "price": "8.04",
            "revenue": 282369
        },
        "2003-12": {
            "month": "2003-12",
            "price": "8.25",
            "revenue": 401381
        },
        "2004-01": {
            "month": "2004-01",
            "price": "9.42",
            "revenue": 236982
        },
        "2004-02": {
            "month": "2004-02",
            "price": "15.94",
            "revenue": 428282
        },
        "2004-03": {
            "month": "2004-03",
            "price": "28.31",
            "revenue": 585677
        },
        "2004-04": {
            "month": "2004-04",
            "price": "27.43",
            "revenue": 672427
        },
        "2004-05": {
            "month": "2004-05",
            "price": "20.43",
            "revenue": 582380
        },
        "2004-06": {
            "month": "2004-06",
            "price": "22.19",
            "revenue": 585590
        },
        "2004-07": {
            "month": "2004-07",
            "price": "23.96",
            "revenue": 462968
        },
        "2004-08": {
            "month": "2004-08",
            "price": "21.58",
            "revenue": 589842
        },
        "2004-09": {
            "month": "2004-09",
            "price": "27.61",
            "revenue": 567377
        },
        "2004-10": {
            "month": "2004-10",
            "price": "27.84",
            "revenue": 461759
        },
        "2004-11": {
            "month": "2004-11",
            "price": "23.41",
            "revenue": 531796
        },
        "2004-12": {
            "month": "2004-12",
            "price": "23.85",
            "revenue": 718471
        },
        "2005-01": {
            "month": "2005-01",
            "price": "22.62",
            "revenue": 513350
        },
        "2005-02": {
            "month": "2005-02",
            "price": "23.07",
            "revenue": 355256
        },
        "2005-03": {
            "month": "2005-03",
            "price": "20.97",
            "revenue": 544668
        },
        "2005-04": {
            "month": "2005-04",
            "price": "18.27",
            "revenue": 579949
        },
        "2005-05": {
            "month": "2005-05",
            "price": "16.69",
            "revenue": 572348
        },
        "2005-06": {
            "month": "2005-06",
            "price": "17.53",
            "revenue": 646129
        },
        "2005-07": {
            "month": "2005-07",
            "price": "16.99",
            "revenue": 554725
        },
        "2005-08": {
            "month": "2005-08",
            "price": "17.74",
            "revenue": 489416
        },
        "2005-09": {
            "month": "2005-09",
            "price": "20.15",
            "revenue": 672862
        },
        "2005-10": {
            "month": "2005-10",
            "price": "17.14",
            "revenue": 551746
        },
        "2005-11": {
            "month": "2005-11",
            "price": "16.30",
            "revenue": 499650
        },
        "2005-12": {
            "month": "2005-12",
            "price": "16.09",
            "revenue": 604469
        },
        "2006-01": {
            "month": "2006-01",
            "price": "16.55",
            "revenue": 676922
        },
        "2006-02": {
            "month": "2006-02",
            "price": "18.55",
            "revenue": 486725
        },
        "2006-03": {
            "month": "2006-03",
            "price": "17.58",
            "revenue": 950327
        },
        "2006-04": {
            "month": "2006-04",
            "price": "24.18",
            "revenue": 741500
        },
        "2006-05": {
            "month": "2006-05",
            "price": "26.05",
            "revenue": 980715
        },
        "2006-06": {
            "month": "2006-06",
            "price": "22.09",
            "revenue": 1507474
        },
        "2006-07": {
            "month": "2006-07",
            "price": "24.41",
            "revenue": 1089130
        },
        "2006-08": {
            "month": "2006-08",
            "price": "25.32",
            "revenue": 2083866
        },
        "2006-09": {
            "month": "2006-09",
            "price": "26.95",
            "revenue": 1863195
        },
        "2006-10": {
            "month": "2006-10",
            "price": "36.06",
            "revenue": 1988418
        },
        "2006-11": {
            "month": "2006-11",
            "price": "35.96",
            "revenue": 1263881
        },
        "2006-12": {
            "month": "2006-12",
            "price": "36.62",
            "revenue": 1775524
        },
        "2007-01": {
            "month": "2007-01",
            "price": "39.51",
            "revenue": 2416315
        },
        "2007-02": {
            "month": "2007-02",
            "price": "43.10",
            "revenue": 2097294
        },
        "2007-03": {
            "month": "2007-03",
            "price": "46.29",
            "revenue": 2323348
        },
        "2007-04": {
            "month": "2007-04",
            "price": "52.13",
            "revenue": 2531899
        },
        "2007-05": {
            "month": "2007-05",
            "price": "51.42",
            "revenue": 2998274
        },
        "2007-06": {
            "month": "2007-06",
            "price": "49.02",
            "revenue": 2348294
        },
        "2007-07": {
            "month": "2007-07",
            "price": "50.12",
            "revenue": 2295247
        },
        "2007-08": {
            "month": "2007-08",
            "price": "42.94",
            "revenue": 2751115
        },
        "2007-09": {
            "month": "2007-09",
            "price": "47.86",
            "revenue": 2337015
        },
        "2007-10": {
            "month": "2007-10",
            "price": "48.59",
            "revenue": 3403314
        },
        "2007-11": {
            "month": "2007-11",
            "price": "43.03",
            "revenue": 2766624
        },
        "2007-12": {
            "month": "2007-12",
            "price": "36.73",
            "revenue": 2162677
        },
        "2008-01": {
            "month": "2008-01",
            "price": "38.28",
            "revenue": 2472411
        },
        "2008-02": {
            "month": "2008-02",
            "price": "40.65",
            "revenue": 2984113
        },
        "2008-03": {
            "month": "2008-03",
            "price": "41.82",
            "revenue": 2857543
        },
        "2008-04": {
            "month": "2008-04",
            "price": "41.09",
            "revenue": 2900219
        },
        "2008-05": {
            "month": "2008-05",
            "price": "40.11",
            "revenue": 2736532
        },
        "2008-06": {
            "month": "2008-06",
            "price": "35.32",
            "revenue": 2458811
        },
        "2008-07": {
            "month": "2008-07",
            "price": "29.62",
            "revenue": 2560019
        },
        "2008-08": {
            "month": "2008-08",
            "price": "25.41",
            "revenue": 2611410
        },
        "2008-09": {
            "month": "2008-09",
            "price": "20.12",
            "revenue": 2541087
        },
        "2008-10": {
            "month": "2008-10",
            "price": "14.32",
            "revenue": 2493782
        },
        "2008-11": {
            "month": "2008-11",
            "price": "12.17",
            "revenue": 1812426
        },
        "2008-12": {
            "month": "2008-12",
            "price": "11.71",
            "revenue": 1650392
        },
        "2009-01": {
            "month": "2009-01",
            "price": "13.43",
            "revenue": 1932202
        },
        "2009-02": {
            "month": "2009-02",
            "price": "12.99",
            "revenue": 1405522
        },
        "2009-03": {
            "month": "2009-03",
            "price": "13.51",
            "revenue": 1427547
        },
        "2009-04": {
            "month": "2009-04",
            "price": "18.66",
            "revenue": 1334582
        },
        "2009-05": {
            "month": "2009-05",
            "price": "21.33",
            "revenue": 1222873
        },
        "2009-06": {
            "month": "2009-06",
            "price": "24.97",
            "revenue": 1444042
        },
        "2009-07": {
            "month": "2009-07",
            "price": "24.82",
            "revenue": 1386554
        },
        "2009-08": {
            "month": "2009-08",
            "price": "25.54",
            "revenue": 1492417
        },
        "2009-09": {
            "month": "2009-09",
            "price": "23.81",
            "revenue": 1337713
        },
        "2009-10": {
            "month": "2009-10",
            "price": "23.92",
            "revenue": 1516683
        },
        "2009-11": {
            "month": "2009-11",
            "price": "23.62",
            "revenue": 1552122
        },
        "2009-12": {
            "month": "2009-12",
            "price": "23.84",
            "revenue": 1723772
        },
        "2010-01": {
            "month": "2010-01",
            "price": "24.72",
            "revenue": 2035098
        },
        "2010-02": {
            "month": "2010-02",
            "price": "21.85",
            "revenue": 1854507
        },
        "2010-03": {
            "month": "2010-03",
            "price": "23.10",
            "revenue": 2325369
        },
        "2010-04": {
            "month": "2010-04",
            "price": "24.71",
            "revenue": 2258892
        },
        "2010-05": {
            "month": "2010-05",
            "price": "21.30",
            "revenue": 2049350
        },
        "2010-06": {
            "month": "2010-06",
            "price": "19.97",
            "revenue": 2087728
        },
        "2010-07": {
            "month": "2010-07",
            "price": "21.07",
            "revenue": 2542027
        },
        "2010-08": {
            "month": "2010-08",
            "price": "21.50",
            "revenue": 2896430
        },
        "2010-09": {
            "month": "2010-09",
            "price": "21.06",
            "revenue": 2674047
        },
        "2010-10": {
            "month": "2010-10",
            "price": "20.70",
            "revenue": 2681387
        },
        "2010-11": {
            "month": "2010-11",
            "price": "19.64",
            "revenue": 2300530
        },
        "2010-12": {
            "month": "2010-12",
            "price": "20.02",
            "revenue": 2128102
        },
        "2011-01": {
            "month": "2011-01",
            "price": "20.58",
            "revenue": 3499065
        },
        "2011-02": {
            "month": "2011-02",
            "price": "21.24",
            "revenue": 3594213
        },
        "2011-03": {
            "month": "2011-03",
            "price": "20.28",
            "revenue": 3623756
        },
        "2011-04": {
            "month": "2011-04",
            "price": "20.39",
            "revenue": 3175270
        },
        "2011-05": {
            "month": "2011-05",
            "price": "20.13",
            "revenue": 2962249
        },
        "2011-06": {
            "month": "2011-06",
            "price": "19.08",
            "revenue": 3023374
        },
        "2011-07": {
            "month": "2011-07",
            "price": "18.63",
            "revenue": 3130180
        },
        "2011-08": {
            "month": "2011-08",
            "price": "18.06",
            "revenue": 3962627
        },
        "2011-09": {
            "month": "2011-09",
            "price": "16.84",
            "revenue": 3298644
        },
        "2011-10": {
            "month": "2011-10",
            "price": "15.48",
            "revenue": 3363251
        },
        "2011-11": {
            "month": "2011-11",
            "price": "14.69",
            "revenue": 3231090
        },
        "2011-12": {
            "month": "2011-12",
            "price": "14.77",
            "revenue": 2934545
        },
        "2012-01": {
            "month": "2012-01",
            "price": "15.07",
            "revenue": 3586174
        },
        "2012-02": {
            "month": "2012-02",
            "price": "16.84",
            "revenue": 3732581
        },
        "2012-03": {
            "month": "2012-03",
            "price": "16.52",
            "revenue": 3547784
        },
        "2012-04": {
            "month": "2012-04",
            "price": "15.99",
            "revenue": 3133218
        },
        "2012-05": {
            "month": "2012-05",
            "price": "15.85",
            "revenue": 3526826
        },
        "2012-06": {
            "month": "2012-06",
            "price": "15.74",
            "revenue": 3376846
        },
        "2012-07": {
            "month": "2012-07",
            "price": "14.46",
            "revenue": 3247608
        },
        "2012-08": {
            "month": "2012-08",
            "price": "14.62",
            "revenue": 3325987
        },
        "2012-09": {
            "month": "2012-09",
            "price": "15.31",
            "revenue": 2805653
        },
        "2012-10": {
            "month": "2012-10",
            "price": "14.76",
            "revenue": 3432574
        },
        "2012-11": {
            "month": "2012-11",
            "price": "14.12",
            "revenue": 2748774
        },
        "2012-12": {
            "month": "2012-12",
            "price": "14.71",
            "revenue": 2377272
        },
        "2013-01": {
            "month": "2013-01",
            "price": "15.12",
            "revenue": 3338071
        },
        "2013-02": {
            "month": "2013-02",
            "price": "14.86",
            "revenue": 2888624
        },
        "2013-03": {
            "month": "2013-03",
            "price": "14.45",
            "revenue": 3110744
        },
        "2013-04": {
            "month": "2013-04",
            "price": "14.47",
            "revenue": 3320324
        },
        "2013-05": {
            "month": "2013-05",
            "price": "14.81",
            "revenue": 3304990
        },
        "2013-06": {
            "month": "2013-06",
            "price": "14.99",
            "revenue": 2988256
        },
        "2013-07": {
            "month": "2013-07",
            "price": "15.13",
            "revenue": 3191417
        },
        "2013-08": {
            "month": "2013-08",
            "price": "13.90",
            "revenue": 3346232
        },
        "2013-09": {
            "month": "2013-09",
            "price": "13.96",
            "revenue": 2996624
        },
        "2013-10": {
            "month": "2013-10",
            "price": "14.02",
            "revenue": 3868884
        },
        "2013-11": {
            "month": "2013-11",
            "price": "13.50",
            "revenue": 3159256
        },
        "2013-12": {
            "month": "2013-12",
            "price": "13.72",
            "revenue": 3123244
        },
        "2014-01": {
            "month": "2014-01",
            "price": "14.06",
            "revenue": 3987157
        },
        "2014-02": {
            "month": "2014-02",
            "price": "13.91",
            "revenue": 3627753
        },
        "2014-03": {
            "month": "2014-03",
            "price": "14.25",
            "revenue": 3973412
        },
        "2014-04": {
            "month": "2014-04",
            "price": "15.63",
            "revenue": 4483290
        },
        "2014-05": {
            "month": "2014-05",
            "price": "17.81",
            "revenue": 4265185
        },
        "2014-06": {
            "month": "2014-06",
            "price": "17.64",
            "revenue": 4398854
        },
        "2014-07": {
            "month": "2014-07",
            "price": "17.76",
            "revenue": 4652249
        },
        "2014-08": {
            "month": "2014-08",
            "price": "20.52",
            "revenue": 4317805
        },
        "2014-09": {
            "month": "2014-09",
            "price": "20.46",
            "revenue": 4492062
        },
        "2014-10": {
            "month": "2014-10",
            "price": "18.54",
            "revenue": 4753134
        },
        "2014-11": {
            "month": "2014-11",
            "price": "18.88",
            "revenue": 3710382
        },
        "2014-12": {
            "month": "2014-12",
            "price": "20.68",
            "revenue": 4141728
        },
        "2015-01": {
            "month": "2015-01",
            "price": "20.86",
            "revenue": 4685553
        },
        "2015-02": {
            "month": "2015-02",
            "price": "21.26",
            "revenue": 4151563
        },
        "2015-03": {
            "month": "2015-03",
            "price": "21.12",
            "revenue": 4572582
        },
        "2015-04": {
            "month": "2015-04",
            "price": "20.57",
            "revenue": 4640255
        },
        "2015-05": {
            "month": "2015-05",
            "price": "18.37",
            "revenue": 4216772
        },
        "2015-06": {
            "month": "2015-06",
            "price": "16.51",
            "revenue": 4388200
        },
        "2015-07": {
            "month": "2015-07",
            "price": "15.91",
            "revenue": 4314499
        },
        "2015-08": {
            "month": "2015-08",
            "price": "14.72",
            "revenue": 4191271
        },
        "2015-09": {
            "month": "2015-09",
            "price": "15.04",
            "revenue": 4139655
        },
        "2015-10": {
            "month": "2015-10",
            "price": "15.78",
            "revenue": 4232887
        },
        "2015-11": {
            "month": "2015-11",
            "price": "14.86",
            "revenue": 3481793
        },
        "2015-12": {
            "month": "2015-12",
            "price": "14.11",
            "revenue": 3594890
        },
        "2016-01": {
            "month": "2016-01",
            "price": "14.04",
            "revenue": 4058156
        },
        "2016-02": {
            "month": "2016-02",
            "price": "15.01",
            "revenue": 4035706
        },
        "2016-03": {
            "month": "2016-03",
            "price": "15.99",
            "revenue": 4407274
        },
        "2016-04": {
            "month": "2016-04",
            "price": "15.74",
            "revenue": 4098770
        },
        "2016-05": {
            "month": "2016-05",
            "price": "15.36",
            "revenue": 4197593
        },
        "2016-06": {
            "month": "2016-06",
            "price": "15.69",
            "revenue": 4099779
        },
        "2016-07": {
            "month": "2016-07",
            "price": "17.20",
            "revenue": 3711673
        },
        "2016-08": {
            "month": "2016-08",
            "price": "16.64",
            "revenue": 4198914
        },
        "2016-09": {
            "month": "2016-09",
            "price": "16.12",
            "revenue": 3798837
        },
        "2016-10": {
            "month": "2016-10",
            "price": "16.12",
            "revenue": 4130920
        },
        "2016-11": {
            "month": "2016-11",
            "price": "17.64",
            "revenue": 3493455
        },
        "2016-12": {
            "month": "2016-12",
            "price": "18.08",
            "revenue": 3775265
        },
        "2017-01": {
            "month": "2017-01",
            "price": "18.11",
            "revenue": 4517444
        },
        "2017-02": {
            "month": "2017-02",
            "price": "18.26",
            "revenue": 3985969
        },
        "2017-03": {
            "month": "2017-03",
            "price": "17.95",
            "revenue": 4807171
        },
        "2017-04": {
            "month": "2017-04",
            "price": "17.07",
            "revenue": 4192447
        },
        "2017-05": {
            "month": "2017-05",
            "price": "16.70",
            "revenue": 5632887
        },
        "2017-06": {
            "month": "2017-06",
            "price": "16.95",
            "revenue": 5963383
        },
        "2017-07": {
            "month": "2017-07",
            "price": "17.74",
            "revenue": 5629272
        },
        "2017-08": {
            "month": "2017-08",
            "price": "18.25",
            "revenue": 6113030
        },
        "2017-09": {
            "month": "2017-09",
            "price": "18.50",
            "revenue": 5828249
        },
        "2017-10": {
            "month": "2017-10",
            "price": "18.74",
            "revenue": 6356211
        },
        "2017-11": {
            "month": "2017-11",
            "price": "19.97",
            "revenue": 5878153
        },
        "2017-12": {
            "month": "2017-12",
            "price": "19.86",
            "revenue": 5378843
        },
        "2018-01": {
            "month": "2018-01",
            "price": "23.97",
            "revenue": 7424912
        },
        "2018-02": {
            "month": "2018-02",
            "price": "23.46",
            "revenue": 6767832
        },
        "2018-03": {
            "month": "2018-03",
            "price": "28.53",
            "revenue": 7613185
        },
        "2018-04": {
            "month": "2018-04",
            "price": "31.94",
            "revenue": 7097468
        },
        "2018-05": {
            "month": "2018-05",
            "price": "33.17",
            "revenue": 7190456
        },
        "2018-06": {
            "month": "2018-06",
            "price": "37.68",
            "revenue": 7295961
        },
        "2018-07": {
            "month": "2018-07",
            "price": "37.29",
            "revenue": 7080156
        },
        "2018-08": {
            "month": "2018-08",
            "price": "45.26",
            "revenue": 7534361
        },
        "2018-09": {
            "month": "2018-09",
            "price": "47.21",
            "revenue": 6321059
        },
        "2018-10": {
            "month": "2018-10",
            "price": "47.71",
            "revenue": 7796745
        },
        "2018-11": {
            "month": "2018-11",
            "price": "44.18",
            "revenue": 6137280
        },
        "2018-12": {
            "month": "2018-12",
            "price": "42.28",
            "revenue": 5672823
        },
        "2019-01": {
            "month": "2019-01",
            "price": "45.55",
            "revenue": 7709297
        },
        "2019-02": {
            "month": "2019-02",
            "price": "44.20",
            "revenue": 6540844
        },
        "2019-03": {
            "month": "2019-03",
            "price": "44.76",
            "revenue": 7083908
        },
        "2019-04": {
            "month": "2019-04",
            "price": "44.14",
            "revenue": 7069434
        },
        "2019-05": {
            "month": "2019-05",
            "price": "44.00",
            "revenue": 7305207
        },
        "2019-06": {
            "month": "2019-06",
            "price": "45.33",
            "revenue": 6334963
        },
        "2019-07": {
            "month": "2019-07",
            "price": "45.71",
            "revenue": 7052002
        },
        "2019-08": {
            "month": "2019-08",
            "price": "42.08",
            "revenue": 6725636
        },
        "2019-09": {
            "month": "2019-09",
            "price": "38.36",
            "revenue": 6209521
        },
        "2019-10": {
            "month": "2019-10",
            "price": "33.39",
            "revenue": 6543031
        },
        "2019-11": {
            "month": "2019-11",
            "price": "30.91",
            "revenue": 4978326
        },
        "2019-12": {
            "month": "2019-12",
            "price": "30.89",
            "revenue": 4396044
        },
        "2020-01": {
            "month": "2020-01",
            "price": "31.20",
            "revenue": 5791299
        },
        "2020-02": {
            "month": "2020-02",
            "price": "30.31",
            "revenue": 5171552
        },
        "2020-03": {
            "month": "2020-03",
            "price": "28.26",
            "revenue": 5254067
        },
        "2020-04": {
            "month": "2020-04",
            "price": "25.54",
            "revenue": 3739328
        },
        "2020-05": {
            "month": "2020-05",
            "price": "26.82",
            "revenue": 3813270
        },
        "2020-06": {
            "month": "2020-06",
            "price": "26.98",
            "revenue": 4533084
        },
        "2020-07": {
            "month": "2020-07",
            "price": "25.12",
            "revenue": 4721138
        },
        "2020-08": {
            "month": "2020-08",
            "price": "21.75",
            "revenue": 4844581
        },
        "2020-09": {
            "month": "2020-09",
            "price": "20.92",
            "revenue": 5005162
        },
        "2020-10": {
            "month": "2020-10",
            "price": "21.18",
            "revenue": 5292296
        },
        "2020-11": {
            "month": "2020-11",
            "price": "24.69",
            "revenue": 5145374
        },
        "2020-12": {
            "month": "2020-12",
            "price": "30.89",
            "revenue": 5981364
        },
        "2021-01": {
            "month": "2021-01",
            "price": "28.08",
            "revenue": 6292369
        },
        "2021-02": {
            "month": "2021-02",
            "price": "28.17",
            "revenue": 6620346
        },
        "2021-03": {
            "month": "2021-03",
            "price": "30.30",
            "revenue": 8108971
        },
        "2021-04": {
            "month": "2021-04",
            "price": "42.60",
            "revenue": 8504918
        },
        "2021-05": {
            "month": "2021-05",
            "price": "43.09",
            "revenue": 8127299
        },
        "2021-06": {
            "month": "2021-06",
            "price": "48.30",
            "revenue": 8834458
        },
        "2021-07": {
            "month": "2021-07",
            "price": "56.56",
            "revenue": 8440053
        },
        "2021-08": {
            "month": "2021-08",
            "price": "50.15",
            "revenue": 8865937
        },
        "2021-09": {
            "month": "2021-09",
            "price": "47.60",
            "revenue": 8717185
        },
        "2021-10": {
            "month": "2021-10",
            "price": "44.83",
            "revenue": 8887169
        },
        "2021-11": {
            "month": "2021-11",
            "price": "45.28",
            "revenue": 8375852
        },
        "2021-12": {
            "month": "2021-12",
            "price": "47.02",
            "revenue": 7283767
        },
        "2022-01": {
            "month": "2022-01",
            "price": "44.68",
            "revenue": 9047135
        },
        "2022-02": {
            "month": "2022-02",
            "price": "49.71",
            "revenue": 8994745
        },
        "2022-03": {
            "month": "2022-03",
            "price": "50.63",
            "revenue": 12152616
        },
        "2022-04": {
            "month": "2022-04",
            "price": "50.12",
            "revenue": 11340809
        },
        "2022-05": {
            "month": "2022-05",
            "price": "43.95",
            "revenue": 10756686
        },
        "2022-06": {
            "month": "2022-06",
            "price": "39.08",
            "revenue": 10189220
        },
        "2022-07": {
            "month": "2022-07",
            "price": "34.58",
            "revenue": 8854430
        },
        "2022-08": {
            "month": "2022-08",
            "price": "38.05",
            "revenue": 9582826
        },
        "2022-09": {
            "month": "2022-09",
            "price": "38.35",
            "revenue": 9318136
        },
        "2022-10": {
            "month": "2022-10",
            "price": "38.60",
            "revenue": 9226430
        },
        "2022-11": {
            "month": "2022-11",
            "price": "39.62",
            "revenue": 7520371
        },
        "2022-12": {
            "month": "2022-12",
            "price": "42.66",
            "revenue": 7239664
        },
        "2023-01": {
            "month": "2023-01",
            "price": "43.13",
            "revenue": 9901517
        },
        "2023-02": {
            "month": "2023-02",
            "price": "43.83",
            "revenue": 8925017
        },
        "2023-03": {
            "month": "2023-03",
            "price": "45.01",
            "revenue": 10222131
        },
        "2023-04": {
            "month": "2023-04",
            "price": "44.69",
            "revenue": 8447799
        }
    }
}
