{
    "summary": {
        "stock_name": "威致",
        "stock_id": "2028",
        "category": "鋼鐵",
        "main_business": "鋼筋.鋼胚.棒鋼.盤元.廢鋼等鋼製品之製造加工買賣業務<br>大鋼胚.小鋼胚.鋼錠.等特殊鋼之製造.加工.買賣業務<br>廢鐵進口.輪船解體急舊船買賣業務",
        "website_url": "http://www.weichih.com.tw",
        "ceo": "郭素惠",
        "pe_ratio": 13,
        "report_year_from": 2001,
        "report_year_to": 2023,
        "age": 22,
        "eps_negative_percentage": 39,
        "eps_growth_avg": {
            "last_all": -20.08,
            "last_2y": 48.37,
            "last_4y": 12.9,
            "last_8y": 27.42,
            "last_12y": -3.79,
            "last_16y": -12.81,
            "last_20y": -20.08,
            "at_2006_last_3y": -100,
            "at_2007_last_3y": -53.44,
            "at_2008_last_3y": -53.44,
            "at_2009_last_3y": -53.44,
            "at_2010_last_3y": -40.47,
            "at_2011_last_3y": -66.2,
            "at_2012_last_3y": -66.2,
            "at_2013_last_3y": -66.2,
            "at_2014_last_3y": -92.02,
            "at_2015_last_3y": -100,
            "at_2016_last_3y": null,
            "at_2017_last_3y": 100,
            "at_2018_last_3y": 40.72,
            "at_2019_last_3y": 6.47,
            "at_2020_last_3y": 29.85,
            "at_2021_last_3y": 29.85,
            "at_2022_last_3y": 20.77,
            "at_2023_last_3y": 20.77,
            "at_2006_last_all": -100,
            "at_2007_last_all": -53.44,
            "at_2008_last_all": -68.96,
            "at_2009_last_all": -68.96,
            "at_2010_last_all": -55.35,
            "at_2011_last_all": -61.09,
            "at_2012_last_all": -67.58,
            "at_2013_last_all": -67.58,
            "at_2014_last_all": -67.58,
            "at_2015_last_all": -67.58,
            "at_2016_last_all": -67.58,
            "at_2017_last_all": -43.64,
            "at_2018_last_all": -40.5,
            "at_2019_last_all": -42.89,
            "at_2020_last_all": -28.6,
            "at_2021_last_all": -16.91,
            "at_2022_last_all": -20.08,
            "at_2023_last_all": -20.08
        },
        "latest_eps": 1.93,
        "latest_price": 26,
        "latest_roe": 13.36,
        "latest_gross_margin": 8.68,
        "latest_equity": 4387522,
        "latest_revenue": 3210796,
        "latest_gross_profit": 278631,
        "latest_net_income": 175273,
        "latest_debt_ratio": 41.52,
        "latest_current_ratio": 193.17,
        "latest_account_receivable_turnover_ratio": 2.71,
        "latest_inventory_turnover_ratio": 1.16,
        "latest_reinvestment_rate": -9.87,
        "latest_research_to_sale_ratio": 0.18
    },
    "eps_dividends": {
        "1996": {
            "cash": 0,
            "stock": 1,
            "eps": 0
        },
        "1997": {
            "cash": 0,
            "stock": 1.5,
            "eps": 0
        },
        "1998": {
            "cash": 0,
            "stock": 1,
            "eps": 0
        },
        "2001": {
            "cash": 0,
            "stock": 0,
            "eps": -0.96
        },
        "2002": {
            "cash": 0,
            "stock": 0,
            "eps": -3.59
        },
        "2003": {
            "cash": 0,
            "stock": 0,
            "eps": 0.58
        },
        "2004": {
            "cash": 0,
            "stock": 0,
            "eps": -2.31
        },
        "2005": {
            "cash": 0,
            "stock": 0,
            "eps": -1.08
        },
        "2006": {
            "cash": 0,
            "stock": 0,
            "eps": 1.31
        },
        "2007": {
            "cash": 0,
            "stock": 0,
            "eps": 1.22
        },
        "2008": {
            "cash": 0,
            "stock": 0,
            "eps": -2.27
        },
        "2009": {
            "cash": 0,
            "stock": 0,
            "eps": 1.1
        },
        "2010": {
            "cash": 0,
            "stock": 0,
            "eps": 0.94
        },
        "2011": {
            "cash": 0,
            "stock": 0,
            "eps": 0.15
        },
        "2012": {
            "cash": 0,
            "stock": 0,
            "eps": -0.18
        },
        "2013": {
            "cash": 0,
            "stock": 0,
            "eps": -1.34
        },
        "2014": {
            "cash": 0,
            "stock": 0,
            "eps": -2.15
        },
        "2015": {
            "cash": 0,
            "stock": 0,
            "eps": -3.09
        },
        "2016": {
            "cash": 0,
            "stock": 0,
            "eps": 0.09
        },
        "2017": {
            "cash": 0,
            "stock": 0,
            "eps": 1.94
        },
        "2018": {
            "cash": 0,
            "stock": 0,
            "eps": 1.58
        },
        "2019": {
            "cash": 0,
            "stock": 0,
            "eps": 0.6
        },
        "2020": {
            "cash": 0,
            "stock": 0,
            "eps": 1.85
        },
        "2021": {
            "cash": 0,
            "stock": 0,
            "eps": 5.1
        },
        "2022": {
            "cash": 2.5,
            "stock": 0,
            "eps": 2.3
        },
        "2023": {
            "cash": 1.3,
            "stock": 0,
            "eps": 0.54
        }
    },
    "dividends": {
        "1996-05-14": {
            "cash": 0,
            "stock": 1
        },
        "1997-03-27": {
            "cash": 0,
            "stock": 1.5
        },
        "1998-03-17": {
            "cash": 0,
            "stock": 1
        },
        "2022-07-29": {
            "cash": 2.5,
            "stock": 0
        },
        "2023-01-17": {
            "cash": 0.85,
            "stock": 0
        },
        "2023-03-15": {
            "cash": 0.45,
            "stock": 0
        }
    },
    "prices": {
        "200101": "1.50",
        "200102": "2.44",
        "200103": "2.27",
        "200104": "1.94",
        "200105": "1.47",
        "200106": "1.23",
        "200107": "0.93",
        "200108": "1.16",
        "200109": "1.05",
        "200110": "0.87",
        "200111": "0.81",
        "200112": "0.92",
        "200201": "1.70",
        "200202": "2.00",
        "200203": "3.03",
        "200204": "6.14",
        "200205": "4.96",
        "200206": "4.28",
        "200207": "3.73",
        "200208": "3.05",
        "200209": "2.10",
        "200210": "2.66",
        "200211": "3.08",
        "200212": "3.28",
        "200301": "5.22",
        "200302": "5.99",
        "200303": "5.35",
        "200304": "4.83",
        "200305": "3.38",
        "200306": "5.34",
        "200307": "6.21",
        "200308": "5.43",
        "200309": "4.51",
        "200310": "4.64",
        "200311": "4.58",
        "200312": "4.51",
        "200401": "8.94",
        "200402": "10.23",
        "200403": "10.98",
        "200404": "9.51",
        "200405": "7.36",
        "200406": "7.83",
        "200407": "8.30",
        "200408": "7.57",
        "200409": "9.28",
        "200410": "10.34",
        "200411": "8.69",
        "200412": "8.82",
        "200501": "8.71",
        "200502": "8.65",
        "200503": "7.70",
        "200504": "7.17",
        "200505": "5.43",
        "200506": "5.72",
        "200507": "5.24",
        "200508": "4.85",
        "200509": "4.54",
        "200510": "3.64",
        "200511": "3.19",
        "200512": "3.41",
        "200601": "3.87",
        "200602": "4.47",
        "200603": "4.22",
        "200604": "5.31",
        "200605": "4.89",
        "200606": "4.26",
        "200607": "4.45",
        "200608": "4.04",
        "200609": "4.60",
        "200610": "5.67",
        "200611": "6.17",
        "200612": "7.19",
        "200701": "8.38",
        "200702": "8.42",
        "200703": "8.54",
        "200704": "9.18",
        "200705": "8.66",
        "200706": "8.24",
        "200707": "8.93",
        "200708": "8.70",
        "200709": "9.56",
        "200710": "9.23",
        "200711": "8.52",
        "200712": "8.54",
        "200801": "7.98",
        "200802": "8.20",
        "200803": "9.27",
        "200804": "15.68",
        "200805": "21.21",
        "200806": "17.33",
        "200807": "13.84",
        "200808": "11.59",
        "200809": "9.48",
        "200810": "6.22",
        "200811": "4.98",
        "200812": "4.82",
        "200901": "5.27",
        "200902": "4.98",
        "200903": "5.39",
        "200904": "7.20",
        "200905": "7.24",
        "200906": "6.92",
        "200907": "6.69",
        "200908": "7.38",
        "200909": "7.15",
        "200910": "7.56",
        "200911": "8.77",
        "200912": "10.39",
        "201001": "11.12",
        "201002": "9.11",
        "201003": "10.03",
        "201004": "10.16",
        "201005": "8.09",
        "201006": "7.26",
        "201007": "7.74",
        "201008": "8.64",
        "201009": "9.30",
        "201010": "8.86",
        "201011": "8.32",
        "201012": "8.69",
        "201101": "9.07",
        "201102": "9.47",
        "201103": "9.29",
        "201104": "9.34",
        "201105": "9.02",
        "201106": "8.51",
        "201107": "8.19",
        "201108": "7.51",
        "201109": "6.88",
        "201110": "5.87",
        "201111": "4.96",
        "201112": "5.09",
        "201201": "5.04",
        "201202": "6.20",
        "201203": "6.08",
        "201204": "5.14",
        "201205": "5.05",
        "201206": "4.91",
        "201207": "4.97",
        "201208": "5.00",
        "201209": "5.18",
        "201210": "4.87",
        "201211": "4.30",
        "201212": "4.75",
        "201301": "5.72",
        "201302": "5.40",
        "201303": "5.04",
        "201304": "5.01",
        "201305": "5.25",
        "201306": "5.11",
        "201307": "5.14",
        "201308": "5.06",
        "201309": "4.96",
        "201310": "4.89",
        "201311": "4.47",
        "201312": "4.54",
        "201401": "4.79",
        "201402": "4.62",
        "201403": "4.62",
        "201404": "4.90",
        "201405": "4.69",
        "201406": "4.55",
        "201407": "4.61",
        "201408": "4.86",
        "201409": "4.75",
        "201410": "4.33",
        "201411": "4.12",
        "201412": "4.02",
        "201501": "4.00",
        "201502": "4.05",
        "201503": "3.88",
        "201504": "2.84",
        "201505": "2.29",
        "201506": "1.96",
        "201507": "1.47",
        "201508": "1.33",
        "201509": "1.36",
        "201510": "1.41",
        "201511": "1.94",
        "201512": "1.65",
        "201601": "1.69",
        "201602": "1.70",
        "201603": "1.86",
        "201604": "1.84",
        "201605": "1.84",
        "201606": "1.78",
        "201607": "1.71",
        "201608": "1.87",
        "201609": "1.96",
        "201610": "1.79",
        "201611": "2.98",
        "201612": "3.31",
        "201701": "4.00",
        "201702": "4.43",
        "201703": "6.34",
        "201704": "7.25",
        "201705": "6.92",
        "201706": "5.93",
        "201707": "6.29",
        "201708": "6.83",
        "201709": "7.79",
        "201710": "8.54",
        "201711": "9.25",
        "201712": "9.13",
        "201801": "9.82",
        "201802": "9.32",
        "201803": "10.00",
        "201804": "11.52",
        "201805": "11.40",
        "201806": "11.17",
        "201807": "10.10",
        "201808": "10.12",
        "201809": "9.64",
        "201810": "8.57",
        "201811": "7.63",
        "201812": "7.67",
        "201901": "8.21",
        "201902": "9.13",
        "201903": "9.11",
        "201904": "9.16",
        "201905": "9.25",
        "201906": "9.31",
        "201907": "9.22",
        "201908": "9.15",
        "201909": "9.20",
        "201910": "9.22",
        "201911": "9.19",
        "201912": "9.20",
        "202001": "9.96",
        "202002": "9.31",
        "202003": "9.09",
        "202004": "9.52",
        "202005": "9.46",
        "202006": "9.38",
        "202007": "9.25",
        "202008": "9.34",
        "202009": "10.12",
        "202010": "10.17",
        "202011": "13.76",
        "202012": "20.87",
        "202101": "22.39",
        "202102": "22.38",
        "202103": "24.40",
        "202104": "34.43",
        "202105": "32.63",
        "202106": "49.16",
        "202107": "53.54",
        "202108": "47.65",
        "202109": "42.75",
        "202110": "36.92",
        "202111": "39.51",
        "202112": "44.12",
        "202201": "38.61",
        "202202": "39.24",
        "202203": "41.16",
        "202204": "41.56",
        "202205": "33.71",
        "202206": "29.40",
        "202207": "22.06",
        "202208": "25.56",
        "202209": "25.03",
        "202210": "23.20",
        "202211": "23.80",
        "202212": "26.95",
        "202301": "28.53",
        "202302": "29.18",
        "202303": "28.25",
        "202304": "26.99",
        "202305": "25.92"
    },
    "quarters": {
        "20011": {
            "year_quarter": 20011,
            "year": 2001,
            "quarter": 1,
            "eps": -0.12,
            "eps_growth_year": null,
            "eps_4q": -1.35,
            "eps_4q_growth_year": null,
            "roe": -1.23,
            "roe_4q": -1.23,
            "gross_profit": 72766,
            "gross_margin": 7.82,
            "gross_margin_4q_avg": 7.82,
            "net_income": -48275,
            "revenue": 930053,
            "common_shares": 4026892,
            "book_valuer_per_share": 9.7,
            "book_valuer_per_share_4q_avg": 9.7,
            "equity": 3904502,
            "current_ratio": 92.11,
            "debt_ratio": 58.8,
            "inventory_turnover_ratio": 0.22,
            "account_receivable_turnover_ratio": null,
            "reinvestment_rate": null,
            "research_to_sale_ratio": null,
            "price_fair": 0,
            "eps_avg_yearly": 0,
            "eps_latest_yearly": 0,
            "eps_growth_yearly": 0
        },
        "20012": {
            "year_quarter": 20012,
            "year": 2001,
            "quarter": 2,
            "eps": -0.15,
            "eps_growth_year": null,
            "eps_4q": -1.08,
            "eps_4q_growth_year": null,
            "roe": -1.54,
            "roe_4q": -2.77,
            "gross_profit": 80666,
            "gross_margin": 8.05,
            "gross_margin_4q_avg": 7.94,
            "net_income": -59661,
            "revenue": 1002603,
            "common_shares": 4026892,
            "book_valuer_per_share": 9.55,
            "book_valuer_per_share_4q_avg": 9.63,
            "equity": 3844842,
            "current_ratio": 91.66,
            "debt_ratio": 58.99,
            "inventory_turnover_ratio": 0.24,
            "account_receivable_turnover_ratio": null,
            "reinvestment_rate": null,
            "research_to_sale_ratio": null,
            "price_fair": 0,
            "eps_avg_yearly": 0,
            "eps_latest_yearly": 0,
            "eps_growth_yearly": 0
        },
        "20013": {
            "year_quarter": 20013,
            "year": 2001,
            "quarter": 3,
            "eps": -0.33,
            "eps_growth_year": null,
            "eps_4q": -0.9,
            "eps_4q_growth_year": null,
            "roe": -3.47,
            "roe_4q": -6.24,
            "gross_profit": -6619,
            "gross_margin": -0.73,
            "gross_margin_4q_avg": 5.05,
            "net_income": -131311,
            "revenue": 903492,
            "common_shares": 4026892,
            "book_valuer_per_share": 9.22,
            "book_valuer_per_share_4q_avg": 9.49,
            "equity": 3713530,
            "current_ratio": 95.37,
            "debt_ratio": 59.86,
            "inventory_turnover_ratio": 0.24,
            "account_receivable_turnover_ratio": null,
            "reinvestment_rate": null,
            "research_to_sale_ratio": null,
            "price_fair": 0,
            "eps_avg_yearly": 0,
            "eps_latest_yearly": 0,
            "eps_growth_yearly": 0
        },
        "20014": {
            "year_quarter": 20014,
            "year": 2001,
            "quarter": 4,
            "eps": -0.36,
            "eps_growth_year": null,
            "eps_4q": -0.95,
            "eps_4q_growth_year": null,
            "roe": -3.95,
            "roe_4q": -10.190000000000001,
            "gross_profit": -1128,
            "gross_margin": -0.13,
            "gross_margin_4q_avg": 3.75,
            "net_income": -143666,
            "revenue": 843094,
            "common_shares": 4026892,
            "book_valuer_per_share": 8.86,
            "book_valuer_per_share_4q_avg": 9.33,
            "equity": 3566334,
            "current_ratio": 90.73,
            "debt_ratio": 60.8,
            "inventory_turnover_ratio": 0.22,
            "account_receivable_turnover_ratio": null,
            "reinvestment_rate": null,
            "research_to_sale_ratio": null,
            "price_fair": 0,
            "eps_avg_yearly": 0,
            "eps_latest_yearly": 0,
            "eps_growth_yearly": 0
        },
        "20021": {
            "year_quarter": 20021,
            "year": 2002,
            "quarter": 1,
            "eps": -0.24,
            "eps_growth_year": null,
            "eps_4q": -1.15,
            "eps_4q_growth_year": null,
            "roe": -2.5,
            "roe_4q": -11.46,
            "gross_profit": 42165,
            "gross_margin": 4.51,
            "gross_margin_4q_avg": 2.93,
            "net_income": -88170,
            "revenue": 935422,
            "common_shares": 4026892,
            "book_valuer_per_share": 8.64,
            "book_valuer_per_share_4q_avg": 9.07,
            "equity": 3478164,
            "current_ratio": 97.41,
            "debt_ratio": 62.87,
            "inventory_turnover_ratio": 0.22,
            "account_receivable_turnover_ratio": null,
            "reinvestment_rate": null,
            "research_to_sale_ratio": null,
            "price_fair": 0,
            "eps_avg_yearly": 0,
            "eps_latest_yearly": 0,
            "eps_growth_yearly": 0
        },
        "20022": {
            "year_quarter": 20022,
            "year": 2002,
            "quarter": 2,
            "eps": -0.06,
            "eps_growth_year": null,
            "eps_4q": -0.95,
            "eps_4q_growth_year": null,
            "roe": -0.6,
            "roe_4q": -10.520000000000001,
            "gross_profit": 103331,
            "gross_margin": 10.45,
            "gross_margin_4q_avg": 3.53,
            "net_income": -20903,
            "revenue": 988928,
            "common_shares": 4026892,
            "book_valuer_per_share": 8.59,
            "book_valuer_per_share_4q_avg": 8.83,
            "equity": 3457261,
            "current_ratio": 102.06,
            "debt_ratio": 63.64,
            "inventory_turnover_ratio": 0.21,
            "account_receivable_turnover_ratio": null,
            "reinvestment_rate": null,
            "research_to_sale_ratio": null,
            "price_fair": 0,
            "eps_avg_yearly": 0,
            "eps_latest_yearly": 0,
            "eps_growth_yearly": 0
        },
        "20023": {
            "year_quarter": 20023,
            "year": 2002,
            "quarter": 3,
            "eps": -0.2,
            "eps_growth_year": null,
            "eps_4q": -0.81,
            "eps_4q_growth_year": null,
            "roe": -2.11,
            "roe_4q": -9.16,
            "gross_profit": 71041,
            "gross_margin": 7.36,
            "gross_margin_4q_avg": 5.55,
            "net_income": -72131,
            "revenue": 964942,
            "common_shares": 4026892,
            "book_valuer_per_share": 8.41,
            "book_valuer_per_share_4q_avg": 8.63,
            "equity": 3385130,
            "current_ratio": 100.66,
            "debt_ratio": 64.57,
            "inventory_turnover_ratio": 0.21,
            "account_receivable_turnover_ratio": null,
            "reinvestment_rate": null,
            "research_to_sale_ratio": null,
            "price_fair": 0,
            "eps_avg_yearly": 0,
            "eps_latest_yearly": 0,
            "eps_growth_yearly": 0
        },
        "20024": {
            "year_quarter": 20024,
            "year": 2002,
            "quarter": 4,
            "eps": -3.09,
            "eps_growth_year": null,
            "eps_4q": -3.58,
            "eps_4q_growth_year": null,
            "roe": -40.47,
            "roe_4q": -45.68,
            "gross_profit": 144202,
            "gross_margin": 11.52,
            "gross_margin_4q_avg": 8.46,
            "net_income": -1139969,
            "revenue": 1252286,
            "common_shares": 4026892,
            "book_valuer_per_share": 5.58,
            "book_valuer_per_share_4q_avg": 7.81,
            "equity": 2247923,
            "current_ratio": 79.93,
            "debt_ratio": 73.05,
            "inventory_turnover_ratio": 0.3,
            "account_receivable_turnover_ratio": null,
            "reinvestment_rate": null,
            "research_to_sale_ratio": null,
            "price_fair": 0,
            "eps_avg_yearly": 0,
            "eps_latest_yearly": 0,
            "eps_growth_yearly": 0
        },
        "20031": {
            "year_quarter": 20031,
            "year": 2003,
            "quarter": 1,
            "eps": 0.24,
            "eps_growth_year": null,
            "eps_4q": -3.04,
            "eps_4q_growth_year": null,
            "roe": 3.93,
            "roe_4q": -39.25,
            "gross_profit": 168317,
            "gross_margin": 12.63,
            "gross_margin_4q_avg": 10.49,
            "net_income": 90185,
            "revenue": 1333043,
            "common_shares": 4026892,
            "book_valuer_per_share": 5.81,
            "book_valuer_per_share_4q_avg": 7.1,
            "equity": 2338108,
            "current_ratio": 83.54,
            "debt_ratio": 72.8,
            "inventory_turnover_ratio": 0.35,
            "account_receivable_turnover_ratio": null,
            "reinvestment_rate": null,
            "research_to_sale_ratio": null,
            "price_fair": 0,
            "eps_avg_yearly": 0,
            "eps_latest_yearly": 0,
            "eps_growth_yearly": 0
        },
        "20032": {
            "year_quarter": 20032,
            "year": 2003,
            "quarter": 2,
            "eps": 0.07,
            "eps_growth_year": null,
            "eps_4q": -2.9,
            "eps_4q_growth_year": null,
            "roe": 1.12,
            "roe_4q": -37.53,
            "gross_profit": 129104,
            "gross_margin": 8.41,
            "gross_margin_4q_avg": 9.98,
            "net_income": 26444,
            "revenue": 1534654,
            "common_shares": 4026892,
            "book_valuer_per_share": 5.87,
            "book_valuer_per_share_4q_avg": 6.42,
            "equity": 2364552,
            "current_ratio": 84.46,
            "debt_ratio": 71.91,
            "inventory_turnover_ratio": 0.41,
            "account_receivable_turnover_ratio": null,
            "reinvestment_rate": null,
            "research_to_sale_ratio": null,
            "price_fair": 0.84,
            "eps_avg_yearly": 0.28,
            "eps_latest_yearly": 0.28,
            "eps_growth_yearly": -283.33
        },
        "20033": {
            "year_quarter": 20033,
            "year": 2003,
            "quarter": 3,
            "eps": 0.02,
            "eps_growth_year": null,
            "eps_4q": -2.62,
            "eps_4q_growth_year": null,
            "roe": 0.33,
            "roe_4q": -35.089999999999996,
            "gross_profit": 90347,
            "gross_margin": 6.92,
            "gross_margin_4q_avg": 9.87,
            "net_income": 7763,
            "revenue": 1305805,
            "common_shares": 4026892,
            "book_valuer_per_share": 5.89,
            "book_valuer_per_share_4q_avg": 5.79,
            "equity": 2372315,
            "current_ratio": 84.68,
            "debt_ratio": 72.31,
            "inventory_turnover_ratio": 0.36,
            "account_receivable_turnover_ratio": null,
            "reinvestment_rate": null,
            "research_to_sale_ratio": null,
            "price_fair": 0.54,
            "eps_avg_yearly": 0.18,
            "eps_latest_yearly": 0.08,
            "eps_growth_yearly": -284.52
        },
        "20034": {
            "year_quarter": 20034,
            "year": 2003,
            "quarter": 4,
            "eps": 0.25,
            "eps_growth_year": null,
            "eps_4q": 0.75,
            "eps_4q_growth_year": null,
            "roe": 2.58,
            "roe_4q": 7.960000000000001,
            "gross_profit": 169066,
            "gross_margin": 8.8,
            "gross_margin_4q_avg": 9.19,
            "net_income": 62104,
            "revenue": 1921225,
            "common_shares": 2650000,
            "book_valuer_per_share": 9.18,
            "book_valuer_per_share_4q_avg": 6.69,
            "equity": 2433107,
            "current_ratio": 55.72,
            "debt_ratio": 71.98,
            "inventory_turnover_ratio": 0.66,
            "account_receivable_turnover_ratio": null,
            "reinvestment_rate": null,
            "research_to_sale_ratio": null,
            "price_fair": 15.87,
            "eps_avg_yearly": 0.45,
            "eps_latest_yearly": 1,
            "eps_growth_yearly": 1343.65
        },
        "20041": {
            "year_quarter": 20041,
            "year": 2004,
            "quarter": 1,
            "eps": 0.24,
            "eps_growth_year": 0,
            "eps_4q": 0.62,
            "eps_4q_growth_year": null,
            "roe": 2.44,
            "roe_4q": 6.47,
            "gross_profit": 133875,
            "gross_margin": 6.98,
            "gross_margin_4q_avg": 7.78,
            "net_income": 60153,
            "revenue": 1918707,
            "common_shares": 2650000,
            "book_valuer_per_share": 9.41,
            "book_valuer_per_share_4q_avg": 7.59,
            "equity": 2493260,
            "current_ratio": 60.11,
            "debt_ratio": 72.68,
            "inventory_turnover_ratio": 0.84,
            "account_receivable_turnover_ratio": null,
            "reinvestment_rate": null,
            "research_to_sale_ratio": null,
            "price_fair": 20.3,
            "eps_avg_yearly": 0.58,
            "eps_latest_yearly": 0.96,
            "eps_growth_yearly": 1003.74
        },
        "20042": {
            "year_quarter": 20042,
            "year": 2004,
            "quarter": 2,
            "eps": 0.43,
            "eps_growth_year": 514.29,
            "eps_4q": 0.95,
            "eps_4q_growth_year": null,
            "roe": 4.22,
            "roe_4q": 9.57,
            "gross_profit": 209507,
            "gross_margin": 10.24,
            "gross_margin_4q_avg": 8.24,
            "net_income": 107431,
            "revenue": 2045649,
            "common_shares": 2650000,
            "book_valuer_per_share": 9.81,
            "book_valuer_per_share_4q_avg": 8.57,
            "equity": 2600691,
            "current_ratio": 64.81,
            "debt_ratio": 71.31,
            "inventory_turnover_ratio": 0.76,
            "account_receivable_turnover_ratio": null,
            "reinvestment_rate": null,
            "research_to_sale_ratio": null,
            "price_fair": 28.28,
            "eps_avg_yearly": 0.81,
            "eps_latest_yearly": 1.72,
            "eps_growth_yearly": 866.32
        },
        "20043": {
            "year_quarter": 20043,
            "year": 2004,
            "quarter": 3,
            "eps": 0.4,
            "eps_growth_year": 1900,
            "eps_4q": 1.33,
            "eps_4q_growth_year": null,
            "roe": 3.73,
            "roe_4q": 12.969999999999999,
            "gross_profit": 227768,
            "gross_margin": 12.04,
            "gross_margin_4q_avg": 9.52,
            "net_income": 98829,
            "revenue": 1892315,
            "common_shares": 2650000,
            "book_valuer_per_share": 10.19,
            "book_valuer_per_share_4q_avg": 9.65,
            "equity": 2699520,
            "current_ratio": 69.07,
            "debt_ratio": 71.28,
            "inventory_turnover_ratio": 0.63,
            "account_receivable_turnover_ratio": null,
            "reinvestment_rate": null,
            "research_to_sale_ratio": null,
            "price_fair": 32.9,
            "eps_avg_yearly": 0.94,
            "eps_latest_yearly": 1.6,
            "eps_growth_yearly": 717.29
        },
        "20044": {
            "year_quarter": 20044,
            "year": 2004,
            "quarter": 4,
            "eps": -3.38,
            "eps_growth_year": -1452,
            "eps_4q": -2.31,
            "eps_4q_growth_year": -407.7,
            "roe": -36.88,
            "roe_4q": -26.490000000000006,
            "gross_profit": 188156,
            "gross_margin": 9.48,
            "gross_margin_4q_avg": 9.69,
            "net_income": -840208,
            "revenue": 1984684,
            "common_shares": 2650000,
            "book_valuer_per_share": 7.01,
            "book_valuer_per_share_4q_avg": 9.11,
            "equity": 1856464,
            "current_ratio": 71.58,
            "debt_ratio": 78.3,
            "inventory_turnover_ratio": 0.62,
            "account_receivable_turnover_ratio": null,
            "reinvestment_rate": null,
            "research_to_sale_ratio": null,
            "price_fair": 32.9,
            "eps_avg_yearly": 0.94,
            "eps_latest_yearly": 1.6,
            "eps_growth_yearly": 717.29
        },
        "20051": {
            "year_quarter": 20051,
            "year": 2005,
            "quarter": 1,
            "eps": 0.01,
            "eps_growth_year": -95.83,
            "eps_4q": -1.85,
            "eps_4q_growth_year": -395.94,
            "roe": 0.18,
            "roe_4q": -28.750000000000007,
            "gross_profit": 105958,
            "gross_margin": 5.66,
            "gross_margin_4q_avg": 9.36,
            "net_income": 3413,
            "revenue": 1871922,
            "common_shares": 2650000,
            "book_valuer_per_share": 7.02,
            "book_valuer_per_share_4q_avg": 8.51,
            "equity": 1859877,
            "current_ratio": 69.97,
            "debt_ratio": 77.13,
            "inventory_turnover_ratio": 0.65,
            "account_receivable_turnover_ratio": null,
            "reinvestment_rate": null,
            "research_to_sale_ratio": null,
            "price_fair": 32.9,
            "eps_avg_yearly": 0.94,
            "eps_latest_yearly": 1.6,
            "eps_growth_yearly": 717.29
        },
        "20052": {
            "year_quarter": 20052,
            "year": 2005,
            "quarter": 2,
            "eps": -0.03,
            "eps_growth_year": -106.98,
            "eps_4q": -2.81,
            "eps_4q_growth_year": -395.65,
            "roe": -0.36,
            "roe_4q": -33.330000000000005,
            "gross_profit": 99232,
            "gross_margin": 5.76,
            "gross_margin_4q_avg": 8.24,
            "net_income": -6661,
            "revenue": 1721400,
            "common_shares": 2650000,
            "book_valuer_per_share": 6.99,
            "book_valuer_per_share_4q_avg": 7.8,
            "equity": 1853216,
            "current_ratio": 70.54,
            "debt_ratio": 77.36,
            "inventory_turnover_ratio": 0.63,
            "account_receivable_turnover_ratio": null,
            "reinvestment_rate": null,
            "research_to_sale_ratio": null,
            "price_fair": 32.9,
            "eps_avg_yearly": 0.94,
            "eps_latest_yearly": 1.6,
            "eps_growth_yearly": 717.29
        },
        "20053": {
            "year_quarter": 20053,
            "year": 2005,
            "quarter": 3,
            "eps": -0.32,
            "eps_growth_year": -180,
            "eps_4q": -3.49,
            "eps_4q_growth_year": -362.47,
            "roe": -4.49,
            "roe_4q": -41.550000000000004,
            "gross_profit": 15310,
            "gross_margin": 0.74,
            "gross_margin_4q_avg": 5.41,
            "net_income": -81355,
            "revenue": 2081560,
            "common_shares": 2650000,
            "book_valuer_per_share": 6.69,
            "book_valuer_per_share_4q_avg": 6.93,
            "equity": 1771861,
            "current_ratio": 70.84,
            "debt_ratio": 78.76,
            "inventory_turnover_ratio": 0.89,
            "account_receivable_turnover_ratio": null,
            "reinvestment_rate": null,
            "research_to_sale_ratio": null,
            "price_fair": 32.9,
            "eps_avg_yearly": 0.94,
            "eps_latest_yearly": 1.6,
            "eps_growth_yearly": 717.29
        },
        "20054": {
            "year_quarter": 20054,
            "year": 2005,
            "quarter": 4,
            "eps": -0.74,
            "eps_growth_year": null,
            "eps_4q": -1.08,
            "eps_4q_growth_year": null,
            "roe": -11.46,
            "roe_4q": -16.130000000000003,
            "gross_profit": 144740,
            "gross_margin": 6.03,
            "gross_margin_4q_avg": 4.55,
            "net_income": -191262,
            "revenue": 2400527,
            "common_shares": 2650000,
            "book_valuer_per_share": 5.91,
            "book_valuer_per_share_4q_avg": 6.65,
            "equity": 1567388,
            "current_ratio": 70.85,
            "debt_ratio": 80.05,
            "inventory_turnover_ratio": 1.03,
            "account_receivable_turnover_ratio": null,
            "reinvestment_rate": null,
            "research_to_sale_ratio": null,
            "price_fair": 32.9,
            "eps_avg_yearly": 0.94,
            "eps_latest_yearly": 1.6,
            "eps_growth_yearly": 717.29
        },
        "20061": {
            "year_quarter": 20061,
            "year": 2006,
            "quarter": 1,
            "eps": 0.08,
            "eps_growth_year": 700,
            "eps_4q": -0.99,
            "eps_4q_growth_year": null,
            "roe": 1.32,
            "roe_4q": -14.99,
            "gross_profit": 136986,
            "gross_margin": 6.71,
            "gross_margin_4q_avg": 4.81,
            "net_income": 20969,
            "revenue": 2043008,
            "common_shares": 2650000,
            "book_valuer_per_share": 6.08,
            "book_valuer_per_share_4q_avg": 6.42,
            "equity": 1610261,
            "current_ratio": 72.35,
            "debt_ratio": 78.28,
            "inventory_turnover_ratio": 0.86,
            "account_receivable_turnover_ratio": null,
            "reinvestment_rate": null,
            "research_to_sale_ratio": null,
            "price_fair": 32.9,
            "eps_avg_yearly": 0.94,
            "eps_latest_yearly": 1.6,
            "eps_growth_yearly": 717.29
        },
        "20062": {
            "year_quarter": 20062,
            "year": 2006,
            "quarter": 2,
            "eps": 0.43,
            "eps_growth_year": null,
            "eps_4q": -0.53,
            "eps_4q_growth_year": null,
            "roe": 6.73,
            "roe_4q": -7.9,
            "gross_profit": 221111,
            "gross_margin": 10.04,
            "gross_margin_4q_avg": 5.88,
            "net_income": 112577,
            "revenue": 2203321,
            "common_shares": 2650000,
            "book_valuer_per_share": 6.56,
            "book_valuer_per_share_4q_avg": 6.31,
            "equity": 1737437,
            "current_ratio": 73.13,
            "debt_ratio": 76.86,
            "inventory_turnover_ratio": 0.98,
            "account_receivable_turnover_ratio": null,
            "reinvestment_rate": null,
            "research_to_sale_ratio": null,
            "price_fair": 36.8,
            "eps_avg_yearly": 1.05,
            "eps_latest_yearly": 1.72,
            "eps_growth_yearly": 864.82
        },
        "20063": {
            "year_quarter": 20063,
            "year": 2006,
            "quarter": 3,
            "eps": 0.45,
            "eps_growth_year": null,
            "eps_4q": 0.23,
            "eps_4q_growth_year": null,
            "roe": 6.63,
            "roe_4q": 3.219999999999999,
            "gross_profit": 233100,
            "gross_margin": 9.79,
            "gross_margin_4q_avg": 8.14,
            "net_income": 119027,
            "revenue": 2380101,
            "common_shares": 2650000,
            "book_valuer_per_share": 7,
            "book_valuer_per_share_4q_avg": 6.39,
            "equity": 1855176,
            "current_ratio": 74.66,
            "debt_ratio": 76.02,
            "inventory_turnover_ratio": 1.02,
            "account_receivable_turnover_ratio": null,
            "reinvestment_rate": null,
            "research_to_sale_ratio": null,
            "price_fair": 40.08,
            "eps_avg_yearly": 1.15,
            "eps_latest_yearly": 1.8,
            "eps_growth_yearly": 759.04
        },
        "20064": {
            "year_quarter": 20064,
            "year": 2006,
            "quarter": 4,
            "eps": 0.35,
            "eps_growth_year": null,
            "eps_4q": 1.31,
            "eps_4q_growth_year": null,
            "roe": 4.82,
            "roe_4q": 19.5,
            "gross_profit": 207687,
            "gross_margin": 8.11,
            "gross_margin_4q_avg": 8.66,
            "net_income": 91705,
            "revenue": 2561301,
            "common_shares": 2650000,
            "book_valuer_per_share": 7.36,
            "book_valuer_per_share_4q_avg": 6.75,
            "equity": 1950116,
            "current_ratio": 70.99,
            "debt_ratio": 73.1,
            "inventory_turnover_ratio": 1.2,
            "account_receivable_turnover_ratio": null,
            "reinvestment_rate": null,
            "research_to_sale_ratio": null,
            "price_fair": 41.07,
            "eps_avg_yearly": 1.17,
            "eps_latest_yearly": 1.4,
            "eps_growth_yearly": 664.83
        },
        "20071": {
            "year_quarter": 20071,
            "year": 2007,
            "quarter": 1,
            "eps": 0.34,
            "eps_growth_year": 325,
            "eps_4q": 1.58,
            "eps_4q_growth_year": null,
            "roe": 4.46,
            "roe_4q": 22.64,
            "gross_profit": 209956,
            "gross_margin": 8.41,
            "gross_margin_4q_avg": 9.09,
            "net_income": 88858,
            "revenue": 2497055,
            "common_shares": 2650000,
            "book_valuer_per_share": 7.69,
            "book_valuer_per_share_4q_avg": 7.15,
            "equity": 2038345,
            "current_ratio": 71.29,
            "debt_ratio": 71.96,
            "inventory_turnover_ratio": 1.3,
            "account_receivable_turnover_ratio": null,
            "reinvestment_rate": null,
            "research_to_sale_ratio": null,
            "price_fair": 41.72,
            "eps_avg_yearly": 1.19,
            "eps_latest_yearly": 1.36,
            "eps_growth_yearly": 597.2
        },
        "20072": {
            "year_quarter": 20072,
            "year": 2007,
            "quarter": 2,
            "eps": 0.44,
            "eps_growth_year": 2.33,
            "eps_4q": 1.58,
            "eps_4q_growth_year": null,
            "roe": 5.51,
            "roe_4q": 21.419999999999998,
            "gross_profit": 279263,
            "gross_margin": 9.78,
            "gross_margin_4q_avg": 9.02,
            "net_income": 115440,
            "revenue": 2856269,
            "common_shares": 2650000,
            "book_valuer_per_share": 8.13,
            "book_valuer_per_share_4q_avg": 7.55,
            "equity": 2153785,
            "current_ratio": 71.23,
            "debt_ratio": 69.8,
            "inventory_turnover_ratio": 1.41,
            "account_receivable_turnover_ratio": null,
            "reinvestment_rate": null,
            "research_to_sale_ratio": null,
            "price_fair": 46.9,
            "eps_avg_yearly": 1.34,
            "eps_latest_yearly": 1.76,
            "eps_growth_yearly": 637.3
        },
        "20073": {
            "year_quarter": 20073,
            "year": 2007,
            "quarter": 3,
            "eps": 0.07,
            "eps_growth_year": -84.44,
            "eps_4q": 1.22,
            "eps_4q_growth_year": 426.7,
            "roe": 0.83,
            "roe_4q": 15.620000000000001,
            "gross_profit": 125910,
            "gross_margin": 6.75,
            "gross_margin_4q_avg": 8.26,
            "net_income": 18004,
            "revenue": 1864961,
            "common_shares": 2650000,
            "book_valuer_per_share": 8.2,
            "book_valuer_per_share_4q_avg": 7.85,
            "equity": 2171789,
            "current_ratio": 74.45,
            "debt_ratio": 72.12,
            "inventory_turnover_ratio": 0.84,
            "account_receivable_turnover_ratio": null,
            "reinvestment_rate": null,
            "research_to_sale_ratio": null,
            "price_fair": 47.6,
            "eps_avg_yearly": 1.36,
            "eps_latest_yearly": 0.28,
            "eps_growth_yearly": 632.23
        },
        "20074": {
            "year_quarter": 20074,
            "year": 2007,
            "quarter": 4,
            "eps": 0.37,
            "eps_growth_year": 5.71,
            "eps_4q": 1.22,
            "eps_4q_growth_year": -7.16,
            "roe": 4.36,
            "roe_4q": 15.16,
            "gross_profit": 314713,
            "gross_margin": 8.47,
            "gross_margin_4q_avg": 8.35,
            "net_income": 96780,
            "revenue": 3714577,
            "common_shares": 2650000,
            "book_valuer_per_share": 8.55,
            "book_valuer_per_share_4q_avg": 8.14,
            "equity": 2266205,
            "current_ratio": 77.88,
            "debt_ratio": 72.15,
            "inventory_turnover_ratio": 1.5,
            "account_receivable_turnover_ratio": null,
            "reinvestment_rate": null,
            "research_to_sale_ratio": null,
            "price_fair": 49.28,
            "eps_avg_yearly": 1.41,
            "eps_latest_yearly": 1.48,
            "eps_growth_yearly": 343.66
        },
        "20081": {
            "year_quarter": 20081,
            "year": 2008,
            "quarter": 1,
            "eps": 0.76,
            "eps_growth_year": 123.53,
            "eps_4q": 1.64,
            "eps_4q_growth_year": 3.73,
            "roe": 8.44,
            "roe_4q": 19.14,
            "gross_profit": 507957,
            "gross_margin": 10.82,
            "gross_margin_4q_avg": 8.96,
            "net_income": 199698,
            "revenue": 4696036,
            "common_shares": 2650000,
            "book_valuer_per_share": 9.3,
            "book_valuer_per_share_4q_avg": 8.55,
            "equity": 2465831,
            "current_ratio": 78.4,
            "debt_ratio": 68.31,
            "inventory_turnover_ratio": 2.28,
            "account_receivable_turnover_ratio": null,
            "reinvestment_rate": null,
            "research_to_sale_ratio": null,
            "price_fair": 56.56,
            "eps_avg_yearly": 1.62,
            "eps_latest_yearly": 3.04,
            "eps_growth_yearly": 387.42
        },
        "20082": {
            "year_quarter": 20082,
            "year": 2008,
            "quarter": 2,
            "eps": 0.89,
            "eps_growth_year": 102.27,
            "eps_4q": 2.08,
            "eps_4q_growth_year": 31.51,
            "roe": 9.09,
            "roe_4q": 22.72,
            "gross_profit": 406158,
            "gross_margin": 9.17,
            "gross_margin_4q_avg": 8.8,
            "net_income": 234913,
            "revenue": 4429368,
            "common_shares": 2650000,
            "book_valuer_per_share": 10.19,
            "book_valuer_per_share_4q_avg": 9.06,
            "equity": 2700529,
            "current_ratio": 83.35,
            "debt_ratio": 66.93,
            "inventory_turnover_ratio": 2.42,
            "account_receivable_turnover_ratio": null,
            "reinvestment_rate": -287.72,
            "research_to_sale_ratio": null,
            "price_fair": 63,
            "eps_avg_yearly": 1.8,
            "eps_latest_yearly": 3.56,
            "eps_growth_yearly": 362.6
        },
        "20083": {
            "year_quarter": 20083,
            "year": 2008,
            "quarter": 3,
            "eps": 0,
            "eps_growth_year": -100,
            "eps_4q": 2,
            "eps_4q_growth_year": 63.96,
            "roe": -0.03,
            "roe_4q": 21.86,
            "gross_profit": 205166,
            "gross_margin": 6.37,
            "gross_margin_4q_avg": 8.71,
            "net_income": -926,
            "revenue": 3221222,
            "common_shares": 2650000,
            "book_valuer_per_share": 10.19,
            "book_valuer_per_share_4q_avg": 9.56,
            "equity": 2699899,
            "current_ratio": 86.22,
            "debt_ratio": 72.85,
            "inventory_turnover_ratio": 1.04,
            "account_receivable_turnover_ratio": null,
            "reinvestment_rate": null,
            "research_to_sale_ratio": null,
            "price_fair": 63.78,
            "eps_avg_yearly": 1.82,
            "eps_latest_yearly": 3.56,
            "eps_growth_yearly": 405.99
        },
        "20084": {
            "year_quarter": 20084,
            "year": 2008,
            "quarter": 4,
            "eps": -3.92,
            "eps_growth_year": -1159.46,
            "eps_4q": -2.27,
            "eps_4q_growth_year": -286.08,
            "roe": -47.48,
            "roe_4q": -29.980000000000004,
            "gross_profit": -1262095,
            "gross_margin": -47.19,
            "gross_margin_4q_avg": -5.21,
            "net_income": -1030123,
            "revenue": 2674674,
            "common_shares": 2650000,
            "book_valuer_per_share": 6.18,
            "book_valuer_per_share_4q_avg": 8.97,
            "equity": 1639447,
            "current_ratio": 56.05,
            "debt_ratio": 76.42,
            "inventory_turnover_ratio": 1.57,
            "account_receivable_turnover_ratio": 19.45,
            "reinvestment_rate": null,
            "research_to_sale_ratio": null,
            "price_fair": 63.78,
            "eps_avg_yearly": 1.82,
            "eps_latest_yearly": 3.56,
            "eps_growth_yearly": 405.99
        },
        "20091": {
            "year_quarter": 20091,
            "year": 2009,
            "quarter": 1,
            "eps": 0.03,
            "eps_growth_year": -96.05,
            "eps_4q": -2.65,
            "eps_4q_growth_year": -261.7,
            "roe": 0.54,
            "roe_4q": -37.879999999999995,
            "gross_profit": 51850,
            "gross_margin": 5.26,
            "gross_margin_4q_avg": -6.6,
            "net_income": 8927,
            "revenue": 985992,
            "common_shares": 2650000,
            "book_valuer_per_share": 6.22,
            "book_valuer_per_share_4q_avg": 8.2,
            "equity": 1648375,
            "current_ratio": 51.71,
            "debt_ratio": 75.16,
            "inventory_turnover_ratio": 0.85,
            "account_receivable_turnover_ratio": 7.17,
            "reinvestment_rate": null,
            "research_to_sale_ratio": null,
            "price_fair": 63.78,
            "eps_avg_yearly": 1.82,
            "eps_latest_yearly": 3.56,
            "eps_growth_yearly": 405.99
        },
        "20092": {
            "year_quarter": 20092,
            "year": 2009,
            "quarter": 2,
            "eps": 0.43,
            "eps_growth_year": -51.69,
            "eps_4q": -3.54,
            "eps_4q_growth_year": -270.23,
            "roe": 6.49,
            "roe_4q": -40.48,
            "gross_profit": 116562,
            "gross_margin": 8.16,
            "gross_margin_4q_avg": -6.85,
            "net_income": 110634,
            "revenue": 1428832,
            "common_shares": 2650000,
            "book_valuer_per_share": 6.64,
            "book_valuer_per_share_4q_avg": 7.31,
            "equity": 1759008,
            "current_ratio": 46.03,
            "debt_ratio": 73.28,
            "inventory_turnover_ratio": 1.42,
            "account_receivable_turnover_ratio": 3.85,
            "reinvestment_rate": null,
            "research_to_sale_ratio": null,
            "price_fair": 63.42,
            "eps_avg_yearly": 1.81,
            "eps_latest_yearly": 1.72,
            "eps_growth_yearly": 898.72
        },
        "20093": {
            "year_quarter": 20093,
            "year": 2009,
            "quarter": 3,
            "eps": 0.17,
            "eps_growth_year": null,
            "eps_4q": -3.27,
            "eps_4q_growth_year": -263.18,
            "roe": 2.5,
            "roe_4q": -37.949999999999996,
            "gross_profit": 142505,
            "gross_margin": 8.53,
            "gross_margin_4q_avg": -6.31,
            "net_income": 45043,
            "revenue": 1669701,
            "common_shares": 2650000,
            "book_valuer_per_share": 6.96,
            "book_valuer_per_share_4q_avg": 6.5,
            "equity": 1843988,
            "current_ratio": 46.04,
            "debt_ratio": 72.15,
            "inventory_turnover_ratio": 1.73,
            "account_receivable_turnover_ratio": 4,
            "reinvestment_rate": 361.29,
            "research_to_sale_ratio": null,
            "price_fair": 59.82,
            "eps_avg_yearly": 1.71,
            "eps_latest_yearly": 0.68,
            "eps_growth_yearly": 795.03
        },
        "20094": {
            "year_quarter": 20094,
            "year": 2009,
            "quarter": 4,
            "eps": 0.47,
            "eps_growth_year": null,
            "eps_4q": 1.08,
            "eps_4q_growth_year": null,
            "roe": 6.34,
            "roe_4q": 15.870000000000001,
            "gross_profit": 264416,
            "gross_margin": 16.47,
            "gross_margin_4q_avg": 9.61,
            "net_income": 120970,
            "revenue": 1605301,
            "common_shares": 2650000,
            "book_valuer_per_share": 7.44,
            "book_valuer_per_share_4q_avg": 6.82,
            "equity": 1971679,
            "current_ratio": 47.04,
            "debt_ratio": 69.55,
            "inventory_turnover_ratio": 1.42,
            "account_receivable_turnover_ratio": 6.33,
            "reinvestment_rate": 78.63,
            "research_to_sale_ratio": null,
            "price_fair": 60.32,
            "eps_avg_yearly": 1.72,
            "eps_latest_yearly": 1.88,
            "eps_growth_yearly": 787.6
        },
        "20101": {
            "year_quarter": 20101,
            "year": 2010,
            "quarter": 1,
            "eps": 0,
            "eps_growth_year": -100,
            "eps_4q": 1.03,
            "eps_4q_growth_year": null,
            "roe": -0.14,
            "roe_4q": 15.19,
            "gross_profit": 79307,
            "gross_margin": 5.32,
            "gross_margin_4q_avg": 9.62,
            "net_income": -2778,
            "revenue": 1490448,
            "common_shares": 2650000,
            "book_valuer_per_share": 7.43,
            "book_valuer_per_share_4q_avg": 7.12,
            "equity": 1968901,
            "current_ratio": 43.89,
            "debt_ratio": 68.62,
            "inventory_turnover_ratio": 1.54,
            "account_receivable_turnover_ratio": 3.36,
            "reinvestment_rate": 94.35,
            "research_to_sale_ratio": null,
            "price_fair": 60.32,
            "eps_avg_yearly": 1.72,
            "eps_latest_yearly": 1.88,
            "eps_growth_yearly": 787.6
        },
        "20102": {
            "year_quarter": 20102,
            "year": 2010,
            "quarter": 2,
            "eps": 0.99,
            "eps_growth_year": 129.39,
            "eps_4q": 1.6,
            "eps_4q_growth_year": null,
            "roe": 12.45,
            "roe_4q": 21.15,
            "gross_profit": 70260,
            "gross_margin": 4.07,
            "gross_margin_4q_avg": 8.6,
            "net_income": 261391,
            "revenue": 1727064,
            "common_shares": 2650000,
            "book_valuer_per_share": 8.42,
            "book_valuer_per_share_4q_avg": 7.56,
            "equity": 2230292,
            "current_ratio": 45.82,
            "debt_ratio": 67.45,
            "inventory_turnover_ratio": 1.69,
            "account_receivable_turnover_ratio": 5.1,
            "reinvestment_rate": 48.31,
            "research_to_sale_ratio": null,
            "price_fair": 60.33,
            "eps_avg_yearly": 1.72,
            "eps_latest_yearly": 1.88,
            "eps_growth_yearly": 700.11
        },
        "20103": {
            "year_quarter": 20103,
            "year": 2010,
            "quarter": 3,
            "eps": -0.2,
            "eps_growth_year": -214.9,
            "eps_4q": 1.24,
            "eps_4q_growth_year": null,
            "roe": -2.35,
            "roe_4q": 16.299999999999997,
            "gross_profit": 35838,
            "gross_margin": 1.96,
            "gross_margin_4q_avg": 6.96,
            "net_income": -51761,
            "revenue": 1829072,
            "common_shares": 2650000,
            "book_valuer_per_share": 8.22,
            "book_valuer_per_share_4q_avg": 7.88,
            "equity": 2178531,
            "current_ratio": 46.39,
            "debt_ratio": 68.65,
            "inventory_turnover_ratio": 1.65,
            "account_receivable_turnover_ratio": 4.88,
            "reinvestment_rate": 58.93,
            "research_to_sale_ratio": null,
            "price_fair": 60.06,
            "eps_avg_yearly": 1.72,
            "eps_latest_yearly": 1.88,
            "eps_growth_yearly": 768.26
        },
        "20104": {
            "year_quarter": 20104,
            "year": 2010,
            "quarter": 4,
            "eps": 0.15,
            "eps_growth_year": -68.7,
            "eps_4q": 0.93,
            "eps_4q_growth_year": -13.92,
            "roe": 1.78,
            "roe_4q": 11.739999999999998,
            "gross_profit": 65170,
            "gross_margin": 3.01,
            "gross_margin_4q_avg": 3.59,
            "net_income": 38985,
            "revenue": 2162703,
            "common_shares": 2650000,
            "book_valuer_per_share": 8.35,
            "book_valuer_per_share_4q_avg": 8.11,
            "equity": 2212176,
            "current_ratio": 51.5,
            "debt_ratio": 67.49,
            "inventory_turnover_ratio": 1.83,
            "account_receivable_turnover_ratio": 3.76,
            "reinvestment_rate": 64.83,
            "research_to_sale_ratio": null,
            "price_fair": 61.29,
            "eps_avg_yearly": 1.75,
            "eps_latest_yearly": 1.88,
            "eps_growth_yearly": 863.5
        },
        "20111": {
            "year_quarter": 20111,
            "year": 2011,
            "quarter": 1,
            "eps": 0.14,
            "eps_growth_year": null,
            "eps_4q": 1.08,
            "eps_4q_growth_year": 4.19,
            "roe": 1.65,
            "roe_4q": 13.53,
            "gross_profit": 134449,
            "gross_margin": 4.6,
            "gross_margin_4q_avg": 3.41,
            "net_income": 36731,
            "revenue": 2920283,
            "common_shares": 2650000,
            "book_valuer_per_share": 8.49,
            "book_valuer_per_share_4q_avg": 8.37,
            "equity": 2248907,
            "current_ratio": 52.67,
            "debt_ratio": 67.41,
            "inventory_turnover_ratio": 2.26,
            "account_receivable_turnover_ratio": 4.91,
            "reinvestment_rate": 79.81,
            "research_to_sale_ratio": null,
            "price_fair": 58.18,
            "eps_avg_yearly": 1.66,
            "eps_latest_yearly": 0.56,
            "eps_growth_yearly": 861.81
        },
        "20112": {
            "year_quarter": 20112,
            "year": 2011,
            "quarter": 2,
            "eps": 0.25,
            "eps_growth_year": -74.46,
            "eps_4q": 0.34,
            "eps_4q_growth_year": -78.64,
            "roe": 2.92,
            "roe_4q": 4,
            "gross_profit": 132570,
            "gross_margin": 4.71,
            "gross_margin_4q_avg": 3.57,
            "net_income": 66756,
            "revenue": 2815678,
            "common_shares": 2650000,
            "book_valuer_per_share": 8.74,
            "book_valuer_per_share_4q_avg": 8.45,
            "equity": 2315663,
            "current_ratio": 53.21,
            "debt_ratio": 66.48,
            "inventory_turnover_ratio": 2.01,
            "account_receivable_turnover_ratio": 5.62,
            "reinvestment_rate": 98.78,
            "research_to_sale_ratio": null,
            "price_fair": 55.22,
            "eps_avg_yearly": 1.58,
            "eps_latest_yearly": 1,
            "eps_growth_yearly": 883.66
        },
        "20113": {
            "year_quarter": 20113,
            "year": 2011,
            "quarter": 3,
            "eps": -0.25,
            "eps_growth_year": null,
            "eps_4q": 0.28,
            "eps_4q_growth_year": -77.02,
            "roe": -2.94,
            "roe_4q": 3.41,
            "gross_profit": 27245,
            "gross_margin": 1.17,
            "gross_margin_4q_avg": 3.37,
            "net_income": -67123,
            "revenue": 2326227,
            "common_shares": 2650000,
            "book_valuer_per_share": 8.49,
            "book_valuer_per_share_4q_avg": 8.52,
            "equity": 2248540,
            "current_ratio": 51.48,
            "debt_ratio": 66.89,
            "inventory_turnover_ratio": 1.62,
            "account_receivable_turnover_ratio": 6.13,
            "reinvestment_rate": -3.76,
            "research_to_sale_ratio": null,
            "price_fair": 60.9,
            "eps_avg_yearly": 1.74,
            "eps_latest_yearly": 1,
            "eps_growth_yearly": 1036.16
        },
        "20114": {
            "year_quarter": 20114,
            "year": 2011,
            "quarter": 4,
            "eps": 0.01,
            "eps_growth_year": -95.45,
            "eps_4q": 0.14,
            "eps_4q_growth_year": -84.49,
            "roe": 0.08,
            "roe_4q": 1.71,
            "gross_profit": 74950,
            "gross_margin": 2.66,
            "gross_margin_4q_avg": 3.29,
            "net_income": 1775,
            "revenue": 2816034,
            "common_shares": 2650000,
            "book_valuer_per_share": 8.46,
            "book_valuer_per_share_4q_avg": 8.55,
            "equity": 2242414,
            "current_ratio": 51.61,
            "debt_ratio": 67.02,
            "inventory_turnover_ratio": 1.87,
            "account_receivable_turnover_ratio": 8.84,
            "reinvestment_rate": null,
            "research_to_sale_ratio": null,
            "price_fair": 62.2,
            "eps_avg_yearly": 1.78,
            "eps_latest_yearly": 1,
            "eps_growth_yearly": 939.29
        },
        "20121": {
            "year_quarter": 20121,
            "year": 2012,
            "quarter": 1,
            "eps": -0.1,
            "eps_growth_year": -171.43,
            "eps_4q": -0.09,
            "eps_4q_growth_year": -108.34,
            "roe": -1.13,
            "roe_4q": -1.0699999999999998,
            "gross_profit": 55914,
            "gross_margin": 1.92,
            "gross_margin_4q_avg": 2.62,
            "net_income": -25220,
            "revenue": 2916942,
            "common_shares": 2650000,
            "book_valuer_per_share": 8.37,
            "book_valuer_per_share_4q_avg": 8.52,
            "equity": 2217194,
            "current_ratio": 51.47,
            "debt_ratio": 67.05,
            "inventory_turnover_ratio": 2.29,
            "account_receivable_turnover_ratio": 5.7,
            "reinvestment_rate": null,
            "research_to_sale_ratio": null,
            "price_fair": 54.83,
            "eps_avg_yearly": 1.57,
            "eps_latest_yearly": 1,
            "eps_growth_yearly": 1025.57
        },
        "20122": {
            "year_quarter": 20122,
            "year": 2012,
            "quarter": 2,
            "eps": -0.16,
            "eps_growth_year": -164.69,
            "eps_4q": -0.5,
            "eps_4q_growth_year": -247.45,
            "roe": -1.97,
            "roe_4q": -5.959999999999999,
            "gross_profit": 14915,
            "gross_margin": 0.68,
            "gross_margin_4q_avg": 1.61,
            "net_income": -43182,
            "revenue": 2187198,
            "common_shares": 2650000,
            "book_valuer_per_share": 8.2,
            "book_valuer_per_share_4q_avg": 8.38,
            "equity": 2174012,
            "current_ratio": 51.68,
            "debt_ratio": 68.12,
            "inventory_turnover_ratio": 1.89,
            "account_receivable_turnover_ratio": 3.5,
            "reinvestment_rate": null,
            "research_to_sale_ratio": null,
            "price_fair": 40.88,
            "eps_avg_yearly": 1.17,
            "eps_latest_yearly": 1,
            "eps_growth_yearly": 1216.99
        },
        "20123": {
            "year_quarter": 20123,
            "year": 2012,
            "quarter": 3,
            "eps": -0.12,
            "eps_growth_year": null,
            "eps_4q": -0.37,
            "eps_4q_growth_year": -230.25,
            "roe": -1.46,
            "roe_4q": -4.4799999999999995,
            "gross_profit": 9153,
            "gross_margin": 0.43,
            "gross_margin_4q_avg": 1.42,
            "net_income": -31514,
            "revenue": 2139117,
            "common_shares": 2650000,
            "book_valuer_per_share": 8.08,
            "book_valuer_per_share_4q_avg": 8.28,
            "equity": 2142498,
            "current_ratio": 48.92,
            "debt_ratio": 67.59,
            "inventory_turnover_ratio": 1.71,
            "account_receivable_turnover_ratio": 3.9,
            "reinvestment_rate": null,
            "research_to_sale_ratio": null,
            "price_fair": 40.88,
            "eps_avg_yearly": 1.17,
            "eps_latest_yearly": 1,
            "eps_growth_yearly": 1216.99
        },
        "20124": {
            "year_quarter": 20124,
            "year": 2012,
            "quarter": 4,
            "eps": 0.2,
            "eps_growth_year": 2818.59,
            "eps_4q": -0.18,
            "eps_4q_growth_year": -226.15,
            "roe": 2.4,
            "roe_4q": -2.16,
            "gross_profit": 11912,
            "gross_margin": 0.43,
            "gross_margin_4q_avg": 0.87,
            "net_income": 51804,
            "revenue": 2787367,
            "common_shares": 2650000,
            "book_valuer_per_share": 8.23,
            "book_valuer_per_share_4q_avg": 8.22,
            "equity": 2181940,
            "current_ratio": 46.68,
            "debt_ratio": 67.34,
            "inventory_turnover_ratio": 2.63,
            "account_receivable_turnover_ratio": 4.89,
            "reinvestment_rate": -18.52,
            "research_to_sale_ratio": null,
            "price_fair": 40.88,
            "eps_avg_yearly": 1.17,
            "eps_latest_yearly": 1,
            "eps_growth_yearly": 1216.99
        },
        "20131": {
            "year_quarter": 20131,
            "year": 2013,
            "quarter": 1,
            "eps": -0.17,
            "eps_growth_year": null,
            "eps_4q": -0.25,
            "eps_4q_growth_year": null,
            "roe": -2.02,
            "roe_4q": -3.05,
            "gross_profit": 44415,
            "gross_margin": 1.92,
            "gross_margin_4q_avg": 0.87,
            "net_income": -44192,
            "revenue": 2317205,
            "common_shares": 2650000,
            "book_valuer_per_share": 8.25,
            "book_valuer_per_share_4q_avg": 8.19,
            "equity": 2185608,
            "current_ratio": 61.93,
            "debt_ratio": 70.51,
            "inventory_turnover_ratio": 1.78,
            "account_receivable_turnover_ratio": 5.26,
            "reinvestment_rate": 52.3,
            "research_to_sale_ratio": null,
            "price_fair": 40.88,
            "eps_avg_yearly": 1.17,
            "eps_latest_yearly": 1,
            "eps_growth_yearly": 1216.99
        },
        "20132": {
            "year_quarter": 20132,
            "year": 2013,
            "quarter": 2,
            "eps": -0.39,
            "eps_growth_year": null,
            "eps_4q": -0.48,
            "eps_4q_growth_year": null,
            "roe": -4.87,
            "roe_4q": -5.95,
            "gross_profit": -10282,
            "gross_margin": -0.34,
            "gross_margin_4q_avg": 0.61,
            "net_income": -103962,
            "revenue": 2981478,
            "common_shares": 2650000,
            "book_valuer_per_share": 7.86,
            "book_valuer_per_share_4q_avg": 8.11,
            "equity": 2081646,
            "current_ratio": 52.18,
            "debt_ratio": 68.51,
            "inventory_turnover_ratio": 1.98,
            "account_receivable_turnover_ratio": 10.84,
            "reinvestment_rate": 126.06,
            "research_to_sale_ratio": null,
            "price_fair": 36.05,
            "eps_avg_yearly": 1.03,
            "eps_latest_yearly": 1,
            "eps_growth_yearly": 187.91
        },
        "20133": {
            "year_quarter": 20133,
            "year": 2013,
            "quarter": 3,
            "eps": -0.63,
            "eps_growth_year": null,
            "eps_4q": -1,
            "eps_4q_growth_year": null,
            "roe": -8.39,
            "roe_4q": -12.88,
            "gross_profit": -83434,
            "gross_margin": -3.54,
            "gross_margin_4q_avg": -0.38,
            "net_income": -167576,
            "revenue": 2357386,
            "common_shares": 2650000,
            "book_valuer_per_share": 7.22,
            "book_valuer_per_share_4q_avg": 7.89,
            "equity": 1914070,
            "current_ratio": 54.37,
            "debt_ratio": 73.38,
            "inventory_turnover_ratio": 1.59,
            "account_receivable_turnover_ratio": 5.92,
            "reinvestment_rate": 886.05,
            "research_to_sale_ratio": null,
            "price_fair": 40.13,
            "eps_avg_yearly": 1.15,
            "eps_latest_yearly": 1,
            "eps_growth_yearly": 331.17
        },
        "20134": {
            "year_quarter": 20134,
            "year": 2013,
            "quarter": 4,
            "eps": -0.15,
            "eps_growth_year": -174.77,
            "eps_4q": -1.34,
            "eps_4q_growth_year": null,
            "roe": -2.05,
            "roe_4q": -17.330000000000002,
            "gross_profit": -98197,
            "gross_margin": -3.55,
            "gross_margin_4q_avg": -1.38,
            "net_income": -38735,
            "revenue": 2762355,
            "common_shares": 2650000,
            "book_valuer_per_share": 7.06,
            "book_valuer_per_share_4q_avg": 7.6,
            "equity": 1871090,
            "current_ratio": 52.54,
            "debt_ratio": 73.78,
            "inventory_turnover_ratio": 1.68,
            "account_receivable_turnover_ratio": 5.98,
            "reinvestment_rate": null,
            "research_to_sale_ratio": null,
            "price_fair": 27.3,
            "eps_avg_yearly": 0.78,
            "eps_latest_yearly": 1,
            "eps_growth_yearly": 143.81
        },
        "20141": {
            "year_quarter": 20141,
            "year": 2014,
            "quarter": 1,
            "eps": -0.42,
            "eps_growth_year": null,
            "eps_4q": -1.59,
            "eps_4q_growth_year": null,
            "roe": -6.17,
            "roe_4q": -21.48,
            "gross_profit": -7189,
            "gross_margin": -0.28,
            "gross_margin_4q_avg": -1.93,
            "net_income": -111976,
            "revenue": 2527947,
            "common_shares": 2650000,
            "book_valuer_per_share": 6.64,
            "book_valuer_per_share_4q_avg": 7.2,
            "equity": 1759114,
            "current_ratio": 47.54,
            "debt_ratio": 73.7,
            "inventory_turnover_ratio": 1.63,
            "account_receivable_turnover_ratio": 7.33,
            "reinvestment_rate": null,
            "research_to_sale_ratio": null,
            "price_fair": 27.3,
            "eps_avg_yearly": 0.78,
            "eps_latest_yearly": 1,
            "eps_growth_yearly": 143.81
        },
        "20142": {
            "year_quarter": 20142,
            "year": 2014,
            "quarter": 2,
            "eps": -0.75,
            "eps_growth_year": null,
            "eps_4q": -1.95,
            "eps_4q_growth_year": null,
            "roe": -11.95,
            "roe_4q": -28.56,
            "gross_profit": -114271,
            "gross_margin": -4.58,
            "gross_margin_4q_avg": -2.99,
            "net_income": -198392,
            "revenue": 2496367,
            "common_shares": 2650000,
            "book_valuer_per_share": 5.89,
            "book_valuer_per_share_4q_avg": 6.7,
            "equity": 1560722,
            "current_ratio": 44.71,
            "debt_ratio": 76.43,
            "inventory_turnover_ratio": 1.84,
            "account_receivable_turnover_ratio": 10.07,
            "reinvestment_rate": null,
            "research_to_sale_ratio": null,
            "price_fair": 27.3,
            "eps_avg_yearly": 0.78,
            "eps_latest_yearly": 1,
            "eps_growth_yearly": 143.81
        },
        "20143": {
            "year_quarter": 20143,
            "year": 2014,
            "quarter": 3,
            "eps": -0.57,
            "eps_growth_year": null,
            "eps_4q": -1.49,
            "eps_4q_growth_year": null,
            "roe": -9.7,
            "roe_4q": -29.87,
            "gross_profit": -84211,
            "gross_margin": -3.49,
            "gross_margin_4q_avg": -2.98,
            "net_income": -160938,
            "revenue": 2410319,
            "common_shares": 3428580,
            "book_valuer_per_share": 5.13,
            "book_valuer_per_share_4q_avg": 6.18,
            "equity": 1757152,
            "current_ratio": 47.47,
            "debt_ratio": 73.91,
            "inventory_turnover_ratio": 1.92,
            "account_receivable_turnover_ratio": 5.63,
            "reinvestment_rate": null,
            "research_to_sale_ratio": null,
            "price_fair": 27.3,
            "eps_avg_yearly": 0.78,
            "eps_latest_yearly": 1,
            "eps_growth_yearly": 143.81
        },
        "20144": {
            "year_quarter": 20144,
            "year": 2014,
            "quarter": 4,
            "eps": -0.41,
            "eps_growth_year": null,
            "eps_4q": -1.79,
            "eps_4q_growth_year": null,
            "roe": -8.39,
            "roe_4q": -36.21,
            "gross_profit": -48642,
            "gross_margin": -1.89,
            "gross_margin_4q_avg": -2.56,
            "net_income": -141757,
            "revenue": 2574527,
            "common_shares": 3428580,
            "book_valuer_per_share": 4.73,
            "book_valuer_per_share_4q_avg": 5.6,
            "equity": 1620835,
            "current_ratio": 44.72,
            "debt_ratio": 75.49,
            "inventory_turnover_ratio": 2.35,
            "account_receivable_turnover_ratio": 4.45,
            "reinvestment_rate": null,
            "research_to_sale_ratio": null,
            "price_fair": 27.3,
            "eps_avg_yearly": 0.78,
            "eps_latest_yearly": 1,
            "eps_growth_yearly": 143.81
        },
        "20151": {
            "year_quarter": 20151,
            "year": 2015,
            "quarter": 1,
            "eps": -0.6,
            "eps_growth_year": null,
            "eps_4q": -2.06,
            "eps_4q_growth_year": null,
            "roe": -13.53,
            "roe_4q": -43.57,
            "gross_profit": -124924,
            "gross_margin": -5.86,
            "gross_margin_4q_avg": -3.96,
            "net_income": -205341,
            "revenue": 2133394,
            "common_shares": 3428580,
            "book_valuer_per_share": 4.13,
            "book_valuer_per_share_4q_avg": 4.97,
            "equity": 1415494,
            "current_ratio": 39.21,
            "debt_ratio": 77.4,
            "inventory_turnover_ratio": 2.17,
            "account_receivable_turnover_ratio": 5.78,
            "reinvestment_rate": null,
            "research_to_sale_ratio": null,
            "price_fair": 35,
            "eps_avg_yearly": 1,
            "eps_latest_yearly": 1,
            "eps_growth_yearly": 314.29
        },
        "20152": {
            "year_quarter": 20152,
            "year": 2015,
            "quarter": 2,
            "eps": -0.65,
            "eps_growth_year": null,
            "eps_4q": -2.13,
            "eps_4q_growth_year": null,
            "roe": -17.07,
            "roe_4q": -48.69,
            "gross_profit": -146302,
            "gross_margin": -8.64,
            "gross_margin_4q_avg": -4.97,
            "net_income": -222668,
            "revenue": 1693469,
            "common_shares": 3428580,
            "book_valuer_per_share": 3.48,
            "book_valuer_per_share_4q_avg": 4.37,
            "equity": 1192826,
            "current_ratio": 33.99,
            "debt_ratio": 80.12,
            "inventory_turnover_ratio": 1.94,
            "account_receivable_turnover_ratio": 9.21,
            "reinvestment_rate": null,
            "research_to_sale_ratio": null,
            "price_fair": 0,
            "eps_avg_yearly": 0,
            "eps_latest_yearly": 0,
            "eps_growth_yearly": 0
        },
        "20153": {
            "year_quarter": 20153,
            "year": 2015,
            "quarter": 3,
            "eps": -1.5,
            "eps_growth_year": null,
            "eps_4q": -3.16,
            "eps_4q_growth_year": null,
            "roe": -55.11,
            "roe_4q": -94.10000000000001,
            "gross_profit": -300595,
            "gross_margin": -43.25,
            "gross_margin_4q_avg": -14.91,
            "net_income": -515351,
            "revenue": 695055,
            "common_shares": 3428580,
            "book_valuer_per_share": 1.98,
            "book_valuer_per_share_4q_avg": 3.58,
            "equity": 677475,
            "current_ratio": 48.64,
            "debt_ratio": 86.27,
            "inventory_turnover_ratio": 1.42,
            "account_receivable_turnover_ratio": 6.27,
            "reinvestment_rate": null,
            "research_to_sale_ratio": null,
            "price_fair": 0,
            "eps_avg_yearly": 0,
            "eps_latest_yearly": 0,
            "eps_growth_yearly": 0
        },
        "20154": {
            "year_quarter": 20154,
            "year": 2015,
            "quarter": 4,
            "eps": -0.34,
            "eps_growth_year": null,
            "eps_4q": -2.07,
            "eps_4q_growth_year": null,
            "roe": -24.35,
            "roe_4q": -110.06,
            "gross_profit": -115727,
            "gross_margin": -15.56,
            "gross_margin_4q_avg": -18.33,
            "net_income": -182033,
            "revenue": 743566,
            "common_shares": 5428580,
            "book_valuer_per_share": 1.51,
            "book_valuer_per_share_4q_avg": 2.78,
            "equity": 817924,
            "current_ratio": 89.12,
            "debt_ratio": 84.31,
            "inventory_turnover_ratio": 1.42,
            "account_receivable_turnover_ratio": 4.45,
            "reinvestment_rate": null,
            "research_to_sale_ratio": null,
            "price_fair": 0,
            "eps_avg_yearly": 0,
            "eps_latest_yearly": 0,
            "eps_growth_yearly": 0
        },
        "20161": {
            "year_quarter": 20161,
            "year": 2016,
            "quarter": 1,
            "eps": -0.11,
            "eps_growth_year": null,
            "eps_4q": -1.8,
            "eps_4q_growth_year": null,
            "roe": -7.28,
            "roe_4q": -103.81,
            "gross_profit": -17155,
            "gross_margin": -1.36,
            "gross_margin_4q_avg": -17.2,
            "net_income": -57492,
            "revenue": 1261215,
            "common_shares": 5428580,
            "book_valuer_per_share": 1.4,
            "book_valuer_per_share_4q_avg": 2.09,
            "equity": 760432,
            "current_ratio": 83.9,
            "debt_ratio": 85.21,
            "inventory_turnover_ratio": 1.96,
            "account_receivable_turnover_ratio": 6.13,
            "reinvestment_rate": null,
            "research_to_sale_ratio": null,
            "price_fair": 0,
            "eps_avg_yearly": 0,
            "eps_latest_yearly": 0,
            "eps_growth_yearly": 0
        },
        "20162": {
            "year_quarter": 20162,
            "year": 2016,
            "quarter": 2,
            "eps": 0.02,
            "eps_growth_year": null,
            "eps_4q": -1.37,
            "eps_4q_growth_year": null,
            "roe": 1.42,
            "roe_4q": -85.32,
            "gross_profit": 70050,
            "gross_margin": 3.92,
            "gross_margin_4q_avg": -14.06,
            "net_income": 10897,
            "revenue": 1787033,
            "common_shares": 5428580,
            "book_valuer_per_share": 1.42,
            "book_valuer_per_share_4q_avg": 1.58,
            "equity": 771329,
            "current_ratio": 85.5,
            "debt_ratio": 85.57,
            "inventory_turnover_ratio": 2.17,
            "account_receivable_turnover_ratio": 13.16,
            "reinvestment_rate": null,
            "research_to_sale_ratio": null,
            "price_fair": 0,
            "eps_avg_yearly": 0,
            "eps_latest_yearly": 0,
            "eps_growth_yearly": 0
        },
        "20163": {
            "year_quarter": 20163,
            "year": 2016,
            "quarter": 3,
            "eps": -0.04,
            "eps_growth_year": null,
            "eps_4q": -0.74,
            "eps_4q_growth_year": null,
            "roe": -1.37,
            "roe_4q": -31.580000000000002,
            "gross_profit": 24911,
            "gross_margin": 1.61,
            "gross_margin_4q_avg": -2.85,
            "net_income": -11638,
            "revenue": 1550043,
            "common_shares": 3257148,
            "book_valuer_per_share": 2.85,
            "book_valuer_per_share_4q_avg": 1.8,
            "equity": 927996,
            "current_ratio": 84.66,
            "debt_ratio": 83.34,
            "inventory_turnover_ratio": 1.58,
            "account_receivable_turnover_ratio": 8.95,
            "reinvestment_rate": null,
            "research_to_sale_ratio": null,
            "price_fair": 0,
            "eps_avg_yearly": 0,
            "eps_latest_yearly": 0,
            "eps_growth_yearly": 0
        },
        "20164": {
            "year_quarter": 20164,
            "year": 2016,
            "quarter": 4,
            "eps": 0.22,
            "eps_growth_year": null,
            "eps_4q": 0.04,
            "eps_4q_growth_year": null,
            "roe": 6.9,
            "roe_4q": -0.33000000000000007,
            "gross_profit": 150227,
            "gross_margin": 7.35,
            "gross_margin_4q_avg": 2.88,
            "net_income": 70192,
            "revenue": 2044869,
            "common_shares": 3257148,
            "book_valuer_per_share": 3.4,
            "book_valuer_per_share_4q_avg": 2.27,
            "equity": 1107757,
            "current_ratio": 89.65,
            "debt_ratio": 82.29,
            "inventory_turnover_ratio": 1.73,
            "account_receivable_turnover_ratio": 7.57,
            "reinvestment_rate": null,
            "research_to_sale_ratio": null,
            "price_fair": 0,
            "eps_avg_yearly": 0,
            "eps_latest_yearly": 0,
            "eps_growth_yearly": 0
        },
        "20171": {
            "year_quarter": 20171,
            "year": 2017,
            "quarter": 1,
            "eps": 0.49,
            "eps_growth_year": null,
            "eps_4q": 0.71,
            "eps_4q_growth_year": null,
            "roe": 12.57,
            "roe_4q": 19.519999999999996,
            "gross_profit": 212181,
            "gross_margin": 8.99,
            "gross_margin_4q_avg": 5.47,
            "net_income": 160521,
            "revenue": 2359928,
            "common_shares": 3257148,
            "book_valuer_per_share": 4.44,
            "book_valuer_per_share_4q_avg": 3.03,
            "equity": 1445469,
            "current_ratio": 94.91,
            "debt_ratio": 76.45,
            "inventory_turnover_ratio": 1.72,
            "account_receivable_turnover_ratio": 8.15,
            "reinvestment_rate": null,
            "research_to_sale_ratio": null,
            "price_fair": 68.6,
            "eps_avg_yearly": 1.96,
            "eps_latest_yearly": 1.96,
            "eps_growth_yearly": 490.91
        },
        "20172": {
            "year_quarter": 20172,
            "year": 2017,
            "quarter": 2,
            "eps": 0.37,
            "eps_growth_year": 1750,
            "eps_4q": 1.05,
            "eps_4q_growth_year": null,
            "roe": 8.45,
            "roe_4q": 26.55,
            "gross_profit": 167621,
            "gross_margin": 8.33,
            "gross_margin_4q_avg": 6.57,
            "net_income": 121868,
            "revenue": 2011857,
            "common_shares": 3257148,
            "book_valuer_per_share": 4.41,
            "book_valuer_per_share_4q_avg": 3.78,
            "equity": 1437401,
            "current_ratio": 100.63,
            "debt_ratio": 76.52,
            "inventory_turnover_ratio": 1.42,
            "account_receivable_turnover_ratio": 6.44,
            "reinvestment_rate": null,
            "research_to_sale_ratio": null,
            "price_fair": 60.2,
            "eps_avg_yearly": 1.72,
            "eps_latest_yearly": 1.48,
            "eps_growth_yearly": 196.47
        },
        "20173": {
            "year_quarter": 20173,
            "year": 2017,
            "quarter": 3,
            "eps": 0.46,
            "eps_growth_year": null,
            "eps_4q": 1.55,
            "eps_4q_growth_year": null,
            "roe": 9.87,
            "roe_4q": 37.79,
            "gross_profit": 227147,
            "gross_margin": 8.5,
            "gross_margin_4q_avg": 8.29,
            "net_income": 150709,
            "revenue": 2672712,
            "common_shares": 3257148,
            "book_valuer_per_share": 4.96,
            "book_valuer_per_share_4q_avg": 4.3,
            "equity": 1615424,
            "current_ratio": 99.66,
            "debt_ratio": 75.02,
            "inventory_turnover_ratio": 1.67,
            "account_receivable_turnover_ratio": 6.87,
            "reinvestment_rate": null,
            "research_to_sale_ratio": null,
            "price_fair": 61.6,
            "eps_avg_yearly": 1.76,
            "eps_latest_yearly": 1.84,
            "eps_growth_yearly": 163.42
        },
        "20174": {
            "year_quarter": 20174,
            "year": 2017,
            "quarter": 4,
            "eps": 0.62,
            "eps_growth_year": 188.71,
            "eps_4q": 1.95,
            "eps_4q_growth_year": 5216.08,
            "roe": 11.41,
            "roe_4q": 42.3,
            "gross_profit": 283019,
            "gross_margin": 10.5,
            "gross_margin_4q_avg": 9.08,
            "net_income": 202649,
            "revenue": 2694214,
            "common_shares": 3257148,
            "book_valuer_per_share": 5.95,
            "book_valuer_per_share_4q_avg": 4.94,
            "equity": 1938008,
            "current_ratio": 109.46,
            "debt_ratio": 70.38,
            "inventory_turnover_ratio": 1.46,
            "account_receivable_turnover_ratio": 8.8,
            "reinvestment_rate": null,
            "research_to_sale_ratio": null,
            "price_fair": 67.9,
            "eps_avg_yearly": 1.94,
            "eps_latest_yearly": 2.48,
            "eps_growth_yearly": 157.34
        },
        "20181": {
            "year_quarter": 20181,
            "year": 2018,
            "quarter": 1,
            "eps": 0.53,
            "eps_growth_year": 8.16,
            "eps_4q": 1.99,
            "eps_4q_growth_year": 181.45,
            "roe": 8.61,
            "roe_4q": 38.34,
            "gross_profit": 245093,
            "gross_margin": 8.31,
            "gross_margin_4q_avg": 8.91,
            "net_income": 172024,
            "revenue": 2949884,
            "common_shares": 3257148,
            "book_valuer_per_share": 6.31,
            "book_valuer_per_share_4q_avg": 5.41,
            "equity": 2056545,
            "current_ratio": 117.19,
            "debt_ratio": 68.32,
            "inventory_turnover_ratio": 1.72,
            "account_receivable_turnover_ratio": 9.98,
            "reinvestment_rate": null,
            "research_to_sale_ratio": null,
            "price_fair": 69.16,
            "eps_avg_yearly": 1.98,
            "eps_latest_yearly": 2.12,
            "eps_growth_yearly": 114.26
        },
        "20182": {
            "year_quarter": 20182,
            "year": 2018,
            "quarter": 2,
            "eps": 0.4,
            "eps_growth_year": 8.11,
            "eps_4q": 2.01,
            "eps_4q_growth_year": 92.47,
            "roe": 6.24,
            "roe_4q": 36.129999999999995,
            "gross_profit": 171025,
            "gross_margin": 6.39,
            "gross_margin_4q_avg": 8.43,
            "net_income": 130836,
            "revenue": 2676311,
            "common_shares": 3257148,
            "book_valuer_per_share": 6.55,
            "book_valuer_per_share_4q_avg": 5.94,
            "equity": 2134027,
            "current_ratio": 111.67,
            "debt_ratio": 67.84,
            "inventory_turnover_ratio": 1.52,
            "account_receivable_turnover_ratio": 7.6,
            "reinvestment_rate": null,
            "research_to_sale_ratio": null,
            "price_fair": 66.97,
            "eps_avg_yearly": 1.91,
            "eps_latest_yearly": 1.6,
            "eps_growth_yearly": 78.87
        },
        "20183": {
            "year_quarter": 20183,
            "year": 2018,
            "quarter": 3,
            "eps": 0.3,
            "eps_growth_year": -34.78,
            "eps_4q": 1.86,
            "eps_4q_growth_year": 20.07,
            "roe": 4.54,
            "roe_4q": 30.8,
            "gross_profit": 134394,
            "gross_margin": 4.89,
            "gross_margin_4q_avg": 7.52,
            "net_income": 98788,
            "revenue": 2746156,
            "common_shares": 3257148,
            "book_valuer_per_share": 6.8,
            "book_valuer_per_share_4q_avg": 6.4,
            "equity": 2216060,
            "current_ratio": 108.73,
            "debt_ratio": 67.08,
            "inventory_turnover_ratio": 1.46,
            "account_receivable_turnover_ratio": 8.37,
            "reinvestment_rate": null,
            "research_to_sale_ratio": null,
            "price_fair": 63.4,
            "eps_avg_yearly": 1.81,
            "eps_latest_yearly": 1.2,
            "eps_growth_yearly": 53.31
        },
        "20184": {
            "year_quarter": 20184,
            "year": 2018,
            "quarter": 4,
            "eps": 0.35,
            "eps_growth_year": -44.45,
            "eps_4q": 1.58,
            "eps_4q_growth_year": -19.12,
            "roe": 5.05,
            "roe_4q": 24.439999999999998,
            "gross_profit": 168443,
            "gross_margin": 6.14,
            "gross_margin_4q_avg": 6.43,
            "net_income": 112569,
            "revenue": 2743766,
            "common_shares": 3257148,
            "book_valuer_per_share": 6.89,
            "book_valuer_per_share_4q_avg": 6.64,
            "equity": 2243294,
            "current_ratio": 112.91,
            "debt_ratio": 66.8,
            "inventory_turnover_ratio": 1.41,
            "account_receivable_turnover_ratio": 7.53,
            "reinvestment_rate": -1565.98,
            "research_to_sale_ratio": null,
            "price_fair": 61.6,
            "eps_avg_yearly": 1.76,
            "eps_latest_yearly": 1.4,
            "eps_growth_yearly": 54.98
        },
        "20191": {
            "year_quarter": 20191,
            "year": 2019,
            "quarter": 1,
            "eps": 0.19,
            "eps_growth_year": -64.15,
            "eps_4q": 1.24,
            "eps_4q_growth_year": -37.45,
            "roe": 2.72,
            "roe_4q": 18.549999999999997,
            "gross_profit": 118730,
            "gross_margin": 4.48,
            "gross_margin_4q_avg": 5.48,
            "net_income": 62636,
            "revenue": 2652896,
            "common_shares": 3257148,
            "book_valuer_per_share": 7.24,
            "book_valuer_per_share_4q_avg": 6.87,
            "equity": 2358174,
            "current_ratio": 114.46,
            "debt_ratio": 66.3,
            "inventory_turnover_ratio": 1.33,
            "account_receivable_turnover_ratio": 5.56,
            "reinvestment_rate": -195.7,
            "research_to_sale_ratio": null,
            "price_fair": 57.71,
            "eps_avg_yearly": 1.65,
            "eps_latest_yearly": 0.76,
            "eps_growth_yearly": 28.56
        },
        "20192": {
            "year_quarter": 20192,
            "year": 2019,
            "quarter": 2,
            "eps": 0.28,
            "eps_growth_year": -30,
            "eps_4q": 1.12,
            "eps_4q_growth_year": -44.29,
            "roe": 3.82,
            "roe_4q": 16.13,
            "gross_profit": 172523,
            "gross_margin": 6.97,
            "gross_margin_4q_avg": 5.62,
            "net_income": 91577,
            "revenue": 2475482,
            "common_shares": 3257148,
            "book_valuer_per_share": 7.5,
            "book_valuer_per_share_4q_avg": 7.11,
            "equity": 2441454,
            "current_ratio": 120.68,
            "debt_ratio": 62.91,
            "inventory_turnover_ratio": 1.21,
            "account_receivable_turnover_ratio": 6.63,
            "reinvestment_rate": -101.53,
            "research_to_sale_ratio": null,
            "price_fair": 55.86,
            "eps_avg_yearly": 1.6,
            "eps_latest_yearly": 1.12,
            "eps_growth_yearly": 44.65
        },
        "20193": {
            "year_quarter": 20193,
            "year": 2019,
            "quarter": 3,
            "eps": 0.08,
            "eps_growth_year": -73.33,
            "eps_4q": 0.9,
            "eps_4q_growth_year": -51.71,
            "roe": 1.03,
            "roe_4q": 12.620000000000001,
            "gross_profit": 59229,
            "gross_margin": 2.85,
            "gross_margin_4q_avg": 5.11,
            "net_income": 25059,
            "revenue": 2080539,
            "common_shares": 3257148,
            "book_valuer_per_share": 7.5,
            "book_valuer_per_share_4q_avg": 7.28,
            "equity": 2442210,
            "current_ratio": 121.82,
            "debt_ratio": 62.63,
            "inventory_turnover_ratio": 1.04,
            "account_receivable_turnover_ratio": 8.97,
            "reinvestment_rate": -43.02,
            "research_to_sale_ratio": null,
            "price_fair": 36.43,
            "eps_avg_yearly": 1.48,
            "eps_latest_yearly": 0.32,
            "eps_growth_yearly": 14.62
        },
        "20194": {
            "year_quarter": 20194,
            "year": 2019,
            "quarter": 4,
            "eps": 0.05,
            "eps_growth_year": -85.86,
            "eps_4q": 0.6,
            "eps_4q_growth_year": -62.04,
            "roe": 0.65,
            "roe_4q": 8.22,
            "gross_profit": -839,
            "gross_margin": -0.03,
            "gross_margin_4q_avg": 3.57,
            "net_income": 15917,
            "revenue": 2468320,
            "common_shares": 3257148,
            "book_valuer_per_share": 7.47,
            "book_valuer_per_share_4q_avg": 7.43,
            "equity": 2432437,
            "current_ratio": 123.16,
            "debt_ratio": 60.07,
            "inventory_turnover_ratio": 1.45,
            "account_receivable_turnover_ratio": 7.16,
            "reinvestment_rate": -32.74,
            "research_to_sale_ratio": null,
            "price_fair": 13.73,
            "eps_avg_yearly": 1.37,
            "eps_latest_yearly": 0.2,
            "eps_growth_yearly": 0.9
        },
        "20201": {
            "year_quarter": 20201,
            "year": 2020,
            "quarter": 1,
            "eps": 0.16,
            "eps_growth_year": -15.79,
            "eps_4q": 0.57,
            "eps_4q_growth_year": -54.04,
            "roe": 2.22,
            "roe_4q": 7.720000000000001,
            "gross_profit": 97101,
            "gross_margin": 5.13,
            "gross_margin_4q_avg": 3.73,
            "net_income": 53499,
            "revenue": 1893415,
            "common_shares": 3257148,
            "book_valuer_per_share": 7.3,
            "book_valuer_per_share_4q_avg": 7.44,
            "equity": 2379269,
            "current_ratio": 130.75,
            "debt_ratio": 58.98,
            "inventory_turnover_ratio": 1.32,
            "account_receivable_turnover_ratio": 4.96,
            "reinvestment_rate": -30.61,
            "research_to_sale_ratio": null,
            "price_fair": 46.09,
            "eps_avg_yearly": 1.32,
            "eps_latest_yearly": 0.64,
            "eps_growth_yearly": 68.52
        },
        "20202": {
            "year_quarter": 20202,
            "year": 2020,
            "quarter": 2,
            "eps": 0.24,
            "eps_growth_year": -14.29,
            "eps_4q": 0.52,
            "eps_4q_growth_year": -53.4,
            "roe": 3.12,
            "roe_4q": 7.0200000000000005,
            "gross_profit": 100745,
            "gross_margin": 5.27,
            "gross_margin_4q_avg": 3.31,
            "net_income": 75889,
            "revenue": 1910538,
            "common_shares": 3257148,
            "book_valuer_per_share": 7.64,
            "book_valuer_per_share_4q_avg": 7.48,
            "equity": 2488914,
            "current_ratio": 130.82,
            "debt_ratio": 58.79,
            "inventory_turnover_ratio": 1.29,
            "account_receivable_turnover_ratio": 5.66,
            "reinvestment_rate": -31.71,
            "research_to_sale_ratio": null,
            "price_fair": 45.2,
            "eps_avg_yearly": 1.29,
            "eps_latest_yearly": 0.96,
            "eps_growth_yearly": 77.91
        },
        "20203": {
            "year_quarter": 20203,
            "year": 2020,
            "quarter": 3,
            "eps": 0.61,
            "eps_growth_year": 662.5,
            "eps_4q": 1.06,
            "eps_4q_growth_year": 18.11,
            "roe": 7.68,
            "roe_4q": 13.670000000000002,
            "gross_profit": 235233,
            "gross_margin": 10.77,
            "gross_margin_4q_avg": 5.29,
            "net_income": 199403,
            "revenue": 2183947,
            "common_shares": 3257148,
            "book_valuer_per_share": 8.31,
            "book_valuer_per_share_4q_avg": 7.68,
            "equity": 2705757,
            "current_ratio": 131.75,
            "debt_ratio": 58.09,
            "inventory_turnover_ratio": 1.16,
            "account_receivable_turnover_ratio": 6.64,
            "reinvestment_rate": -38.15,
            "research_to_sale_ratio": null,
            "price_fair": 47.88,
            "eps_avg_yearly": 1.37,
            "eps_latest_yearly": 2.44,
            "eps_growth_yearly": 113.83
        },
        "20204": {
            "year_quarter": 20204,
            "year": 2020,
            "quarter": 4,
            "eps": 0.84,
            "eps_growth_year": 1619.89,
            "eps_4q": 1.85,
            "eps_4q_growth_year": 208.7,
            "roe": 9.58,
            "roe_4q": 22.599999999999998,
            "gross_profit": 291976,
            "gross_margin": 10.8,
            "gross_margin_4q_avg": 7.99,
            "net_income": 273756,
            "revenue": 2702255,
            "common_shares": 3257148,
            "book_valuer_per_share": 9.23,
            "book_valuer_per_share_4q_avg": 8.12,
            "equity": 3006687,
            "current_ratio": 137.46,
            "debt_ratio": 54.21,
            "inventory_turnover_ratio": 1.29,
            "account_receivable_turnover_ratio": 7.52,
            "reinvestment_rate": -38.17,
            "research_to_sale_ratio": null,
            "price_fair": 52.24,
            "eps_avg_yearly": 1.49,
            "eps_latest_yearly": 3.36,
            "eps_growth_yearly": 116.14
        },
        "20211": {
            "year_quarter": 20211,
            "year": 2021,
            "quarter": 1,
            "eps": 0.95,
            "eps_growth_year": 493.75,
            "eps_4q": 2.63,
            "eps_4q_growth_year": 361.09,
            "roe": 9.78,
            "roe_4q": 30.16,
            "gross_profit": 356823,
            "gross_margin": 12.89,
            "gross_margin_4q_avg": 9.93,
            "net_income": 308820,
            "revenue": 2768771,
            "common_shares": 3257148,
            "book_valuer_per_share": 10.16,
            "book_valuer_per_share_4q_avg": 8.84,
            "equity": 3308330,
            "current_ratio": 160.95,
            "debt_ratio": 53.67,
            "inventory_turnover_ratio": 1.16,
            "account_receivable_turnover_ratio": 6.24,
            "reinvestment_rate": -43.93,
            "research_to_sale_ratio": null,
            "price_fair": 56.26,
            "eps_avg_yearly": 1.61,
            "eps_latest_yearly": 3.8,
            "eps_growth_yearly": 88.73
        },
        "20212": {
            "year_quarter": 20212,
            "year": 2021,
            "quarter": 2,
            "eps": 1.29,
            "eps_growth_year": 437.5,
            "eps_4q": 3.69,
            "eps_4q_growth_year": 605.99,
            "roe": 11.96,
            "roe_4q": 39,
            "gross_profit": 528376,
            "gross_margin": 16.38,
            "gross_margin_4q_avg": 12.71,
            "net_income": 420780,
            "revenue": 3225944,
            "common_shares": 3257148,
            "book_valuer_per_share": 11.45,
            "book_valuer_per_share_4q_avg": 9.79,
            "equity": 3729564,
            "current_ratio": 179.91,
            "debt_ratio": 50.41,
            "inventory_turnover_ratio": 1.06,
            "account_receivable_turnover_ratio": 6.9,
            "reinvestment_rate": -32.61,
            "research_to_sale_ratio": null,
            "price_fair": 64.31,
            "eps_avg_yearly": 1.84,
            "eps_latest_yearly": 5.16,
            "eps_growth_yearly": 103.8
        },
        "20213": {
            "year_quarter": 20213,
            "year": 2021,
            "quarter": 3,
            "eps": 1.51,
            "eps_growth_year": 147.54,
            "eps_4q": 4.6,
            "eps_4q_growth_year": 334.44,
            "roe": 12.42,
            "roe_4q": 43.74,
            "gross_profit": 720196,
            "gross_margin": 20.41,
            "gross_margin_4q_avg": 15.12,
            "net_income": 494179,
            "revenue": 3528100,
            "common_shares": 3257148,
            "book_valuer_per_share": 12.98,
            "book_valuer_per_share_4q_avg": 10.96,
            "equity": 4229236,
            "current_ratio": 190.48,
            "debt_ratio": 49.19,
            "inventory_turnover_ratio": 0.94,
            "account_receivable_turnover_ratio": 6.21,
            "reinvestment_rate": -31.32,
            "research_to_sale_ratio": null,
            "price_fair": 73.5,
            "eps_avg_yearly": 2.1,
            "eps_latest_yearly": 6.04,
            "eps_growth_yearly": 101.99
        },
        "20214": {
            "year_quarter": 20214,
            "year": 2021,
            "quarter": 4,
            "eps": 1.35,
            "eps_growth_year": 60.46,
            "eps_4q": 5.11,
            "eps_4q_growth_year": 176,
            "roe": 9.87,
            "roe_4q": 44.03,
            "gross_profit": 665873,
            "gross_margin": 16.45,
            "gross_margin_4q_avg": 16.53,
            "net_income": 439271,
            "revenue": 4048198,
            "common_shares": 3257148,
            "book_valuer_per_share": 14.36,
            "book_valuer_per_share_4q_avg": 12.24,
            "equity": 4676068,
            "current_ratio": 211.5,
            "debt_ratio": 45.54,
            "inventory_turnover_ratio": 1.02,
            "account_receivable_turnover_ratio": 5.28,
            "reinvestment_rate": -30.5,
            "research_to_sale_ratio": null,
            "price_fair": 79.89,
            "eps_avg_yearly": 2.28,
            "eps_latest_yearly": 5.4,
            "eps_growth_yearly": 90.64
        },
        "20221": {
            "year_quarter": 20221,
            "year": 2022,
            "quarter": 1,
            "eps": 0.92,
            "eps_growth_year": -3.16,
            "eps_4q": 5.08,
            "eps_4q_growth_year": 92.74,
            "roe": 6.19,
            "roe_4q": 40.44,
            "gross_profit": 427877,
            "gross_margin": 11.71,
            "gross_margin_4q_avg": 16.24,
            "net_income": 299266,
            "revenue": 3655195,
            "common_shares": 3257148,
            "book_valuer_per_share": 15.31,
            "book_valuer_per_share_4q_avg": 13.53,
            "equity": 4987653,
            "current_ratio": 219,
            "debt_ratio": 44.29,
            "inventory_turnover_ratio": 1,
            "account_receivable_turnover_ratio": 4.01,
            "reinvestment_rate": -14.09,
            "research_to_sale_ratio": null,
            "price_fair": 83.3,
            "eps_avg_yearly": 2.38,
            "eps_latest_yearly": 3.68,
            "eps_growth_yearly": 86.31
        },
        "20222": {
            "year_quarter": 20222,
            "year": 2022,
            "quarter": 2,
            "eps": 0.97,
            "eps_growth_year": -24.81,
            "eps_4q": 4.76,
            "eps_4q_growth_year": 28.88,
            "roe": 6.7,
            "roe_4q": 35.18,
            "gross_profit": 440648,
            "gross_margin": 13.27,
            "gross_margin_4q_avg": 15.46,
            "net_income": 317359,
            "revenue": 3321663,
            "common_shares": 3257148,
            "book_valuer_per_share": 13.77,
            "book_valuer_per_share_4q_avg": 14.11,
            "equity": 4486305,
            "current_ratio": 183.67,
            "debt_ratio": 48.99,
            "inventory_turnover_ratio": 0.89,
            "account_receivable_turnover_ratio": 4.54,
            "reinvestment_rate": -13.12,
            "research_to_sale_ratio": 0.3,
            "price_fair": 88.29,
            "eps_avg_yearly": 2.52,
            "eps_latest_yearly": 3.88,
            "eps_growth_yearly": 93.8
        },
        "20223": {
            "year_quarter": 20223,
            "year": 2022,
            "quarter": 3,
            "eps": 0.19,
            "eps_growth_year": -87.42,
            "eps_4q": 3.43,
            "eps_4q_growth_year": -25.42,
            "roe": 1.39,
            "roe_4q": 24.15,
            "gross_profit": 110006,
            "gross_margin": 4.46,
            "gross_margin_4q_avg": 11.47,
            "net_income": 60949,
            "revenue": 2464254,
            "common_shares": 3257148,
            "book_valuer_per_share": 13.15,
            "book_valuer_per_share_4q_avg": 14.15,
            "equity": 4282374,
            "current_ratio": 164.92,
            "debt_ratio": 52.47,
            "inventory_turnover_ratio": 0.64,
            "account_receivable_turnover_ratio": 3.09,
            "reinvestment_rate": -16.3,
            "research_to_sale_ratio": 0.19,
            "price_fair": 87.33,
            "eps_avg_yearly": 2.5,
            "eps_latest_yearly": 0.76,
            "eps_growth_yearly": 79.94
        },
        "20224": {
            "year_quarter": 20224,
            "year": 2022,
            "quarter": 4,
            "eps": 0.22,
            "eps_growth_year": -83.36,
            "eps_4q": 2.31,
            "eps_4q_growth_year": -54.7,
            "roe": 1.69,
            "roe_4q": 15.970000000000002,
            "gross_profit": 145920,
            "gross_margin": 3.96,
            "gross_margin_4q_avg": 8.35,
            "net_income": 72824,
            "revenue": 3682223,
            "common_shares": 3257148,
            "book_valuer_per_share": 13.41,
            "book_valuer_per_share_4q_avg": 13.91,
            "equity": 4350702,
            "current_ratio": 181.8,
            "debt_ratio": 47.69,
            "inventory_turnover_ratio": 1.09,
            "account_receivable_turnover_ratio": 2.91,
            "reinvestment_rate": -13.66,
            "research_to_sale_ratio": 0.17,
            "price_fair": 86.19,
            "eps_avg_yearly": 2.46,
            "eps_latest_yearly": 0.88,
            "eps_growth_yearly": 79.73
        },
        "20231": {
            "year_quarter": 20231,
            "year": 2023,
            "quarter": 1,
            "eps": 0.54,
            "eps_growth_year": -41.3,
            "eps_4q": 1.93,
            "eps_4q_growth_year": -61.97,
            "roe": 4.01,
            "roe_4q": 13.79,
            "gross_profit": 278631,
            "gross_margin": 8.68,
            "gross_margin_4q_avg": 7.59,
            "net_income": 175273,
            "revenue": 3210796,
            "common_shares": 3257148,
            "book_valuer_per_share": 13.52,
            "book_valuer_per_share_4q_avg": 13.46,
            "equity": 4387522,
            "current_ratio": 193.17,
            "debt_ratio": 41.52,
            "inventory_turnover_ratio": 1.16,
            "account_receivable_turnover_ratio": 2.71,
            "reinvestment_rate": -9.87,
            "research_to_sale_ratio": 0.18,
            "price_fair": 89.25,
            "eps_avg_yearly": 2.55,
            "eps_latest_yearly": 2.16,
            "eps_growth_yearly": 127.52
        }
    },
    "months": {
        "2001-06": {
            "month": "2001-06",
            "price": "1.23",
            "revenue": 299488
        },
        "2001-07": {
            "month": "2001-07",
            "price": "0.93",
            "revenue": 288004
        },
        "2001-08": {
            "month": "2001-08",
            "price": "1.16",
            "revenue": 389412
        },
        "2001-09": {
            "month": "2001-09",
            "price": "1.05",
            "revenue": 225014
        },
        "2001-10": {
            "month": "2001-10",
            "price": "0.87",
            "revenue": 263091
        },
        "2001-11": {
            "month": "2001-11",
            "price": "0.81",
            "revenue": 277596
        },
        "2001-12": {
            "month": "2001-12",
            "price": "0.92",
            "revenue": 302401
        },
        "2002-01": {
            "month": "2002-01",
            "price": "1.70",
            "revenue": 346060
        },
        "2002-02": {
            "month": "2002-02",
            "price": "2.00",
            "revenue": 215549
        },
        "2002-03": {
            "month": "2002-03",
            "price": "3.03",
            "revenue": 373622
        },
        "2002-04": {
            "month": "2002-04",
            "price": "6.14",
            "revenue": 322733
        },
        "2002-05": {
            "month": "2002-05",
            "price": "4.96",
            "revenue": 382663
        },
        "2002-06": {
            "month": "2002-06",
            "price": "4.28",
            "revenue": 283719
        },
        "2002-07": {
            "month": "2002-07",
            "price": "3.73",
            "revenue": 332914
        },
        "2002-08": {
            "month": "2002-08",
            "price": "3.05",
            "revenue": 261293
        },
        "2002-09": {
            "month": "2002-09",
            "price": "2.10",
            "revenue": 370735
        },
        "2002-10": {
            "month": "2002-10",
            "price": "2.66",
            "revenue": 399131
        },
        "2002-11": {
            "month": "2002-11",
            "price": "3.08",
            "revenue": 376517
        },
        "2002-12": {
            "month": "2002-12",
            "price": "3.28",
            "revenue": 476641
        },
        "2003-01": {
            "month": "2003-01",
            "price": "5.22",
            "revenue": 477072
        },
        "2003-02": {
            "month": "2003-02",
            "price": "5.99",
            "revenue": 368311
        },
        "2003-03": {
            "month": "2003-03",
            "price": "5.35",
            "revenue": 487660
        },
        "2003-04": {
            "month": "2003-04",
            "price": "4.83",
            "revenue": 525993
        },
        "2003-05": {
            "month": "2003-05",
            "price": "3.38",
            "revenue": 577837
        },
        "2003-06": {
            "month": "2003-06",
            "price": "5.34",
            "revenue": 428897
        },
        "2003-07": {
            "month": "2003-07",
            "price": "6.21",
            "revenue": 567735
        },
        "2003-08": {
            "month": "2003-08",
            "price": "5.43",
            "revenue": 376679
        },
        "2003-09": {
            "month": "2003-09",
            "price": "4.51",
            "revenue": 361533
        },
        "2003-10": {
            "month": "2003-10",
            "price": "4.64",
            "revenue": 608776
        },
        "2003-11": {
            "month": "2003-11",
            "price": "4.58",
            "revenue": 605716
        },
        "2003-12": {
            "month": "2003-12",
            "price": "4.51",
            "revenue": 706730
        },
        "2004-01": {
            "month": "2004-01",
            "price": "8.94",
            "revenue": 555193
        },
        "2004-02": {
            "month": "2004-02",
            "price": "10.23",
            "revenue": 672157
        },
        "2004-03": {
            "month": "2004-03",
            "price": "10.98",
            "revenue": 691352
        },
        "2004-04": {
            "month": "2004-04",
            "price": "9.51",
            "revenue": 746501
        },
        "2004-05": {
            "month": "2004-05",
            "price": "7.36",
            "revenue": 561860
        },
        "2004-06": {
            "month": "2004-06",
            "price": "7.83",
            "revenue": 737289
        },
        "2004-07": {
            "month": "2004-07",
            "price": "8.30",
            "revenue": 618836
        },
        "2004-08": {
            "month": "2004-08",
            "price": "7.57",
            "revenue": 688813
        },
        "2004-09": {
            "month": "2004-09",
            "price": "9.28",
            "revenue": 584665
        },
        "2004-10": {
            "month": "2004-10",
            "price": "10.34",
            "revenue": 664036
        },
        "2004-11": {
            "month": "2004-11",
            "price": "8.69",
            "revenue": 689222
        },
        "2004-12": {
            "month": "2004-12",
            "price": "8.82",
            "revenue": 631426
        },
        "2005-01": {
            "month": "2005-01",
            "price": "8.71",
            "revenue": 779635
        },
        "2005-02": {
            "month": "2005-02",
            "price": "8.65",
            "revenue": 384788
        },
        "2005-03": {
            "month": "2005-03",
            "price": "7.70",
            "revenue": 707464
        },
        "2005-04": {
            "month": "2005-04",
            "price": "7.17",
            "revenue": 669399
        },
        "2005-05": {
            "month": "2005-05",
            "price": "5.43",
            "revenue": 535088
        },
        "2005-06": {
            "month": "2005-06",
            "price": "5.72",
            "revenue": 516595
        },
        "2005-07": {
            "month": "2005-07",
            "price": "5.24",
            "revenue": 541113
        },
        "2005-08": {
            "month": "2005-08",
            "price": "4.85",
            "revenue": 688372
        },
        "2005-09": {
            "month": "2005-09",
            "price": "4.54",
            "revenue": 852421
        },
        "2005-10": {
            "month": "2005-10",
            "price": "3.64",
            "revenue": 855012
        },
        "2005-11": {
            "month": "2005-11",
            "price": "3.19",
            "revenue": 804915
        },
        "2005-12": {
            "month": "2005-12",
            "price": "3.41",
            "revenue": 741509
        },
        "2006-01": {
            "month": "2006-01",
            "price": "3.87",
            "revenue": 772433
        },
        "2006-02": {
            "month": "2006-02",
            "price": "4.47",
            "revenue": 632063
        },
        "2006-03": {
            "month": "2006-03",
            "price": "4.22",
            "revenue": 638512
        },
        "2006-04": {
            "month": "2006-04",
            "price": "5.31",
            "revenue": 699704
        },
        "2006-05": {
            "month": "2006-05",
            "price": "4.89",
            "revenue": 807371
        },
        "2006-06": {
            "month": "2006-06",
            "price": "4.26",
            "revenue": 696252
        },
        "2006-07": {
            "month": "2006-07",
            "price": "4.45",
            "revenue": 692331
        },
        "2006-08": {
            "month": "2006-08",
            "price": "4.04",
            "revenue": 939649
        },
        "2006-09": {
            "month": "2006-09",
            "price": "4.60",
            "revenue": 748114
        },
        "2006-10": {
            "month": "2006-10",
            "price": "5.67",
            "revenue": 822459
        },
        "2006-11": {
            "month": "2006-11",
            "price": "6.17",
            "revenue": 889895
        },
        "2006-12": {
            "month": "2006-12",
            "price": "7.19",
            "revenue": 848949
        },
        "2007-01": {
            "month": "2007-01",
            "price": "8.38",
            "revenue": 913566
        },
        "2007-02": {
            "month": "2007-02",
            "price": "8.42",
            "revenue": 508056
        },
        "2007-03": {
            "month": "2007-03",
            "price": "8.54",
            "revenue": 1076242
        },
        "2007-04": {
            "month": "2007-04",
            "price": "9.18",
            "revenue": 1076088
        },
        "2007-05": {
            "month": "2007-05",
            "price": "8.66",
            "revenue": 952168
        },
        "2007-06": {
            "month": "2007-06",
            "price": "8.24",
            "revenue": 827337
        },
        "2007-07": {
            "month": "2007-07",
            "price": "8.93",
            "revenue": 741931
        },
        "2007-08": {
            "month": "2007-08",
            "price": "8.70",
            "revenue": 320718
        },
        "2007-09": {
            "month": "2007-09",
            "price": "9.56",
            "revenue": 802312
        },
        "2007-10": {
            "month": "2007-10",
            "price": "9.23",
            "revenue": 1322370
        },
        "2007-11": {
            "month": "2007-11",
            "price": "8.52",
            "revenue": 1392324
        },
        "2007-12": {
            "month": "2007-12",
            "price": "8.54",
            "revenue": 1000381
        },
        "2008-01": {
            "month": "2008-01",
            "price": "7.98",
            "revenue": 1634281
        },
        "2008-02": {
            "month": "2008-02",
            "price": "8.20",
            "revenue": 1328636
        },
        "2008-03": {
            "month": "2008-03",
            "price": "9.27",
            "revenue": 1733119
        },
        "2008-04": {
            "month": "2008-04",
            "price": "15.68",
            "revenue": 1554817
        },
        "2008-05": {
            "month": "2008-05",
            "price": "21.21",
            "revenue": 1767071
        },
        "2008-06": {
            "month": "2008-06",
            "price": "17.33",
            "revenue": 1107208
        },
        "2008-07": {
            "month": "2008-07",
            "price": "13.84",
            "revenue": 1124095
        },
        "2008-08": {
            "month": "2008-08",
            "price": "11.59",
            "revenue": 837081
        },
        "2008-09": {
            "month": "2008-09",
            "price": "9.48",
            "revenue": 1260022
        },
        "2008-10": {
            "month": "2008-10",
            "price": "6.22",
            "revenue": 1060396
        },
        "2008-11": {
            "month": "2008-11",
            "price": "4.98",
            "revenue": 956463
        },
        "2008-12": {
            "month": "2008-12",
            "price": "4.82",
            "revenue": 657815
        },
        "2009-01": {
            "month": "2009-01",
            "price": "5.27",
            "revenue": 226216
        },
        "2009-02": {
            "month": "2009-02",
            "price": "4.98",
            "revenue": 431240
        },
        "2009-03": {
            "month": "2009-03",
            "price": "5.39",
            "revenue": 328199
        },
        "2009-04": {
            "month": "2009-04",
            "price": "7.20",
            "revenue": 430584
        },
        "2009-05": {
            "month": "2009-05",
            "price": "7.24",
            "revenue": 470494
        },
        "2009-06": {
            "month": "2009-06",
            "price": "6.92",
            "revenue": 527506
        },
        "2009-07": {
            "month": "2009-07",
            "price": "6.69",
            "revenue": 548237
        },
        "2009-08": {
            "month": "2009-08",
            "price": "7.38",
            "revenue": 586097
        },
        "2009-09": {
            "month": "2009-09",
            "price": "7.15",
            "revenue": 535045
        },
        "2009-10": {
            "month": "2009-10",
            "price": "7.56",
            "revenue": 729709
        },
        "2009-11": {
            "month": "2009-11",
            "price": "8.77",
            "revenue": 504182
        },
        "2009-12": {
            "month": "2009-12",
            "price": "10.39",
            "revenue": 397396
        },
        "2010-01": {
            "month": "2010-01",
            "price": "11.12",
            "revenue": 635500
        },
        "2010-02": {
            "month": "2010-02",
            "price": "9.11",
            "revenue": 382913
        },
        "2010-03": {
            "month": "2010-03",
            "price": "10.03",
            "revenue": 445602
        },
        "2010-04": {
            "month": "2010-04",
            "price": "10.16",
            "revenue": 417025
        },
        "2010-05": {
            "month": "2010-05",
            "price": "8.09",
            "revenue": 729932
        },
        "2010-06": {
            "month": "2010-06",
            "price": "7.26",
            "revenue": 606540
        },
        "2010-07": {
            "month": "2010-07",
            "price": "7.74",
            "revenue": 403664
        },
        "2010-08": {
            "month": "2010-08",
            "price": "8.64",
            "revenue": 605015
        },
        "2010-09": {
            "month": "2010-09",
            "price": "9.30",
            "revenue": 820225
        },
        "2010-10": {
            "month": "2010-10",
            "price": "8.86",
            "revenue": 694617
        },
        "2010-11": {
            "month": "2010-11",
            "price": "8.32",
            "revenue": 627158
        },
        "2010-12": {
            "month": "2010-12",
            "price": "8.69",
            "revenue": 841328
        },
        "2011-01": {
            "month": "2011-01",
            "price": "9.07",
            "revenue": 1116674
        },
        "2011-02": {
            "month": "2011-02",
            "price": "9.47",
            "revenue": 759284
        },
        "2011-03": {
            "month": "2011-03",
            "price": "9.29",
            "revenue": 1044325
        },
        "2011-04": {
            "month": "2011-04",
            "price": "9.34",
            "revenue": 1015569
        },
        "2011-05": {
            "month": "2011-05",
            "price": "9.02",
            "revenue": 973933
        },
        "2011-06": {
            "month": "2011-06",
            "price": "8.51",
            "revenue": 826175
        },
        "2011-07": {
            "month": "2011-07",
            "price": "8.19",
            "revenue": 827293
        },
        "2011-08": {
            "month": "2011-08",
            "price": "7.51",
            "revenue": 744092
        },
        "2011-09": {
            "month": "2011-09",
            "price": "6.88",
            "revenue": 754840
        },
        "2011-10": {
            "month": "2011-10",
            "price": "5.87",
            "revenue": 950258
        },
        "2011-11": {
            "month": "2011-11",
            "price": "4.96",
            "revenue": 1096287
        },
        "2011-12": {
            "month": "2011-12",
            "price": "5.09",
            "revenue": 769492
        },
        "2012-01": {
            "month": "2012-01",
            "price": "5.04",
            "revenue": 764432
        },
        "2012-02": {
            "month": "2012-02",
            "price": "6.20",
            "revenue": 1085834
        },
        "2012-03": {
            "month": "2012-03",
            "price": "6.08",
            "revenue": 1066677
        },
        "2012-04": {
            "month": "2012-04",
            "price": "5.14",
            "revenue": 850204
        },
        "2012-05": {
            "month": "2012-05",
            "price": "5.05",
            "revenue": 760313
        },
        "2012-06": {
            "month": "2012-06",
            "price": "4.91",
            "revenue": 576679
        },
        "2012-07": {
            "month": "2012-07",
            "price": "4.97",
            "revenue": 662259
        },
        "2012-08": {
            "month": "2012-08",
            "price": "5.00",
            "revenue": 939435
        },
        "2012-09": {
            "month": "2012-09",
            "price": "5.18",
            "revenue": 537424
        },
        "2012-10": {
            "month": "2012-10",
            "price": "4.87",
            "revenue": 946626
        },
        "2012-11": {
            "month": "2012-11",
            "price": "4.30",
            "revenue": 826526
        },
        "2012-12": {
            "month": "2012-12",
            "price": "4.75",
            "revenue": 1014216
        },
        "2013-01": {
            "month": "2013-01",
            "price": "5.72",
            "revenue": 806632
        },
        "2013-02": {
            "month": "2013-02",
            "price": "5.40",
            "revenue": 415571
        },
        "2013-03": {
            "month": "2013-03",
            "price": "5.04",
            "revenue": 1095002
        },
        "2013-04": {
            "month": "2013-04",
            "price": "5.01",
            "revenue": 1085682
        },
        "2013-05": {
            "month": "2013-05",
            "price": "5.25",
            "revenue": 962862
        },
        "2013-06": {
            "month": "2013-06",
            "price": "5.11",
            "revenue": 932934
        },
        "2013-07": {
            "month": "2013-07",
            "price": "5.14",
            "revenue": 829204
        },
        "2013-08": {
            "month": "2013-08",
            "price": "5.06",
            "revenue": 602697
        },
        "2013-09": {
            "month": "2013-09",
            "price": "4.96",
            "revenue": 925485
        },
        "2013-10": {
            "month": "2013-10",
            "price": "4.89",
            "revenue": 879483
        },
        "2013-11": {
            "month": "2013-11",
            "price": "4.47",
            "revenue": 836223
        },
        "2013-12": {
            "month": "2013-12",
            "price": "4.54",
            "revenue": 1048036
        },
        "2014-01": {
            "month": "2014-01",
            "price": "4.79",
            "revenue": 735937
        },
        "2014-02": {
            "month": "2014-02",
            "price": "4.62",
            "revenue": 861417
        },
        "2014-03": {
            "month": "2014-03",
            "price": "4.62",
            "revenue": 936873
        },
        "2014-04": {
            "month": "2014-04",
            "price": "4.90",
            "revenue": 932468
        },
        "2014-05": {
            "month": "2014-05",
            "price": "4.69",
            "revenue": 796925
        },
        "2014-06": {
            "month": "2014-06",
            "price": "4.55",
            "revenue": 829594
        },
        "2014-07": {
            "month": "2014-07",
            "price": "4.61",
            "revenue": 839420
        },
        "2014-08": {
            "month": "2014-08",
            "price": "4.86",
            "revenue": 760558
        },
        "2014-09": {
            "month": "2014-09",
            "price": "4.75",
            "revenue": 862469
        },
        "2014-10": {
            "month": "2014-10",
            "price": "4.33",
            "revenue": 830194
        },
        "2014-11": {
            "month": "2014-11",
            "price": "4.12",
            "revenue": 864747
        },
        "2014-12": {
            "month": "2014-12",
            "price": "4.02",
            "revenue": 879585
        },
        "2015-01": {
            "month": "2015-01",
            "price": "4.00",
            "revenue": 672295
        },
        "2015-02": {
            "month": "2015-02",
            "price": "4.05",
            "revenue": 608024
        },
        "2015-03": {
            "month": "2015-03",
            "price": "3.88",
            "revenue": 853076
        },
        "2015-04": {
            "month": "2015-04",
            "price": "2.84",
            "revenue": 743672
        },
        "2015-05": {
            "month": "2015-05",
            "price": "2.29",
            "revenue": 561169
        },
        "2015-06": {
            "month": "2015-06",
            "price": "1.96",
            "revenue": 388627
        },
        "2015-07": {
            "month": "2015-07",
            "price": "1.47",
            "revenue": 221707
        },
        "2015-08": {
            "month": "2015-08",
            "price": "1.33",
            "revenue": 213205
        },
        "2015-09": {
            "month": "2015-09",
            "price": "1.36",
            "revenue": 260143
        },
        "2015-10": {
            "month": "2015-10",
            "price": "1.41",
            "revenue": 227362
        },
        "2015-11": {
            "month": "2015-11",
            "price": "1.94",
            "revenue": 201692
        },
        "2015-12": {
            "month": "2015-12",
            "price": "1.65",
            "revenue": 314512
        },
        "2016-01": {
            "month": "2016-01",
            "price": "1.69",
            "revenue": 361732
        },
        "2016-02": {
            "month": "2016-02",
            "price": "1.70",
            "revenue": 398784
        },
        "2016-03": {
            "month": "2016-03",
            "price": "1.86",
            "revenue": 500699
        },
        "2016-04": {
            "month": "2016-04",
            "price": "1.84",
            "revenue": 507513
        },
        "2016-05": {
            "month": "2016-05",
            "price": "1.84",
            "revenue": 711920
        },
        "2016-06": {
            "month": "2016-06",
            "price": "1.78",
            "revenue": 567599
        },
        "2016-07": {
            "month": "2016-07",
            "price": "1.71",
            "revenue": 558268
        },
        "2016-08": {
            "month": "2016-08",
            "price": "1.87",
            "revenue": 460248
        },
        "2016-09": {
            "month": "2016-09",
            "price": "1.96",
            "revenue": 531527
        },
        "2016-10": {
            "month": "2016-10",
            "price": "1.79",
            "revenue": 574536
        },
        "2016-11": {
            "month": "2016-11",
            "price": "2.98",
            "revenue": 672675
        },
        "2016-12": {
            "month": "2016-12",
            "price": "3.31",
            "revenue": 797659
        },
        "2017-01": {
            "month": "2017-01",
            "price": "4.00",
            "revenue": 777431
        },
        "2017-02": {
            "month": "2017-02",
            "price": "4.43",
            "revenue": 647684
        },
        "2017-03": {
            "month": "2017-03",
            "price": "6.34",
            "revenue": 934814
        },
        "2017-04": {
            "month": "2017-04",
            "price": "7.25",
            "revenue": 661312
        },
        "2017-05": {
            "month": "2017-05",
            "price": "6.92",
            "revenue": 689947
        },
        "2017-06": {
            "month": "2017-06",
            "price": "5.93",
            "revenue": 658392
        },
        "2017-07": {
            "month": "2017-07",
            "price": "6.29",
            "revenue": 724754
        },
        "2017-08": {
            "month": "2017-08",
            "price": "6.83",
            "revenue": 932911
        },
        "2017-09": {
            "month": "2017-09",
            "price": "7.79",
            "revenue": 1022393
        },
        "2017-10": {
            "month": "2017-10",
            "price": "8.54",
            "revenue": 881386
        },
        "2017-11": {
            "month": "2017-11",
            "price": "9.25",
            "revenue": 799170
        },
        "2017-12": {
            "month": "2017-12",
            "price": "9.13",
            "revenue": 1013658
        },
        "2018-01": {
            "month": "2018-01",
            "price": "9.82",
            "revenue": 925108
        },
        "2018-02": {
            "month": "2018-02",
            "price": "9.32",
            "revenue": 1045697
        },
        "2018-03": {
            "month": "2018-03",
            "price": "10.00",
            "revenue": 962507
        },
        "2018-04": {
            "month": "2018-04",
            "price": "11.52",
            "revenue": 916927
        },
        "2018-05": {
            "month": "2018-05",
            "price": "11.40",
            "revenue": 1020987
        },
        "2018-06": {
            "month": "2018-06",
            "price": "11.17",
            "revenue": 754970
        },
        "2018-07": {
            "month": "2018-07",
            "price": "10.10",
            "revenue": 948089
        },
        "2018-08": {
            "month": "2018-08",
            "price": "10.12",
            "revenue": 962330
        },
        "2018-09": {
            "month": "2018-09",
            "price": "9.64",
            "revenue": 835736
        },
        "2018-10": {
            "month": "2018-10",
            "price": "8.57",
            "revenue": 1097140
        },
        "2018-11": {
            "month": "2018-11",
            "price": "7.63",
            "revenue": 834946
        },
        "2018-12": {
            "month": "2018-12",
            "price": "7.67",
            "revenue": 811680
        },
        "2019-01": {
            "month": "2019-01",
            "price": "8.21",
            "revenue": 1162249
        },
        "2019-02": {
            "month": "2019-02",
            "price": "9.13",
            "revenue": 519038
        },
        "2019-03": {
            "month": "2019-03",
            "price": "9.11",
            "revenue": 971608
        },
        "2019-04": {
            "month": "2019-04",
            "price": "9.16",
            "revenue": 826360
        },
        "2019-05": {
            "month": "2019-05",
            "price": "9.25",
            "revenue": 991765
        },
        "2019-06": {
            "month": "2019-06",
            "price": "9.31",
            "revenue": 657358
        },
        "2019-07": {
            "month": "2019-07",
            "price": "9.22",
            "revenue": 580769
        },
        "2019-08": {
            "month": "2019-08",
            "price": "9.15",
            "revenue": 852825
        },
        "2019-09": {
            "month": "2019-09",
            "price": "9.20",
            "revenue": 646945
        },
        "2019-10": {
            "month": "2019-10",
            "price": "9.22",
            "revenue": 802211
        },
        "2019-11": {
            "month": "2019-11",
            "price": "9.19",
            "revenue": 749509
        },
        "2019-12": {
            "month": "2019-12",
            "price": "9.20",
            "revenue": 916599
        },
        "2020-01": {
            "month": "2020-01",
            "price": "9.96",
            "revenue": 512592
        },
        "2020-02": {
            "month": "2020-02",
            "price": "9.31",
            "revenue": 620405
        },
        "2020-03": {
            "month": "2020-03",
            "price": "9.09",
            "revenue": 760417
        },
        "2020-04": {
            "month": "2020-04",
            "price": "9.52",
            "revenue": 602369
        },
        "2020-05": {
            "month": "2020-05",
            "price": "9.46",
            "revenue": 694878
        },
        "2020-06": {
            "month": "2020-06",
            "price": "9.38",
            "revenue": 613291
        },
        "2020-07": {
            "month": "2020-07",
            "price": "9.25",
            "revenue": 758568
        },
        "2020-08": {
            "month": "2020-08",
            "price": "9.34",
            "revenue": 616369
        },
        "2020-09": {
            "month": "2020-09",
            "price": "10.12",
            "revenue": 809010
        },
        "2020-10": {
            "month": "2020-10",
            "price": "10.17",
            "revenue": 946260
        },
        "2020-11": {
            "month": "2020-11",
            "price": "13.76",
            "revenue": 802682
        },
        "2020-12": {
            "month": "2020-12",
            "price": "20.87",
            "revenue": 953314
        },
        "2021-01": {
            "month": "2021-01",
            "price": "22.39",
            "revenue": 832002
        },
        "2021-02": {
            "month": "2021-02",
            "price": "22.38",
            "revenue": 806462
        },
        "2021-03": {
            "month": "2021-03",
            "price": "24.40",
            "revenue": 1130308
        },
        "2021-04": {
            "month": "2021-04",
            "price": "34.43",
            "revenue": 1002548
        },
        "2021-05": {
            "month": "2021-05",
            "price": "32.63",
            "revenue": 1168458
        },
        "2021-06": {
            "month": "2021-06",
            "price": "49.16",
            "revenue": 1054936
        },
        "2021-07": {
            "month": "2021-07",
            "price": "53.54",
            "revenue": 1377514
        },
        "2021-08": {
            "month": "2021-08",
            "price": "47.65",
            "revenue": 1089613
        },
        "2021-09": {
            "month": "2021-09",
            "price": "42.75",
            "revenue": 1060973
        },
        "2021-10": {
            "month": "2021-10",
            "price": "36.92",
            "revenue": 1484020
        },
        "2021-11": {
            "month": "2021-11",
            "price": "39.51",
            "revenue": 1530794
        },
        "2021-12": {
            "month": "2021-12",
            "price": "44.12",
            "revenue": 1033385
        },
        "2022-01": {
            "month": "2022-01",
            "price": "38.61",
            "revenue": 1189984
        },
        "2022-02": {
            "month": "2022-02",
            "price": "39.24",
            "revenue": 922302
        },
        "2022-03": {
            "month": "2022-03",
            "price": "41.16",
            "revenue": 1542908
        },
        "2022-04": {
            "month": "2022-04",
            "price": "41.56",
            "revenue": 1335087
        },
        "2022-05": {
            "month": "2022-05",
            "price": "33.71",
            "revenue": 1032134
        },
        "2022-06": {
            "month": "2022-06",
            "price": "29.40",
            "revenue": 954441
        },
        "2022-07": {
            "month": "2022-07",
            "price": "22.06",
            "revenue": 750409
        },
        "2022-08": {
            "month": "2022-08",
            "price": "25.56",
            "revenue": 847067
        },
        "2022-09": {
            "month": "2022-09",
            "price": "25.03",
            "revenue": 863779
        },
        "2022-10": {
            "month": "2022-10",
            "price": "23.20",
            "revenue": 939583
        },
        "2022-11": {
            "month": "2022-11",
            "price": "23.80",
            "revenue": 1299392
        },
        "2022-12": {
            "month": "2022-12",
            "price": "26.95",
            "revenue": 1446247
        },
        "2023-01": {
            "month": "2023-01",
            "price": "28.53",
            "revenue": 707281
        },
        "2023-02": {
            "month": "2023-02",
            "price": "29.18",
            "revenue": 999202
        },
        "2023-03": {
            "month": "2023-03",
            "price": "28.25",
            "revenue": 1504313
        },
        "2023-04": {
            "month": "2023-04",
            "price": "26.99",
            "revenue": 884133
        }
    }
}
