{
    "summary": {
        "stock_name": "盛餘",
        "stock_id": "2029",
        "category": "鋼鐵",
        "main_business": "冷軋、鍍鋅及烤漆鋼捲之製造、加工及銷售。",
        "website_url": "http://www.shengyusteel.com",
        "ceo": "洪世強",
        "pe_ratio": 17,
        "report_year_from": 2001,
        "report_year_to": 2023,
        "age": 23,
        "eps_negative_percentage": 4,
        "eps_growth_avg": {
            "last_all": 3.43,
            "last_2y": 9.46,
            "last_4y": 12.15,
            "last_8y": -20.76,
            "last_12y": -4.09,
            "last_16y": -6.41,
            "last_20y": -1.4,
            "at_2006_last_3y": 18.66,
            "at_2007_last_3y": 0.25,
            "at_2008_last_3y": -14.15,
            "at_2009_last_3y": -24.9,
            "at_2010_last_3y": -13.38,
            "at_2011_last_3y": 21.96,
            "at_2012_last_3y": 8.48,
            "at_2013_last_3y": 58,
            "at_2014_last_3y": 29.25,
            "at_2015_last_3y": -20.75,
            "at_2016_last_3y": -5,
            "at_2017_last_3y": -52.17,
            "at_2018_last_3y": -75.6,
            "at_2019_last_3y": -64.82,
            "at_2020_last_3y": -23.61,
            "at_2021_last_3y": 11.77,
            "at_2022_last_3y": 18.05,
            "at_2023_last_3y": 32.1,
            "at_2024_last_3y": 32.1,
            "at_2006_last_all": 34.93,
            "at_2007_last_all": 22.21,
            "at_2008_last_all": 17.02,
            "at_2009_last_all": 2.64,
            "at_2010_last_all": 13.45,
            "at_2011_last_all": 22.11,
            "at_2012_last_all": 13.92,
            "at_2013_last_all": 21.09,
            "at_2014_last_all": 18.31,
            "at_2015_last_all": 9.86,
            "at_2016_last_all": 9.86,
            "at_2017_last_all": 6.44,
            "at_2018_last_all": 0.71,
            "at_2019_last_all": -3.32,
            "at_2020_last_all": 2.42,
            "at_2021_last_all": 7.56,
            "at_2022_last_all": 4.17,
            "at_2023_last_all": 3.43,
            "at_2024_last_all": 3.43
        },
        "latest_eps": 1.6,
        "latest_price": 27.3,
        "latest_roe": 5.34,
        "latest_gross_margin": 12.04,
        "latest_equity": 9903350,
        "latest_revenue": 3122171,
        "latest_gross_profit": 375942,
        "latest_net_income": 221420,
        "latest_debt_ratio": 8.24,
        "latest_current_ratio": 953.05,
        "latest_account_receivable_turnover_ratio": 2.71,
        "latest_inventory_turnover_ratio": 1.41,
        "latest_reinvestment_rate": -22.9,
        "latest_research_to_sale_ratio": 0.67
    },
    "eps_dividends": {
        "1995": {
            "cash": 1.6,
            "stock": 0,
            "eps": 0
        },
        "1996": {
            "cash": 2.5,
            "stock": 0,
            "eps": 0
        },
        "1997": {
            "cash": 1.2,
            "stock": 0,
            "eps": 0
        },
        "1998": {
            "cash": 1,
            "stock": 0.6,
            "eps": 0
        },
        "1999": {
            "cash": 1,
            "stock": 0,
            "eps": 0
        },
        "2000": {
            "cash": 1.6,
            "stock": 0,
            "eps": 0
        },
        "2001": {
            "cash": 1.2,
            "stock": 0,
            "eps": 1.07
        },
        "2002": {
            "cash": 1,
            "stock": 0,
            "eps": 3.13
        },
        "2003": {
            "cash": 2.3,
            "stock": 0.1,
            "eps": 4.14
        },
        "2004": {
            "cash": 3,
            "stock": 0,
            "eps": 5.94
        },
        "2005": {
            "cash": 4.2,
            "stock": 0,
            "eps": 2.67
        },
        "2006": {
            "cash": 2,
            "stock": 0,
            "eps": 4.11
        },
        "2007": {
            "cash": 3,
            "stock": 0,
            "eps": 2.41
        },
        "2008": {
            "cash": 1.8,
            "stock": 0,
            "eps": 2.07
        },
        "2009": {
            "cash": 1.5,
            "stock": 0,
            "eps": 0.04
        },
        "2010": {
            "cash": 0.25,
            "stock": 0,
            "eps": 0.36
        },
        "2011": {
            "cash": 1.4500000000000002,
            "stock": 0,
            "eps": 1.5
        },
        "2012": {
            "cash": 0,
            "stock": 0,
            "eps": 0.48
        },
        "2013": {
            "cash": 0.35,
            "stock": 0,
            "eps": 1.6
        },
        "2014": {
            "cash": 1.15,
            "stock": 0,
            "eps": 1.36
        },
        "2015": {
            "cash": 1.15,
            "stock": 0,
            "eps": -0.29
        },
        "2016": {
            "cash": 1,
            "stock": 0,
            "eps": 3.95
        },
        "2017": {
            "cash": 2.45,
            "stock": 0,
            "eps": 2.31
        },
        "2018": {
            "cash": 1.75,
            "stock": 0,
            "eps": 0.34
        },
        "2019": {
            "cash": 0.25,
            "stock": 0,
            "eps": 0.11
        },
        "2020": {
            "cash": 0.15,
            "stock": 0,
            "eps": 0.77
        },
        "2021": {
            "cash": 0.5,
            "stock": 0,
            "eps": 3.94
        },
        "2022": {
            "cash": 2.55,
            "stock": 0,
            "eps": 1.57
        },
        "2023": {
            "cash": 1.03,
            "stock": 0,
            "eps": 1.39
        },
        "2024": {
            "cash": 1.25,
            "stock": 0,
            "eps": 0
        }
    },
    "dividends": {
        "1995-05-18": {
            "cash": 1.6,
            "stock": 0
        },
        "1996-06-21": {
            "cash": 2.5,
            "stock": 0
        },
        "1997-06-21": {
            "cash": 1.2,
            "stock": 0
        },
        "1998-05-29": {
            "cash": 1,
            "stock": 0.6
        },
        "1999-06-05": {
            "cash": 1,
            "stock": 0
        },
        "2000-06-17": {
            "cash": 1.6,
            "stock": 0
        },
        "2001-06-15": {
            "cash": 1.2,
            "stock": 0
        },
        "2002-06-14": {
            "cash": 1,
            "stock": 0
        },
        "2003-05-14": {
            "cash": 2.3,
            "stock": 0.1
        },
        "2004-03-05": {
            "cash": 3,
            "stock": 0
        },
        "2005-03-29": {
            "cash": 4.2,
            "stock": 0
        },
        "2006-03-24": {
            "cash": 2,
            "stock": 0
        },
        "2007-03-15": {
            "cash": 3,
            "stock": 0
        },
        "2008-03-21": {
            "cash": 1.8,
            "stock": 0
        },
        "2009-03-20": {
            "cash": 1.5,
            "stock": 0
        },
        "2010-03-19": {
            "cash": 0.25,
            "stock": 0
        },
        "2011-01-01": {
            "cash": 1.1,
            "stock": 0
        },
        "2011-03-18": {
            "cash": 0.35,
            "stock": 0
        },
        "2013-03-14": {
            "cash": 0.35,
            "stock": 0
        },
        "2014-06-13": {
            "cash": 1.15,
            "stock": 0
        },
        "2015-08-18": {
            "cash": 1.15,
            "stock": 0
        },
        "2016-08-15": {
            "cash": 1,
            "stock": 0
        },
        "2017-08-24": {
            "cash": 2.45,
            "stock": 0
        },
        "2018-08-21": {
            "cash": 1.75,
            "stock": 0
        },
        "2019-08-21": {
            "cash": 0.25,
            "stock": 0
        },
        "2020-08-21": {
            "cash": 0.15,
            "stock": 0
        },
        "2021-08-18": {
            "cash": 0.5,
            "stock": 0
        },
        "2022-08-17": {
            "cash": 2.55,
            "stock": 0
        },
        "2023-08-15": {
            "cash": 1.03,
            "stock": 0
        },
        "2024-03-08": {
            "cash": 1.25,
            "stock": 0
        }
    },
    "prices": {
        "200101": "14.33",
        "200102": "14.88",
        "200103": "14.87",
        "200104": "14.68",
        "200105": "13.55",
        "200106": "13.58",
        "200107": "11.82",
        "200108": "11.05",
        "200109": "10.51",
        "200110": "10.29",
        "200111": "10.26",
        "200112": "10.83",
        "200201": "11.66",
        "200202": "13.05",
        "200203": "13.92",
        "200204": "14.75",
        "200205": "15.38",
        "200206": "19.31",
        "200207": "19.79",
        "200208": "19.12",
        "200209": "17.26",
        "200210": "23.60",
        "200211": "33.61",
        "200212": "38.68",
        "200301": "48.77",
        "200302": "47.41",
        "200303": "39.04",
        "200304": "37.32",
        "200305": "34.31",
        "200306": "41.90",
        "200307": "46.20",
        "200308": "45.03",
        "200309": "40.66",
        "200310": "41.95",
        "200311": "39.72",
        "200312": "38.97",
        "200401": "45.23",
        "200402": "45.20",
        "200403": "43.14",
        "200404": "40.19",
        "200405": "34.44",
        "200406": "35.68",
        "200407": "37.49",
        "200408": "37.81",
        "200409": "43.55",
        "200410": "44.48",
        "200411": "39.37",
        "200412": "41.16",
        "200501": "42.41",
        "200502": "42.92",
        "200503": "41.08",
        "200504": "38.26",
        "200505": "35.01",
        "200506": "34.56",
        "200507": "32.21",
        "200508": "28.92",
        "200509": "32.96",
        "200510": "27.12",
        "200511": "24.24",
        "200512": "24.02",
        "200601": "23.99",
        "200602": "25.57",
        "200603": "25.18",
        "200604": "29.10",
        "200605": "28.27",
        "200606": "26.43",
        "200607": "26.80",
        "200608": "25.61",
        "200609": "26.22",
        "200610": "28.21",
        "200611": "28.78",
        "200612": "30.19",
        "200701": "31.29",
        "200702": "31.70",
        "200703": "31.88",
        "200704": "35.02",
        "200705": "34.98",
        "200706": "35.76",
        "200707": "36.55",
        "200708": "32.33",
        "200709": "33.30",
        "200710": "33.43",
        "200711": "30.03",
        "200712": "27.95",
        "200801": "27.56",
        "200802": "30.49",
        "200803": "30.63",
        "200804": "30.59",
        "200805": "30.49",
        "200806": "29.03",
        "200807": "24.21",
        "200808": "22.06",
        "200809": "22.65",
        "200810": "19.17",
        "200811": "19.53",
        "200812": "19.05",
        "200901": "19.43",
        "200902": "19.60",
        "200903": "20.31",
        "200904": "23.01",
        "200905": "23.43",
        "200906": "24.52",
        "200907": "24.38",
        "200908": "24.26",
        "200909": "23.55",
        "200910": "22.86",
        "200911": "22.35",
        "200912": "23.13",
        "201001": "23.48",
        "201002": "22.02",
        "201003": "22.70",
        "201004": "23.90",
        "201005": "22.38",
        "201006": "21.37",
        "201007": "20.86",
        "201008": "22.07",
        "201009": "22.45",
        "201010": "22.49",
        "201011": "21.30",
        "201012": "21.68",
        "201101": "22.17",
        "201102": "21.52",
        "201103": "21.37",
        "201104": "21.16",
        "201105": "20.13",
        "201106": "19.84",
        "201107": "19.69",
        "201108": "18.83",
        "201109": "19.13",
        "201110": "18.38",
        "201111": "19.05",
        "201112": "18.53",
        "201201": "18.62",
        "201202": "19.91",
        "201203": "20.57",
        "201204": "19.88",
        "201205": "19.60",
        "201206": "18.94",
        "201207": "18.78",
        "201208": "18.44",
        "201209": "18.60",
        "201210": "18.36",
        "201211": "17.66",
        "201212": "17.92",
        "201301": "18.61",
        "201302": "18.65",
        "201303": "18.42",
        "201304": "17.54",
        "201305": "18.42",
        "201306": "18.51",
        "201307": "18.72",
        "201308": "20.99",
        "201309": "22.44",
        "201310": "22.50",
        "201311": "21.29",
        "201312": "21.39",
        "201401": "23.38",
        "201402": "23.04",
        "201403": "22.89",
        "201404": "23.37",
        "201405": "22.90",
        "201406": "23.87",
        "201407": "23.56",
        "201408": "22.39",
        "201409": "21.91",
        "201410": "20.50",
        "201411": "19.81",
        "201412": "19.87",
        "201501": "20.19",
        "201502": "20.20",
        "201503": "20.64",
        "201504": "21.26",
        "201505": "21.56",
        "201506": "20.20",
        "201507": "19.38",
        "201508": "17.55",
        "201509": "17.34",
        "201510": "18.19",
        "201511": "17.08",
        "201512": "16.16",
        "201601": "16.50",
        "201602": "17.85",
        "201603": "19.36",
        "201604": "19.64",
        "201605": "19.66",
        "201606": "20.66",
        "201607": "22.33",
        "201608": "24.24",
        "201609": "25.97",
        "201610": "27.15",
        "201611": "33.96",
        "201612": "36.76",
        "201701": "35.23",
        "201702": "40.70",
        "201703": "40.52",
        "201704": "35.72",
        "201705": "33.30",
        "201706": "33.97",
        "201707": "36.70",
        "201708": "36.92",
        "201709": "35.39",
        "201710": "34.33",
        "201711": "30.60",
        "201712": "28.18",
        "201801": "28.78",
        "201802": "27.66",
        "201803": "27.38",
        "201804": "27.21",
        "201805": "26.30",
        "201806": "26.17",
        "201807": "24.96",
        "201808": "22.60",
        "201809": "21.42",
        "201810": "19.79",
        "201811": "19.57",
        "201812": "19.38",
        "201901": "19.27",
        "201902": "20.19",
        "201903": "19.98",
        "201904": "19.30",
        "201905": "18.75",
        "201906": "18.74",
        "201907": "19.67",
        "201908": "19.71",
        "201909": "19.96",
        "201910": "20.08",
        "201911": "19.92",
        "201912": "19.60",
        "202001": "19.48",
        "202002": "19.46",
        "202003": "16.84",
        "202004": "15.44",
        "202005": "16.04",
        "202006": "17.40",
        "202007": "17.76",
        "202008": "17.46",
        "202009": "18.79",
        "202010": "18.64",
        "202011": "18.97",
        "202012": "22.15",
        "202101": "22.06",
        "202102": "21.15",
        "202103": "23.25",
        "202104": "31.09",
        "202105": "34.28",
        "202106": "38.17",
        "202107": "49.29",
        "202108": "44.43",
        "202109": "39.73",
        "202110": "34.29",
        "202111": "33.27",
        "202112": "33.22",
        "202201": "30.32",
        "202202": "30.87",
        "202203": "33.18",
        "202204": "36.86",
        "202205": "31.26",
        "202206": "28.89",
        "202207": "23.95",
        "202208": "24.88",
        "202209": "24.57",
        "202210": "23.17",
        "202211": "23.89",
        "202212": "24.11",
        "202301": "24.70",
        "202302": "25.46",
        "202303": "25.58",
        "202304": "25.99",
        "202305": "25.26",
        "202306": "25.32",
        "202307": "24.79",
        "202308": "24.00",
        "202309": "24.42",
        "202310": "23.46",
        "202311": "26.40",
        "202312": "29.85"
    },
    "quarters": {
        "20011": {
            "year_quarter": 20011,
            "year": 2001,
            "quarter": 1,
            "eps": 0.26,
            "eps_growth_year": -27.78,
            "eps_4q": 1.48,
            "eps_4q_growth_year": -28.51,
            "roe": 1.38,
            "roe_4q": 1.38,
            "gross_profit": 294873,
            "gross_margin": 11.76,
            "gross_margin_4q_avg": 11.76,
            "net_income": 81252,
            "net_income_4q": null,
            "revenue": 2508092,
            "revenue_4q": null,
            "common_shares": 3180000,
            "book_valuer_per_share": 18.58,
            "book_valuer_per_share_4q_avg": 18.58,
            "equity": 5907754,
            "current_ratio": 129.09,
            "debt_ratio": 32.61,
            "inventory_turnover_ratio": 1.76,
            "account_receivable_turnover_ratio": null,
            "reinvestment_rate": null,
            "research_to_sale_ratio": null,
            "price_fair": 0,
            "eps_avg_yearly": 0,
            "eps_latest_yearly": 0,
            "eps_growth_yearly": 0
        },
        "20012": {
            "year_quarter": 20012,
            "year": 2001,
            "quarter": 2,
            "eps": 0.31,
            "eps_growth_year": -13.89,
            "eps_4q": 1.43,
            "eps_4q_growth_year": -16.24,
            "roe": 1.68,
            "roe_4q": 3.0599999999999996,
            "gross_profit": 307643,
            "gross_margin": 10.12,
            "gross_margin_4q_avg": 10.94,
            "net_income": 97010,
            "net_income_4q": null,
            "revenue": 3040203,
            "revenue_4q": null,
            "common_shares": 3180000,
            "book_valuer_per_share": 17.65,
            "book_valuer_per_share_4q_avg": 18.12,
            "equity": 5614027,
            "current_ratio": 119.06,
            "debt_ratio": 40.14,
            "inventory_turnover_ratio": 2.09,
            "account_receivable_turnover_ratio": null,
            "reinvestment_rate": null,
            "research_to_sale_ratio": null,
            "price_fair": 0,
            "eps_avg_yearly": 0,
            "eps_latest_yearly": 0,
            "eps_growth_yearly": 0
        },
        "20013": {
            "year_quarter": 20013,
            "year": 2001,
            "quarter": 3,
            "eps": 0.19,
            "eps_growth_year": -42.42,
            "eps_4q": 1.24,
            "eps_4q_growth_year": -19.44,
            "roe": 1.1,
            "roe_4q": 4.16,
            "gross_profit": 273448,
            "gross_margin": 9.7,
            "gross_margin_4q_avg": 10.53,
            "net_income": 61964,
            "net_income_4q": null,
            "revenue": 2820338,
            "revenue_4q": null,
            "common_shares": 3180000,
            "book_valuer_per_share": 17.85,
            "book_valuer_per_share_4q_avg": 18.03,
            "equity": 5675991,
            "current_ratio": 123.5,
            "debt_ratio": 37.19,
            "inventory_turnover_ratio": 1.96,
            "account_receivable_turnover_ratio": null,
            "reinvestment_rate": null,
            "research_to_sale_ratio": null,
            "price_fair": 0,
            "eps_avg_yearly": 0,
            "eps_latest_yearly": 0,
            "eps_growth_yearly": 0
        },
        "20014": {
            "year_quarter": 20014,
            "year": 2001,
            "quarter": 4,
            "eps": 0.31,
            "eps_growth_year": -40.38,
            "eps_4q": 1.07,
            "eps_4q_growth_year": -31.92,
            "roe": 1.69,
            "roe_4q": 5.85,
            "gross_profit": 260552,
            "gross_margin": 8.95,
            "gross_margin_4q_avg": 10.13,
            "net_income": 97569,
            "net_income_4q": null,
            "revenue": 2910056,
            "revenue_4q": null,
            "common_shares": 3180000,
            "book_valuer_per_share": 18.16,
            "book_valuer_per_share_4q_avg": 18.06,
            "equity": 5841721,
            "current_ratio": 105.12,
            "debt_ratio": 33.7,
            "inventory_turnover_ratio": 2.22,
            "account_receivable_turnover_ratio": null,
            "reinvestment_rate": null,
            "research_to_sale_ratio": null,
            "price_fair": 0,
            "eps_avg_yearly": 0,
            "eps_latest_yearly": 0,
            "eps_growth_yearly": 0
        },
        "20021": {
            "year_quarter": 20021,
            "year": 2002,
            "quarter": 1,
            "eps": 0.36,
            "eps_growth_year": 38.46,
            "eps_4q": 1.17,
            "eps_4q_growth_year": -21.24,
            "roe": 1.95,
            "roe_4q": 6.42,
            "gross_profit": 294773,
            "gross_margin": 10.54,
            "gross_margin_4q_avg": 9.83,
            "net_income": 114129,
            "net_income_4q": null,
            "revenue": 2795970,
            "revenue_4q": null,
            "common_shares": 3180000,
            "book_valuer_per_share": 18.51,
            "book_valuer_per_share_4q_avg": 18.04,
            "equity": 5887689,
            "current_ratio": 138.86,
            "debt_ratio": 34.06,
            "inventory_turnover_ratio": 2.28,
            "account_receivable_turnover_ratio": null,
            "reinvestment_rate": null,
            "research_to_sale_ratio": null,
            "price_fair": 50.4,
            "eps_avg_yearly": 1.44,
            "eps_latest_yearly": 1.44,
            "eps_growth_yearly": 64.52
        },
        "20022": {
            "year_quarter": 20022,
            "year": 2002,
            "quarter": 2,
            "eps": 0.64,
            "eps_growth_year": 106.45,
            "eps_4q": 1.5,
            "eps_4q_growth_year": 4.65,
            "roe": 3.51,
            "roe_4q": 8.25,
            "gross_profit": 417187,
            "gross_margin": 13.85,
            "gross_margin_4q_avg": 10.76,
            "net_income": 204758,
            "net_income_4q": null,
            "revenue": 3011761,
            "revenue_4q": null,
            "common_shares": 3180000,
            "book_valuer_per_share": 18.14,
            "book_valuer_per_share_4q_avg": 18.17,
            "equity": 5767647,
            "current_ratio": 171.66,
            "debt_ratio": 25.51,
            "inventory_turnover_ratio": 2.72,
            "account_receivable_turnover_ratio": null,
            "reinvestment_rate": null,
            "research_to_sale_ratio": null,
            "price_fair": 70,
            "eps_avg_yearly": 2,
            "eps_latest_yearly": 2.56,
            "eps_growth_yearly": 187.81
        },
        "20023": {
            "year_quarter": 20023,
            "year": 2002,
            "quarter": 3,
            "eps": 1.15,
            "eps_growth_year": 505.26,
            "eps_4q": 2.46,
            "eps_4q_growth_year": 98.22,
            "roe": 6.15,
            "roe_4q": 13.299999999999999,
            "gross_profit": 677650,
            "gross_margin": 20.25,
            "gross_margin_4q_avg": 13.4,
            "net_income": 365747,
            "net_income_4q": null,
            "revenue": 3346335,
            "revenue_4q": null,
            "common_shares": 3180000,
            "book_valuer_per_share": 19.29,
            "book_valuer_per_share_4q_avg": 18.53,
            "equity": 6133395,
            "current_ratio": 190.46,
            "debt_ratio": 26.17,
            "inventory_turnover_ratio": 2.6,
            "account_receivable_turnover_ratio": null,
            "reinvestment_rate": null,
            "research_to_sale_ratio": null,
            "price_fair": 100.33,
            "eps_avg_yearly": 2.87,
            "eps_latest_yearly": 4.6,
            "eps_growth_yearly": 231.46
        },
        "20024": {
            "year_quarter": 20024,
            "year": 2002,
            "quarter": 4,
            "eps": 0.98,
            "eps_growth_year": 216.13,
            "eps_4q": 3.14,
            "eps_4q_growth_year": 192.5,
            "roe": 4.93,
            "roe_4q": 16.54,
            "gross_profit": 696125,
            "gross_margin": 16.78,
            "gross_margin_4q_avg": 15.36,
            "net_income": 310722,
            "net_income_4q": null,
            "revenue": 4149175,
            "revenue_4q": null,
            "common_shares": 3180000,
            "book_valuer_per_share": 20.26,
            "book_valuer_per_share_4q_avg": 19.05,
            "equity": 6472905,
            "current_ratio": 128.17,
            "debt_ratio": 30.73,
            "inventory_turnover_ratio": 2.82,
            "account_receivable_turnover_ratio": null,
            "reinvestment_rate": 133.86,
            "research_to_sale_ratio": null,
            "price_fair": 109.55,
            "eps_avg_yearly": 3.13,
            "eps_latest_yearly": 3.92,
            "eps_growth_yearly": 158.81
        },
        "20031": {
            "year_quarter": 20031,
            "year": 2003,
            "quarter": 1,
            "eps": 1.68,
            "eps_growth_year": 366.67,
            "eps_4q": 4.45,
            "eps_4q_growth_year": 280.81,
            "roe": 7.94,
            "roe_4q": 22.53,
            "gross_profit": 795847,
            "gross_margin": 23.25,
            "gross_margin_4q_avg": 18.53,
            "net_income": 533980,
            "net_income_4q": null,
            "revenue": 3423677,
            "revenue_4q": null,
            "common_shares": 3180000,
            "book_valuer_per_share": 21.94,
            "book_valuer_per_share_4q_avg": 19.91,
            "equity": 6978096,
            "current_ratio": 344.44,
            "debt_ratio": 15.47,
            "inventory_turnover_ratio": 1.96,
            "account_receivable_turnover_ratio": null,
            "reinvestment_rate": 73.68,
            "research_to_sale_ratio": null,
            "price_fair": 134.68,
            "eps_avg_yearly": 3.85,
            "eps_latest_yearly": 6.72,
            "eps_growth_yearly": 184.19
        },
        "20032": {
            "year_quarter": 20032,
            "year": 2003,
            "quarter": 2,
            "eps": 0.99,
            "eps_growth_year": 54.69,
            "eps_4q": 4.8,
            "eps_4q_growth_year": 221.1,
            "roe": 4.66,
            "roe_4q": 23.68,
            "gross_profit": 650744,
            "gross_margin": 20.68,
            "gross_margin_4q_avg": 20.24,
            "net_income": 314386,
            "net_income_4q": null,
            "revenue": 3146748,
            "revenue_4q": null,
            "common_shares": 3180000,
            "book_valuer_per_share": 20.53,
            "book_valuer_per_share_4q_avg": 20.51,
            "equity": 6527075,
            "current_ratio": 175.03,
            "debt_ratio": 25.67,
            "inventory_turnover_ratio": 1.68,
            "account_receivable_turnover_ratio": null,
            "reinvestment_rate": 42.31,
            "research_to_sale_ratio": null,
            "price_fair": 135.33,
            "eps_avg_yearly": 3.87,
            "eps_latest_yearly": 3.96,
            "eps_growth_yearly": 126.11
        },
        "20033": {
            "year_quarter": 20033,
            "year": 2003,
            "quarter": 3,
            "eps": 0.72,
            "eps_growth_year": -37.39,
            "eps_4q": 4.31,
            "eps_4q_growth_year": 75.15,
            "roe": 3.5,
            "roe_4q": 21.03,
            "gross_profit": 435963,
            "gross_margin": 12.21,
            "gross_margin_4q_avg": 18.23,
            "net_income": 232607,
            "net_income_4q": null,
            "revenue": 3569798,
            "revenue_4q": null,
            "common_shares": 3211800,
            "book_valuer_per_share": 21.05,
            "book_valuer_per_share_4q_avg": 20.95,
            "equity": 6759683,
            "current_ratio": 276.99,
            "debt_ratio": 18.02,
            "inventory_turnover_ratio": 2.13,
            "account_receivable_turnover_ratio": null,
            "reinvestment_rate": 32.53,
            "research_to_sale_ratio": null,
            "price_fair": 130.4,
            "eps_avg_yearly": 3.73,
            "eps_latest_yearly": 2.88,
            "eps_growth_yearly": 92.51
        },
        "20034": {
            "year_quarter": 20034,
            "year": 2003,
            "quarter": 4,
            "eps": 0.75,
            "eps_growth_year": -23.47,
            "eps_4q": 4.13,
            "eps_4q_growth_year": 31.44,
            "roe": 3.48,
            "roe_4q": 19.580000000000002,
            "gross_profit": 526294,
            "gross_margin": 14.75,
            "gross_margin_4q_avg": 17.72,
            "net_income": 240120,
            "net_income_4q": null,
            "revenue": 3568940,
            "revenue_4q": null,
            "common_shares": 3211800,
            "book_valuer_per_share": 21.77,
            "book_valuer_per_share_4q_avg": 21.32,
            "equity": 7021926,
            "current_ratio": 174.01,
            "debt_ratio": 24.53,
            "inventory_turnover_ratio": 2.38,
            "account_receivable_turnover_ratio": null,
            "reinvestment_rate": 54.04,
            "research_to_sale_ratio": null,
            "price_fair": 127.23,
            "eps_avg_yearly": 3.64,
            "eps_latest_yearly": 3,
            "eps_growth_yearly": 83.03
        },
        "20041": {
            "year_quarter": 20041,
            "year": 2004,
            "quarter": 1,
            "eps": 1.43,
            "eps_growth_year": -14.88,
            "eps_4q": 3.88,
            "eps_4q_growth_year": -12.79,
            "roe": 6.34,
            "roe_4q": 17.98,
            "gross_profit": 832665,
            "gross_margin": 21.26,
            "gross_margin_4q_avg": 17.23,
            "net_income": 458888,
            "net_income_4q": null,
            "revenue": 3917095,
            "revenue_4q": null,
            "common_shares": 3211800,
            "book_valuer_per_share": 23.2,
            "book_valuer_per_share_4q_avg": 21.64,
            "equity": 7450409,
            "current_ratio": 361.1,
            "debt_ratio": 16.75,
            "inventory_turnover_ratio": 2.27,
            "account_receivable_turnover_ratio": null,
            "reinvestment_rate": 15.4,
            "research_to_sale_ratio": null,
            "price_fair": 135.33,
            "eps_avg_yearly": 3.87,
            "eps_latest_yearly": 5.72,
            "eps_growth_yearly": 114.1
        },
        "20042": {
            "year_quarter": 20042,
            "year": 2004,
            "quarter": 2,
            "eps": 0.56,
            "eps_growth_year": -43.43,
            "eps_4q": 3.49,
            "eps_4q_growth_year": -27.41,
            "roe": 2.53,
            "roe_4q": 15.85,
            "gross_profit": 1172905,
            "gross_margin": 25.08,
            "gross_margin_4q_avg": 18.33,
            "net_income": 178341,
            "net_income_4q": null,
            "revenue": 4676800,
            "revenue_4q": null,
            "common_shares": 3211800,
            "book_valuer_per_share": 20.69,
            "book_valuer_per_share_4q_avg": 21.68,
            "equity": 6644710,
            "current_ratio": 163.85,
            "debt_ratio": 34.08,
            "inventory_turnover_ratio": 1.91,
            "account_receivable_turnover_ratio": null,
            "reinvestment_rate": 0,
            "research_to_sale_ratio": null,
            "price_fair": 129.64,
            "eps_avg_yearly": 3.7,
            "eps_latest_yearly": 2.24,
            "eps_growth_yearly": 78.36
        },
        "20043": {
            "year_quarter": 20043,
            "year": 2004,
            "quarter": 3,
            "eps": 2,
            "eps_growth_year": 177.78,
            "eps_4q": 4.73,
            "eps_4q_growth_year": 9.79,
            "roe": 9.23,
            "roe_4q": 21.580000000000002,
            "gross_profit": 1061328,
            "gross_margin": 20.84,
            "gross_margin_4q_avg": 20.48,
            "net_income": 642892,
            "net_income_4q": null,
            "revenue": 5093471,
            "revenue_4q": null,
            "common_shares": 3211800,
            "book_valuer_per_share": 22.69,
            "book_valuer_per_share_4q_avg": 22.09,
            "equity": 7287601,
            "current_ratio": 216.45,
            "debt_ratio": 28.09,
            "inventory_turnover_ratio": 1.72,
            "account_receivable_turnover_ratio": null,
            "reinvestment_rate": -4.21,
            "research_to_sale_ratio": null,
            "price_fair": 143.31,
            "eps_avg_yearly": 4.09,
            "eps_latest_yearly": 8,
            "eps_growth_yearly": 164.74
        },
        "20044": {
            "year_quarter": 20044,
            "year": 2004,
            "quarter": 4,
            "eps": 1.95,
            "eps_growth_year": 160,
            "eps_4q": 5.94,
            "eps_4q_growth_year": 44.01,
            "roe": 8.22,
            "roe_4q": 26.320000000000004,
            "gross_profit": 1012967,
            "gross_margin": 19.3,
            "gross_margin_4q_avg": 21.62,
            "net_income": 625233,
            "net_income_4q": null,
            "revenue": 5247525,
            "revenue_4q": null,
            "common_shares": 3211800,
            "book_valuer_per_share": 24.64,
            "book_valuer_per_share_4q_avg": 22.81,
            "equity": 7927713,
            "current_ratio": 289.88,
            "debt_ratio": 21.35,
            "inventory_turnover_ratio": 1.71,
            "account_receivable_turnover_ratio": null,
            "reinvestment_rate": 5.07,
            "research_to_sale_ratio": null,
            "price_fair": 154.12,
            "eps_avg_yearly": 4.4,
            "eps_latest_yearly": 7.8,
            "eps_growth_yearly": 150.18
        },
        "20051": {
            "year_quarter": 20051,
            "year": 2005,
            "quarter": 1,
            "eps": 1.38,
            "eps_growth_year": -3.5,
            "eps_4q": 5.88,
            "eps_4q_growth_year": 51.46,
            "roe": 5.42,
            "roe_4q": 25.400000000000002,
            "gross_profit": 777347,
            "gross_margin": 15.76,
            "gross_margin_4q_avg": 20.25,
            "net_income": 443492,
            "net_income_4q": null,
            "revenue": 4932106,
            "revenue_4q": null,
            "common_shares": 3211800,
            "book_valuer_per_share": 26.24,
            "book_valuer_per_share_4q_avg": 23.57,
            "equity": 8428070,
            "current_ratio": 348.05,
            "debt_ratio": 18.92,
            "inventory_turnover_ratio": 1.77,
            "account_receivable_turnover_ratio": null,
            "reinvestment_rate": -4.44,
            "research_to_sale_ratio": null,
            "price_fair": 157.12,
            "eps_avg_yearly": 4.49,
            "eps_latest_yearly": 5.52,
            "eps_growth_yearly": 129.63
        },
        "20052": {
            "year_quarter": 20052,
            "year": 2005,
            "quarter": 2,
            "eps": 0.7,
            "eps_growth_year": 25,
            "eps_4q": 6.05,
            "eps_4q_growth_year": 73.71,
            "roe": 2.85,
            "roe_4q": 25.720000000000002,
            "gross_profit": 600081,
            "gross_margin": 12.39,
            "gross_margin_4q_avg": 17.07,
            "net_income": 223761,
            "net_income_4q": null,
            "revenue": 4842105,
            "revenue_4q": null,
            "common_shares": 3211800,
            "book_valuer_per_share": 22.65,
            "book_valuer_per_share_4q_avg": 24.06,
            "equity": 7275327,
            "current_ratio": 198.48,
            "debt_ratio": 29.71,
            "inventory_turnover_ratio": 1.63,
            "account_receivable_turnover_ratio": null,
            "reinvestment_rate": 1.56,
            "research_to_sale_ratio": null,
            "price_fair": 152.9,
            "eps_avg_yearly": 4.37,
            "eps_latest_yearly": 2.8,
            "eps_growth_yearly": 106.29
        },
        "20053": {
            "year_quarter": 20053,
            "year": 2005,
            "quarter": 3,
            "eps": 0.02,
            "eps_growth_year": -99,
            "eps_4q": 3.85,
            "eps_4q_growth_year": -18.67,
            "roe": 0.09,
            "roe_4q": 16.58,
            "gross_profit": 98347,
            "gross_margin": 2.28,
            "gross_margin_4q_avg": 12.43,
            "net_income": 6756,
            "net_income_4q": null,
            "revenue": 4317418,
            "revenue_4q": null,
            "common_shares": 3211800,
            "book_valuer_per_share": 22.67,
            "book_valuer_per_share_4q_avg": 24.05,
            "equity": 7282083,
            "current_ratio": 281.15,
            "debt_ratio": 20.59,
            "inventory_turnover_ratio": 1.64,
            "account_receivable_turnover_ratio": null,
            "reinvestment_rate": 3.19,
            "research_to_sale_ratio": null,
            "price_fair": 142.89,
            "eps_avg_yearly": 4.08,
            "eps_latest_yearly": 0.08,
            "eps_growth_yearly": 73.3
        },
        "20054": {
            "year_quarter": 20054,
            "year": 2005,
            "quarter": 4,
            "eps": 0.57,
            "eps_growth_year": -70.77,
            "eps_4q": 2.68,
            "eps_4q_growth_year": -54.93,
            "roe": 2.47,
            "roe_4q": 10.83,
            "gross_profit": 444196,
            "gross_margin": 11.61,
            "gross_margin_4q_avg": 10.51,
            "net_income": 182245,
            "net_income_4q": null,
            "revenue": 3824473,
            "revenue_4q": null,
            "common_shares": 3211800,
            "book_valuer_per_share": 23.19,
            "book_valuer_per_share_4q_avg": 23.69,
            "equity": 7464796,
            "current_ratio": 385.41,
            "debt_ratio": 16.53,
            "inventory_turnover_ratio": 1.53,
            "account_receivable_turnover_ratio": null,
            "reinvestment_rate": -19.7,
            "research_to_sale_ratio": null,
            "price_fair": 138.95,
            "eps_avg_yearly": 3.97,
            "eps_latest_yearly": 2.28,
            "eps_growth_yearly": 756.22
        },
        "20061": {
            "year_quarter": 20061,
            "year": 2006,
            "quarter": 1,
            "eps": 0.72,
            "eps_growth_year": -47.83,
            "eps_4q": 2,
            "eps_4q_growth_year": -65.95,
            "roe": 3.06,
            "roe_4q": 8.47,
            "gross_profit": 468948,
            "gross_margin": 11.76,
            "gross_margin_4q_avg": 9.51,
            "net_income": 231729,
            "net_income_4q": null,
            "revenue": 3988796,
            "revenue_4q": null,
            "common_shares": 3211800,
            "book_valuer_per_share": 23.91,
            "book_valuer_per_share_4q_avg": 23.11,
            "equity": 7679361,
            "current_ratio": 426.27,
            "debt_ratio": 15.98,
            "inventory_turnover_ratio": 1.62,
            "account_receivable_turnover_ratio": null,
            "reinvestment_rate": -1.34,
            "research_to_sale_ratio": null,
            "price_fair": 142.1,
            "eps_avg_yearly": 4.06,
            "eps_latest_yearly": 2.88,
            "eps_growth_yearly": 758.77
        },
        "20062": {
            "year_quarter": 20062,
            "year": 2006,
            "quarter": 2,
            "eps": 1.25,
            "eps_growth_year": 78.57,
            "eps_4q": 2.56,
            "eps_4q_growth_year": -57.66,
            "roe": 5.3,
            "roe_4q": 10.92,
            "gross_profit": 699811,
            "gross_margin": 15.28,
            "gross_margin_4q_avg": 10.23,
            "net_income": 400479,
            "net_income_4q": null,
            "revenue": 4580123,
            "revenue_4q": null,
            "common_shares": 3211800,
            "book_valuer_per_share": 23.11,
            "book_valuer_per_share_4q_avg": 23.22,
            "equity": 7421053,
            "current_ratio": 255.43,
            "debt_ratio": 23.51,
            "inventory_turnover_ratio": 1.71,
            "account_receivable_turnover_ratio": null,
            "reinvestment_rate": -1.65,
            "research_to_sale_ratio": null,
            "price_fair": 147.44,
            "eps_avg_yearly": 4.21,
            "eps_latest_yearly": 5,
            "eps_growth_yearly": 757.73
        },
        "20063": {
            "year_quarter": 20063,
            "year": 2006,
            "quarter": 3,
            "eps": 1.23,
            "eps_growth_year": 6050,
            "eps_4q": 3.77,
            "eps_4q_growth_year": -1.86,
            "roe": 5.17,
            "roe_4q": 16,
            "gross_profit": 835836,
            "gross_margin": 17.8,
            "gross_margin_4q_avg": 14.11,
            "net_income": 393693,
            "net_income_4q": null,
            "revenue": 4695229,
            "revenue_4q": null,
            "common_shares": 3211800,
            "book_valuer_per_share": 24.33,
            "book_valuer_per_share_4q_avg": 23.64,
            "equity": 7814788,
            "current_ratio": 282.71,
            "debt_ratio": 22.78,
            "inventory_turnover_ratio": 1.35,
            "account_receivable_turnover_ratio": null,
            "reinvestment_rate": -1.67,
            "research_to_sale_ratio": null,
            "price_fair": 148.14,
            "eps_avg_yearly": 4.23,
            "eps_latest_yearly": 4.92,
            "eps_growth_yearly": 737.4
        },
        "20064": {
            "year_quarter": 20064,
            "year": 2006,
            "quarter": 4,
            "eps": 0.91,
            "eps_growth_year": 59.65,
            "eps_4q": 4.11,
            "eps_4q_growth_year": 53.46,
            "roe": 3.66,
            "roe_4q": 17.189999999999998,
            "gross_profit": 768873,
            "gross_margin": 13.71,
            "gross_margin_4q_avg": 14.64,
            "net_income": 291764,
            "net_income_4q": null,
            "revenue": 5606901,
            "revenue_4q": null,
            "common_shares": 3211800,
            "book_valuer_per_share": 25.22,
            "book_valuer_per_share_4q_avg": 24.14,
            "equity": 8119397,
            "current_ratio": 316.27,
            "debt_ratio": 21.89,
            "inventory_turnover_ratio": 1.47,
            "account_receivable_turnover_ratio": null,
            "reinvestment_rate": -27.48,
            "research_to_sale_ratio": null,
            "price_fair": 147.53,
            "eps_avg_yearly": 4.22,
            "eps_latest_yearly": 3.64,
            "eps_growth_yearly": 734.6
        },
        "20071": {
            "year_quarter": 20071,
            "year": 2007,
            "quarter": 1,
            "eps": 0.81,
            "eps_growth_year": 12.5,
            "eps_4q": 4.21,
            "eps_4q_growth_year": 110.18,
            "roe": 3.14,
            "roe_4q": 17.27,
            "gross_profit": 545479,
            "gross_margin": 10.91,
            "gross_margin_4q_avg": 14.43,
            "net_income": 258798,
            "net_income_4q": null,
            "revenue": 5001648,
            "revenue_4q": null,
            "common_shares": 3211800,
            "book_valuer_per_share": 26.02,
            "book_valuer_per_share_4q_avg": 24.67,
            "equity": 8358430,
            "current_ratio": 389.24,
            "debt_ratio": 18.44,
            "inventory_turnover_ratio": 1.41,
            "account_receivable_turnover_ratio": null,
            "reinvestment_rate": -8.07,
            "research_to_sale_ratio": null,
            "price_fair": 139.91,
            "eps_avg_yearly": 4,
            "eps_latest_yearly": 3.24,
            "eps_growth_yearly": 713.99
        },
        "20072": {
            "year_quarter": 20072,
            "year": 2007,
            "quarter": 2,
            "eps": 0.72,
            "eps_growth_year": -42.4,
            "eps_4q": 3.64,
            "eps_4q_growth_year": 42.02,
            "roe": 2.92,
            "roe_4q": 14.89,
            "gross_profit": 580245,
            "gross_margin": 10.4,
            "gross_margin_4q_avg": 13.21,
            "net_income": 232809,
            "net_income_4q": null,
            "revenue": 5577118,
            "revenue_4q": null,
            "common_shares": 3211800,
            "book_valuer_per_share": 23.69,
            "book_valuer_per_share_4q_avg": 24.82,
            "equity": 7607396,
            "current_ratio": 252.03,
            "debt_ratio": 25.56,
            "inventory_turnover_ratio": 1.7,
            "account_receivable_turnover_ratio": null,
            "reinvestment_rate": -13.92,
            "research_to_sale_ratio": null,
            "price_fair": 137.55,
            "eps_avg_yearly": 3.93,
            "eps_latest_yearly": 2.88,
            "eps_growth_yearly": 721.48
        },
        "20073": {
            "year_quarter": 20073,
            "year": 2007,
            "quarter": 3,
            "eps": 0.42,
            "eps_growth_year": -65.85,
            "eps_4q": 2.85,
            "eps_4q_growth_year": -24.39,
            "roe": 1.76,
            "roe_4q": 11.48,
            "gross_profit": 410434,
            "gross_margin": 7.77,
            "gross_margin_4q_avg": 10.7,
            "net_income": 135188,
            "net_income_4q": null,
            "revenue": 5285074,
            "revenue_4q": null,
            "common_shares": 3211800,
            "book_valuer_per_share": 24.11,
            "book_valuer_per_share_4q_avg": 24.76,
            "equity": 7742622,
            "current_ratio": 414.22,
            "debt_ratio": 17.91,
            "inventory_turnover_ratio": 1.75,
            "account_receivable_turnover_ratio": null,
            "reinvestment_rate": -13.04,
            "research_to_sale_ratio": null,
            "price_fair": 134.93,
            "eps_avg_yearly": 3.86,
            "eps_latest_yearly": 1.68,
            "eps_growth_yearly": 717.88
        },
        "20074": {
            "year_quarter": 20074,
            "year": 2007,
            "quarter": 4,
            "eps": 0.46,
            "eps_growth_year": -49.45,
            "eps_4q": 2.4,
            "eps_4q_growth_year": -41.64,
            "roe": 1.9,
            "roe_4q": 9.72,
            "gross_profit": 347538,
            "gross_margin": 6.71,
            "gross_margin_4q_avg": 8.95,
            "net_income": 148750,
            "net_income_4q": null,
            "revenue": 5180758,
            "revenue_4q": null,
            "common_shares": 3211800,
            "book_valuer_per_share": 24.65,
            "book_valuer_per_share_4q_avg": 24.62,
            "equity": 7940483,
            "current_ratio": 354.04,
            "debt_ratio": 20.09,
            "inventory_turnover_ratio": 1.68,
            "account_receivable_turnover_ratio": null,
            "reinvestment_rate": -29.8,
            "research_to_sale_ratio": null,
            "price_fair": 132.39,
            "eps_avg_yearly": 3.78,
            "eps_latest_yearly": 1.84,
            "eps_growth_yearly": 719.22
        },
        "20081": {
            "year_quarter": 20081,
            "year": 2008,
            "quarter": 1,
            "eps": 0.35,
            "eps_growth_year": -56.79,
            "eps_4q": 1.99,
            "eps_4q_growth_year": -52.6,
            "roe": 1.38,
            "roe_4q": 7.96,
            "gross_profit": 387669,
            "gross_margin": 7.54,
            "gross_margin_4q_avg": 8.11,
            "net_income": 110244,
            "net_income_4q": null,
            "revenue": 5144514,
            "revenue_4q": null,
            "common_shares": 3211800,
            "book_valuer_per_share": 24.99,
            "book_valuer_per_share_4q_avg": 24.36,
            "equity": 8050325,
            "current_ratio": 557.77,
            "debt_ratio": 15.47,
            "inventory_turnover_ratio": 1.65,
            "account_receivable_turnover_ratio": null,
            "reinvestment_rate": -12.26,
            "research_to_sale_ratio": null,
            "price_fair": 122.94,
            "eps_avg_yearly": 3.51,
            "eps_latest_yearly": 1.4,
            "eps_growth_yearly": 690.58
        },
        "20082": {
            "year_quarter": 20082,
            "year": 2008,
            "quarter": 2,
            "eps": 1.37,
            "eps_growth_year": 90.28,
            "eps_4q": 2.61,
            "eps_4q_growth_year": -28.42,
            "roe": 5.51,
            "roe_4q": 10.549999999999999,
            "gross_profit": 851280,
            "gross_margin": 15.1,
            "gross_margin_4q_avg": 9.28,
            "net_income": 439569,
            "net_income_4q": null,
            "revenue": 5638337,
            "revenue_4q": null,
            "common_shares": 3211800,
            "book_valuer_per_share": 24.52,
            "book_valuer_per_share_4q_avg": 24.57,
            "equity": 7898059,
            "current_ratio": 302.57,
            "debt_ratio": 23.71,
            "inventory_turnover_ratio": 1.59,
            "account_receivable_turnover_ratio": null,
            "reinvestment_rate": -11.16,
            "research_to_sale_ratio": null,
            "price_fair": 130.03,
            "eps_avg_yearly": 3.72,
            "eps_latest_yearly": 5.48,
            "eps_growth_yearly": 778.64
        },
        "20083": {
            "year_quarter": 20083,
            "year": 2008,
            "quarter": 3,
            "eps": 1.79,
            "eps_growth_year": 326.19,
            "eps_4q": 3.98,
            "eps_4q_growth_year": 39.57,
            "roe": 7.01,
            "roe_4q": 15.799999999999999,
            "gross_profit": 1035794,
            "gross_margin": 16.9,
            "gross_margin_4q_avg": 11.56,
            "net_income": 574056,
            "net_income_4q": null,
            "revenue": 6127342,
            "revenue_4q": null,
            "common_shares": 3211800,
            "book_valuer_per_share": 26.32,
            "book_valuer_per_share_4q_avg": 25.12,
            "equity": 8473320,
            "current_ratio": 326.85,
            "debt_ratio": 23.4,
            "inventory_turnover_ratio": 1.37,
            "account_receivable_turnover_ratio": null,
            "reinvestment_rate": -11.33,
            "research_to_sale_ratio": null,
            "price_fair": 128.19,
            "eps_avg_yearly": 3.66,
            "eps_latest_yearly": 7.16,
            "eps_growth_yearly": 722.02
        },
        "20084": {
            "year_quarter": 20084,
            "year": 2008,
            "quarter": 4,
            "eps": -1.44,
            "eps_growth_year": -413.04,
            "eps_4q": 2.09,
            "eps_4q_growth_year": -12.91,
            "roe": -5.58,
            "roe_4q": 8.32,
            "gross_profit": -411073,
            "gross_margin": -9.25,
            "gross_margin_4q_avg": 7.57,
            "net_income": -459729,
            "net_income_4q": null,
            "revenue": 4442561,
            "revenue_4q": null,
            "common_shares": 3211800,
            "book_valuer_per_share": 24.81,
            "book_valuer_per_share_4q_avg": 25.16,
            "equity": 7991370,
            "current_ratio": 479.7,
            "debt_ratio": 17.91,
            "inventory_turnover_ratio": 1.43,
            "account_receivable_turnover_ratio": 14.13,
            "reinvestment_rate": -30.12,
            "research_to_sale_ratio": null,
            "price_fair": 118.53,
            "eps_avg_yearly": 3.39,
            "eps_latest_yearly": 7.16,
            "eps_growth_yearly": 770.82
        },
        "20091": {
            "year_quarter": 20091,
            "year": 2009,
            "quarter": 1,
            "eps": -0.66,
            "eps_growth_year": -288.57,
            "eps_4q": 1.07,
            "eps_4q_growth_year": -46.28,
            "roe": -2.73,
            "roe_4q": 4.209999999999999,
            "gross_profit": -126992,
            "gross_margin": -3.93,
            "gross_margin_4q_avg": 4.71,
            "net_income": -214949,
            "net_income_4q": null,
            "revenue": 3231856,
            "revenue_4q": null,
            "common_shares": 3211800,
            "book_valuer_per_share": 24.16,
            "book_valuer_per_share_4q_avg": 24.95,
            "equity": 7776922,
            "current_ratio": 477.83,
            "debt_ratio": 17.64,
            "inventory_turnover_ratio": 1.46,
            "account_receivable_turnover_ratio": 4.91,
            "reinvestment_rate": -22.97,
            "research_to_sale_ratio": null,
            "price_fair": 113.2,
            "eps_avg_yearly": 3.23,
            "eps_latest_yearly": 7.16,
            "eps_growth_yearly": 834.23
        },
        "20092": {
            "year_quarter": 20092,
            "year": 2009,
            "quarter": 2,
            "eps": -0.84,
            "eps_growth_year": -161.31,
            "eps_4q": -1.14,
            "eps_4q_growth_year": -143.85,
            "roe": -3.69,
            "roe_4q": -4.99,
            "gross_profit": -36495,
            "gross_margin": -1.14,
            "gross_margin_4q_avg": 0.65,
            "net_income": -272942,
            "net_income_4q": null,
            "revenue": 3193558,
            "revenue_4q": null,
            "common_shares": 3211800,
            "book_valuer_per_share": 21.81,
            "book_valuer_per_share_4q_avg": 24.28,
            "equity": 7021667,
            "current_ratio": 279.73,
            "debt_ratio": 24.08,
            "inventory_turnover_ratio": 1.94,
            "account_receivable_turnover_ratio": 4.88,
            "reinvestment_rate": -26.16,
            "research_to_sale_ratio": null,
            "price_fair": 114.37,
            "eps_avg_yearly": 3.27,
            "eps_latest_yearly": 7.16,
            "eps_growth_yearly": 913.57
        },
        "20093": {
            "year_quarter": 20093,
            "year": 2009,
            "quarter": 3,
            "eps": 0.46,
            "eps_growth_year": -74.3,
            "eps_4q": -2.52,
            "eps_4q_growth_year": -163.23,
            "roe": 2.05,
            "roe_4q": -9.95,
            "gross_profit": 371861,
            "gross_margin": 10.43,
            "gross_margin_4q_avg": -0.97,
            "net_income": 145521,
            "net_income_4q": null,
            "revenue": 3564669,
            "revenue_4q": null,
            "common_shares": 3211800,
            "book_valuer_per_share": 22.27,
            "book_valuer_per_share_4q_avg": 23.26,
            "equity": 7166455,
            "current_ratio": 392.68,
            "debt_ratio": 19.35,
            "inventory_turnover_ratio": 1.7,
            "account_receivable_turnover_ratio": 5.48,
            "reinvestment_rate": -25.17,
            "research_to_sale_ratio": null,
            "price_fair": 123.67,
            "eps_avg_yearly": 3.53,
            "eps_latest_yearly": 7.16,
            "eps_growth_yearly": 1022.08
        },
        "20094": {
            "year_quarter": 20094,
            "year": 2009,
            "quarter": 4,
            "eps": 1.08,
            "eps_growth_year": null,
            "eps_4q": 0.03,
            "eps_4q_growth_year": -98.47,
            "roe": 4.72,
            "roe_4q": 0.34999999999999964,
            "gross_profit": 584173,
            "gross_margin": 14.85,
            "gross_margin_4q_avg": 5.05,
            "net_income": 348064,
            "net_income_4q": null,
            "revenue": 3933606,
            "revenue_4q": null,
            "common_shares": 3211800,
            "book_valuer_per_share": 23.41,
            "book_valuer_per_share_4q_avg": 22.91,
            "equity": 7578631,
            "current_ratio": 407.33,
            "debt_ratio": 19.2,
            "inventory_turnover_ratio": 1.44,
            "account_receivable_turnover_ratio": 7.91,
            "reinvestment_rate": -6.46,
            "research_to_sale_ratio": null,
            "price_fair": 129.62,
            "eps_avg_yearly": 3.7,
            "eps_latest_yearly": 4.32,
            "eps_growth_yearly": 150.34
        },
        "20101": {
            "year_quarter": 20101,
            "year": 2010,
            "quarter": 1,
            "eps": 0.4,
            "eps_growth_year": null,
            "eps_4q": 1.09,
            "eps_4q_growth_year": 1.8,
            "roe": 1.64,
            "roe_4q": 4.720000000000001,
            "gross_profit": 397826,
            "gross_margin": 9.5,
            "gross_margin_4q_avg": 8.41,
            "net_income": 125606,
            "net_income_4q": null,
            "revenue": 4187254,
            "revenue_4q": null,
            "common_shares": 3211800,
            "book_valuer_per_share": 23.81,
            "book_valuer_per_share_4q_avg": 22.83,
            "equity": 7703425,
            "current_ratio": 440.22,
            "debt_ratio": 18.93,
            "inventory_turnover_ratio": 1.6,
            "account_receivable_turnover_ratio": 4.06,
            "reinvestment_rate": -8.62,
            "research_to_sale_ratio": 0.51,
            "price_fair": 125.88,
            "eps_avg_yearly": 3.6,
            "eps_latest_yearly": 1.6,
            "eps_growth_yearly": 120.58
        },
        "20102": {
            "year_quarter": 20102,
            "year": 2010,
            "quarter": 2,
            "eps": 0.67,
            "eps_growth_year": null,
            "eps_4q": 2.6,
            "eps_4q_growth_year": null,
            "roe": 2.77,
            "roe_4q": 11.18,
            "gross_profit": 494133,
            "gross_margin": 11.94,
            "gross_margin_4q_avg": 11.68,
            "net_income": 215642,
            "net_income_4q": null,
            "revenue": 4137388,
            "revenue_4q": null,
            "common_shares": 3211800,
            "book_valuer_per_share": 24.23,
            "book_valuer_per_share_4q_avg": 23.43,
            "equity": 7839998,
            "current_ratio": 392.18,
            "debt_ratio": 20.93,
            "inventory_turnover_ratio": 1.21,
            "account_receivable_turnover_ratio": 4.29,
            "reinvestment_rate": -13.4,
            "research_to_sale_ratio": 0.51,
            "price_fair": 119.12,
            "eps_avg_yearly": 3.4,
            "eps_latest_yearly": 2.68,
            "eps_growth_yearly": 118.54
        },
        "20103": {
            "year_quarter": 20103,
            "year": 2010,
            "quarter": 3,
            "eps": -0.35,
            "eps_growth_year": -175.53,
            "eps_4q": 1.8,
            "eps_4q_growth_year": null,
            "roe": -1.5,
            "roe_4q": 7.63,
            "gross_profit": 86692,
            "gross_margin": 2.03,
            "gross_margin_4q_avg": 9.58,
            "net_income": -116632,
            "net_income_4q": null,
            "revenue": 4261685,
            "revenue_4q": null,
            "common_shares": 3211800,
            "book_valuer_per_share": 23.88,
            "book_valuer_per_share_4q_avg": 23.83,
            "equity": 7722407,
            "current_ratio": 431.62,
            "debt_ratio": 19.96,
            "inventory_turnover_ratio": 1.27,
            "account_receivable_turnover_ratio": 5.02,
            "reinvestment_rate": -21.18,
            "research_to_sale_ratio": 0.5,
            "price_fair": 114.29,
            "eps_avg_yearly": 3.27,
            "eps_latest_yearly": 2.68,
            "eps_growth_yearly": 129.9
        },
        "20104": {
            "year_quarter": 20104,
            "year": 2010,
            "quarter": 4,
            "eps": -0.36,
            "eps_growth_year": -133.05,
            "eps_4q": 0.37,
            "eps_4q_growth_year": 1045.44,
            "roe": -1.48,
            "roe_4q": 1.43,
            "gross_profit": 130643,
            "gross_margin": 2.75,
            "gross_margin_4q_avg": 6.56,
            "net_income": -113520,
            "net_income_4q": null,
            "revenue": 4752052,
            "revenue_4q": null,
            "common_shares": 3211800,
            "book_valuer_per_share": 23.52,
            "book_valuer_per_share_4q_avg": 23.86,
            "equity": 7604755,
            "current_ratio": 466.53,
            "debt_ratio": 19.37,
            "inventory_turnover_ratio": 1.58,
            "account_receivable_turnover_ratio": 5.47,
            "reinvestment_rate": -35.81,
            "research_to_sale_ratio": 0.41,
            "price_fair": 112.98,
            "eps_avg_yearly": 3.23,
            "eps_latest_yearly": 2.68,
            "eps_growth_yearly": 153.3
        },
        "20111": {
            "year_quarter": 20111,
            "year": 2011,
            "quarter": 1,
            "eps": 0.25,
            "eps_growth_year": -37.5,
            "eps_4q": 0.22,
            "eps_4q_growth_year": -80.01,
            "roe": 1.08,
            "roe_4q": 0.8700000000000001,
            "gross_profit": 305601,
            "gross_margin": 6.72,
            "gross_margin_4q_avg": 5.86,
            "net_income": 82648,
            "net_income_4q": null,
            "revenue": 4546126,
            "revenue_4q": null,
            "common_shares": 3211800,
            "book_valuer_per_share": 23.78,
            "book_valuer_per_share_4q_avg": 23.85,
            "equity": 7688340,
            "current_ratio": 556.55,
            "debt_ratio": 18.05,
            "inventory_turnover_ratio": 1.52,
            "account_receivable_turnover_ratio": 4.09,
            "reinvestment_rate": -57.22,
            "research_to_sale_ratio": 3,
            "price_fair": 112.93,
            "eps_avg_yearly": 3.23,
            "eps_latest_yearly": 2.68,
            "eps_growth_yearly": 175.22
        },
        "20112": {
            "year_quarter": 20112,
            "year": 2011,
            "quarter": 2,
            "eps": 0.68,
            "eps_growth_year": 2.49,
            "eps_4q": 0.23,
            "eps_4q_growth_year": -90.98,
            "roe": 2.83,
            "roe_4q": 0.9300000000000002,
            "gross_profit": 501890,
            "gross_margin": 10.94,
            "gross_margin_4q_avg": 5.61,
            "net_income": 218769,
            "net_income_4q": null,
            "revenue": 4589485,
            "revenue_4q": null,
            "common_shares": 3211800,
            "book_valuer_per_share": 24.11,
            "book_valuer_per_share_4q_avg": 23.82,
            "equity": 7793981,
            "current_ratio": 554.71,
            "debt_ratio": 18.36,
            "inventory_turnover_ratio": 1.51,
            "account_receivable_turnover_ratio": 4.35,
            "reinvestment_rate": -56.5,
            "research_to_sale_ratio": -2,
            "price_fair": 112.31,
            "eps_avg_yearly": 3.21,
            "eps_latest_yearly": 2.72,
            "eps_growth_yearly": 256.6
        },
        "20113": {
            "year_quarter": 20113,
            "year": 2011,
            "quarter": 3,
            "eps": 0.47,
            "eps_growth_year": null,
            "eps_4q": 1.05,
            "eps_4q_growth_year": -41.61,
            "roe": 1.88,
            "roe_4q": 4.3100000000000005,
            "gross_profit": 305859,
            "gross_margin": 6.82,
            "gross_margin_4q_avg": 6.81,
            "net_income": 147808,
            "net_income_4q": null,
            "revenue": 4482088,
            "revenue_4q": null,
            "common_shares": 3211800,
            "book_valuer_per_share": 24.58,
            "book_valuer_per_share_4q_avg": 24,
            "equity": 7947356,
            "current_ratio": 589.64,
            "debt_ratio": 17.99,
            "inventory_turnover_ratio": 1.55,
            "account_receivable_turnover_ratio": 4.79,
            "reinvestment_rate": -56.88,
            "research_to_sale_ratio": 0.48,
            "price_fair": 113.09,
            "eps_avg_yearly": 3.23,
            "eps_latest_yearly": 1.88,
            "eps_growth_yearly": 261.39
        },
        "20114": {
            "year_quarter": 20114,
            "year": 2011,
            "quarter": 4,
            "eps": 0.1,
            "eps_growth_year": null,
            "eps_4q": 1.5,
            "eps_4q_growth_year": 311.8,
            "roe": 0.43,
            "roe_4q": 6.220000000000001,
            "gross_profit": 215205,
            "gross_margin": 5.21,
            "gross_margin_4q_avg": 7.42,
            "net_income": 34027,
            "net_income_4q": null,
            "revenue": 4131930,
            "revenue_4q": null,
            "common_shares": 3211800,
            "book_valuer_per_share": 24.71,
            "book_valuer_per_share_4q_avg": 24.3,
            "equity": 7990641,
            "current_ratio": 482.38,
            "debt_ratio": 18.59,
            "inventory_turnover_ratio": 1.48,
            "account_receivable_turnover_ratio": 4.28,
            "reinvestment_rate": -14.77,
            "research_to_sale_ratio": 0.57,
            "price_fair": 107.49,
            "eps_avg_yearly": 3.07,
            "eps_latest_yearly": 0.4,
            "eps_growth_yearly": 222.17
        },
        "20121": {
            "year_quarter": 20121,
            "year": 2012,
            "quarter": 1,
            "eps": 0.27,
            "eps_growth_year": 8,
            "eps_4q": 1.52,
            "eps_4q_growth_year": 595.94,
            "roe": 1.05,
            "roe_4q": 6.1899999999999995,
            "gross_profit": 365795,
            "gross_margin": 8.14,
            "gross_margin_4q_avg": 7.78,
            "net_income": 84340,
            "net_income_4q": null,
            "revenue": 4492339,
            "revenue_4q": null,
            "common_shares": 3211800,
            "book_valuer_per_share": 24.92,
            "book_valuer_per_share_4q_avg": 24.58,
            "equity": 8053897,
            "current_ratio": 507.21,
            "debt_ratio": 18.35,
            "inventory_turnover_ratio": 1.71,
            "account_receivable_turnover_ratio": 4.75,
            "reinvestment_rate": -8.71,
            "research_to_sale_ratio": 0.47,
            "price_fair": 106.24,
            "eps_avg_yearly": 3.04,
            "eps_latest_yearly": 1.08,
            "eps_growth_yearly": 308.36
        },
        "20122": {
            "year_quarter": 20122,
            "year": 2012,
            "quarter": 2,
            "eps": 0.25,
            "eps_growth_year": -63.28,
            "eps_4q": 1.08,
            "eps_4q_growth_year": 362.14,
            "roe": 1.04,
            "roe_4q": 4.4,
            "gross_profit": 313055,
            "gross_margin": 7.7,
            "gross_margin_4q_avg": 6.97,
            "net_income": 82734,
            "net_income_4q": null,
            "revenue": 4063565,
            "revenue_4q": null,
            "common_shares": 3211800,
            "book_valuer_per_share": 24.08,
            "book_valuer_per_share_4q_avg": 24.57,
            "equity": 7786212,
            "current_ratio": 376.11,
            "debt_ratio": 22.1,
            "inventory_turnover_ratio": 1.75,
            "account_receivable_turnover_ratio": 3.87,
            "reinvestment_rate": -12.44,
            "research_to_sale_ratio": 0.5,
            "price_fair": 88.82,
            "eps_avg_yearly": 2.54,
            "eps_latest_yearly": 1,
            "eps_growth_yearly": 175.54
        },
        "20123": {
            "year_quarter": 20123,
            "year": 2012,
            "quarter": 3,
            "eps": -0.2,
            "eps_growth_year": -143.59,
            "eps_4q": 0.41,
            "eps_4q_growth_year": -60.57,
            "roe": -0.84,
            "roe_4q": 1.68,
            "gross_profit": 125180,
            "gross_margin": 3.65,
            "gross_margin_4q_avg": 6.18,
            "net_income": -65358,
            "net_income_4q": null,
            "revenue": 3429794,
            "revenue_4q": null,
            "common_shares": 3211800,
            "book_valuer_per_share": 23.84,
            "book_valuer_per_share_4q_avg": 24.39,
            "equity": 7709609,
            "current_ratio": 460.82,
            "debt_ratio": 18.94,
            "inventory_turnover_ratio": 1.58,
            "account_receivable_turnover_ratio": 3.04,
            "reinvestment_rate": 103.56,
            "research_to_sale_ratio": 0.64,
            "price_fair": 68.6,
            "eps_avg_yearly": 1.96,
            "eps_latest_yearly": 1,
            "eps_growth_yearly": 182.15
        },
        "20124": {
            "year_quarter": 20124,
            "year": 2012,
            "quarter": 4,
            "eps": 0.16,
            "eps_growth_year": 66.78,
            "eps_4q": 0.48,
            "eps_4q_growth_year": -68.16,
            "roe": 0.66,
            "roe_4q": 1.9100000000000001,
            "gross_profit": 296077,
            "gross_margin": 7.9,
            "gross_margin_4q_avg": 6.85,
            "net_income": 51147,
            "net_income_4q": null,
            "revenue": 3749668,
            "revenue_4q": null,
            "common_shares": 3211800,
            "book_valuer_per_share": 24.04,
            "book_valuer_per_share_4q_avg": 24.22,
            "equity": 7773808,
            "current_ratio": 492.95,
            "debt_ratio": 18.71,
            "inventory_turnover_ratio": 1.71,
            "account_receivable_turnover_ratio": 3.22,
            "reinvestment_rate": 27.62,
            "research_to_sale_ratio": 0.52,
            "price_fair": 68.6,
            "eps_avg_yearly": 1.96,
            "eps_latest_yearly": 1,
            "eps_growth_yearly": 182.15
        },
        "20131": {
            "year_quarter": 20131,
            "year": 2013,
            "quarter": 1,
            "eps": 0.58,
            "eps_growth_year": 114.81,
            "eps_4q": 0.79,
            "eps_4q_growth_year": -47.77,
            "roe": 2.42,
            "roe_4q": 3.2800000000000002,
            "gross_profit": 436793,
            "gross_margin": 11.49,
            "gross_margin_4q_avg": 7.69,
            "net_income": 189748,
            "net_income_4q": null,
            "revenue": 3801138,
            "revenue_4q": null,
            "common_shares": 3211800,
            "book_valuer_per_share": 24.38,
            "book_valuer_per_share_4q_avg": 24.09,
            "equity": 7885207,
            "current_ratio": 571.8,
            "debt_ratio": 19.26,
            "inventory_turnover_ratio": 1.74,
            "account_receivable_turnover_ratio": 4.09,
            "reinvestment_rate": 14.84,
            "research_to_sale_ratio": 0.56,
            "price_fair": 70,
            "eps_avg_yearly": 2,
            "eps_latest_yearly": 2.32,
            "eps_growth_yearly": 278.58
        },
        "20132": {
            "year_quarter": 20132,
            "year": 2013,
            "quarter": 2,
            "eps": 0.49,
            "eps_growth_year": 94.94,
            "eps_4q": 1.03,
            "eps_4q_growth_year": -5.05,
            "roe": 1.96,
            "roe_4q": 4.2,
            "gross_profit": 389144,
            "gross_margin": 11.34,
            "gross_margin_4q_avg": 8.6,
            "net_income": 154719,
            "net_income_4q": null,
            "revenue": 3430417,
            "revenue_4q": null,
            "common_shares": 3211800,
            "book_valuer_per_share": 24.55,
            "book_valuer_per_share_4q_avg": 24.2,
            "equity": 7937641,
            "current_ratio": 508.26,
            "debt_ratio": 20.6,
            "inventory_turnover_ratio": 1.57,
            "account_receivable_turnover_ratio": 3.52,
            "reinvestment_rate": -3.81,
            "research_to_sale_ratio": 0.61,
            "price_fair": 69.86,
            "eps_avg_yearly": 2,
            "eps_latest_yearly": 1.96,
            "eps_growth_yearly": 244.52
        },
        "20133": {
            "year_quarter": 20133,
            "year": 2013,
            "quarter": 3,
            "eps": 0.29,
            "eps_growth_year": null,
            "eps_4q": 1.52,
            "eps_4q_growth_year": 267.85,
            "roe": 1.11,
            "roe_4q": 6.15,
            "gross_profit": 330747,
            "gross_margin": 8.64,
            "gross_margin_4q_avg": 9.84,
            "net_income": 88428,
            "net_income_4q": null,
            "revenue": 3826596,
            "revenue_4q": null,
            "common_shares": 3211800,
            "book_valuer_per_share": 24.83,
            "book_valuer_per_share_4q_avg": 24.45,
            "equity": 8024129,
            "current_ratio": 483.82,
            "debt_ratio": 21.22,
            "inventory_turnover_ratio": 1.8,
            "account_receivable_turnover_ratio": 3.7,
            "reinvestment_rate": -14.95,
            "research_to_sale_ratio": 0.56,
            "price_fair": 67.2,
            "eps_avg_yearly": 1.92,
            "eps_latest_yearly": 1.16,
            "eps_growth_yearly": 207.44
        },
        "20134": {
            "year_quarter": 20134,
            "year": 2013,
            "quarter": 4,
            "eps": 0.24,
            "eps_growth_year": 44.31,
            "eps_4q": 1.59,
            "eps_4q_growth_year": 232.82,
            "roe": 0.99,
            "roe_4q": 6.48,
            "gross_profit": 458785,
            "gross_margin": 11.14,
            "gross_margin_4q_avg": 10.65,
            "net_income": 79881,
            "net_income_4q": null,
            "revenue": 4116887,
            "revenue_4q": null,
            "common_shares": 3211800,
            "book_valuer_per_share": 25.21,
            "book_valuer_per_share_4q_avg": 24.74,
            "equity": 8151532,
            "current_ratio": 549.65,
            "debt_ratio": 19.51,
            "inventory_turnover_ratio": 1.94,
            "account_receivable_turnover_ratio": 4.18,
            "reinvestment_rate": -45.07,
            "research_to_sale_ratio": 0.59,
            "price_fair": 56.51,
            "eps_avg_yearly": 1.61,
            "eps_latest_yearly": 0.96,
            "eps_growth_yearly": 152.16
        },
        "20141": {
            "year_quarter": 20141,
            "year": 2014,
            "quarter": 1,
            "eps": 0.52,
            "eps_growth_year": -10.34,
            "eps_4q": 1.53,
            "eps_4q_growth_year": 92.92,
            "roe": 2.03,
            "roe_4q": 6.09,
            "gross_profit": 486400,
            "gross_margin": 12.31,
            "gross_margin_4q_avg": 10.86,
            "net_income": 166996,
            "net_income_4q": null,
            "revenue": 3950465,
            "revenue_4q": null,
            "common_shares": 3211800,
            "book_valuer_per_share": 25.72,
            "book_valuer_per_share_4q_avg": 25.08,
            "equity": 8318574,
            "current_ratio": 549.74,
            "debt_ratio": 19.78,
            "inventory_turnover_ratio": 1.84,
            "account_receivable_turnover_ratio": 3.73,
            "reinvestment_rate": -42.4,
            "research_to_sale_ratio": 0.57,
            "price_fair": 58.04,
            "eps_avg_yearly": 1.66,
            "eps_latest_yearly": 2.08,
            "eps_growth_yearly": 217.48
        },
        "20142": {
            "year_quarter": 20142,
            "year": 2014,
            "quarter": 2,
            "eps": 0.13,
            "eps_growth_year": -73.47,
            "eps_4q": 1.17,
            "eps_4q_growth_year": 13.39,
            "roe": 0.49,
            "roe_4q": 4.62,
            "gross_profit": 433912,
            "gross_margin": 10.65,
            "gross_margin_4q_avg": 10.69,
            "net_income": 40185,
            "net_income_4q": null,
            "revenue": 4073703,
            "revenue_4q": null,
            "common_shares": 3211800,
            "book_valuer_per_share": 24.65,
            "book_valuer_per_share_4q_avg": 25.1,
            "equity": 7973185,
            "current_ratio": 431.07,
            "debt_ratio": 23.01,
            "inventory_turnover_ratio": 1.85,
            "account_receivable_turnover_ratio": 3.88,
            "reinvestment_rate": -52.8,
            "research_to_sale_ratio": 0.57,
            "price_fair": 51.16,
            "eps_avg_yearly": 1.46,
            "eps_latest_yearly": 0.52,
            "eps_growth_yearly": 165.66
        },
        "20143": {
            "year_quarter": 20143,
            "year": 2014,
            "quarter": 3,
            "eps": 0.23,
            "eps_growth_year": -20.69,
            "eps_4q": 1.11,
            "eps_4q_growth_year": -27.36,
            "roe": 0.87,
            "roe_4q": 4.38,
            "gross_profit": 395518,
            "gross_margin": 9.71,
            "gross_margin_4q_avg": 10.95,
            "net_income": 69664,
            "net_income_4q": null,
            "revenue": 4072280,
            "revenue_4q": null,
            "common_shares": 3211800,
            "book_valuer_per_share": 24.93,
            "book_valuer_per_share_4q_avg": 25.13,
            "equity": 8047083,
            "current_ratio": 607.01,
            "debt_ratio": 19.48,
            "inventory_turnover_ratio": 1.87,
            "account_receivable_turnover_ratio": 3.97,
            "reinvestment_rate": -42.49,
            "research_to_sale_ratio": 0.54,
            "price_fair": 49.58,
            "eps_avg_yearly": 1.42,
            "eps_latest_yearly": 0.92,
            "eps_growth_yearly": 177.5
        },
        "20144": {
            "year_quarter": 20144,
            "year": 2014,
            "quarter": 4,
            "eps": 0.48,
            "eps_growth_year": 106.16,
            "eps_4q": 1.36,
            "eps_4q_growth_year": -14.99,
            "roe": 1.79,
            "roe_4q": 5.18,
            "gross_profit": 487156,
            "gross_margin": 11.92,
            "gross_margin_4q_avg": 11.15,
            "net_income": 144894,
            "net_income_4q": null,
            "revenue": 4086162,
            "revenue_4q": null,
            "common_shares": 3211800,
            "book_valuer_per_share": 25.33,
            "book_valuer_per_share_4q_avg": 25.16,
            "equity": 8164510,
            "current_ratio": 621.3,
            "debt_ratio": 19.98,
            "inventory_turnover_ratio": 1.85,
            "account_receivable_turnover_ratio": 4.62,
            "reinvestment_rate": -31.09,
            "research_to_sale_ratio": 0.58,
            "price_fair": 50.94,
            "eps_avg_yearly": 1.46,
            "eps_latest_yearly": 1.92,
            "eps_growth_yearly": 197.29
        },
        "20151": {
            "year_quarter": 20151,
            "year": 2015,
            "quarter": 1,
            "eps": 0.4,
            "eps_growth_year": -23.08,
            "eps_4q": 1.24,
            "eps_4q_growth_year": -19.13,
            "roe": 1.53,
            "roe_4q": 4.680000000000001,
            "gross_profit": 481613,
            "gross_margin": 12.38,
            "gross_margin_4q_avg": 11.17,
            "net_income": 125579,
            "net_income_4q": null,
            "revenue": 3890726,
            "revenue_4q": null,
            "common_shares": 3211800,
            "book_valuer_per_share": 25.71,
            "book_valuer_per_share_4q_avg": 25.16,
            "equity": 8285283,
            "current_ratio": 690.83,
            "debt_ratio": 19.23,
            "inventory_turnover_ratio": 1.77,
            "account_receivable_turnover_ratio": 5.3,
            "reinvestment_rate": -29.2,
            "research_to_sale_ratio": 0.6,
            "price_fair": 51.3,
            "eps_avg_yearly": 1.47,
            "eps_latest_yearly": 1.6,
            "eps_growth_yearly": 178.44
        },
        "20152": {
            "year_quarter": 20152,
            "year": 2015,
            "quarter": 2,
            "eps": 0.35,
            "eps_growth_year": 169.23,
            "eps_4q": 1.46,
            "eps_4q_growth_year": 25.07,
            "roe": 1.34,
            "roe_4q": 5.53,
            "gross_profit": 431703,
            "gross_margin": 11.69,
            "gross_margin_4q_avg": 11.43,
            "net_income": 109544,
            "net_income_4q": null,
            "revenue": 3694171,
            "revenue_4q": null,
            "common_shares": 3211800,
            "book_valuer_per_share": 25.11,
            "book_valuer_per_share_4q_avg": 25.27,
            "equity": 8087449,
            "current_ratio": 504.15,
            "debt_ratio": 22.1,
            "inventory_turnover_ratio": 1.83,
            "account_receivable_turnover_ratio": 4.86,
            "reinvestment_rate": -12.05,
            "research_to_sale_ratio": 0.59,
            "price_fair": 48,
            "eps_avg_yearly": 1.37,
            "eps_latest_yearly": 1.4,
            "eps_growth_yearly": 125.72
        },
        "20153": {
            "year_quarter": 20153,
            "year": 2015,
            "quarter": 3,
            "eps": -1.38,
            "eps_growth_year": -700,
            "eps_4q": -0.14,
            "eps_4q_growth_year": -112.87,
            "roe": -5.59,
            "roe_4q": -0.9299999999999997,
            "gross_profit": 331686,
            "gross_margin": 11.33,
            "gross_margin_4q_avg": 11.83,
            "net_income": -440511,
            "net_income_4q": null,
            "revenue": 2928460,
            "revenue_4q": null,
            "common_shares": 3211800,
            "book_valuer_per_share": 23.81,
            "book_valuer_per_share_4q_avg": 24.99,
            "equity": 7672844,
            "current_ratio": 750.49,
            "debt_ratio": 19.65,
            "inventory_turnover_ratio": 1.74,
            "account_receivable_turnover_ratio": 4.26,
            "reinvestment_rate": -71.69,
            "research_to_sale_ratio": 0.79,
            "price_fair": 46.63,
            "eps_avg_yearly": 1.33,
            "eps_latest_yearly": 1.4,
            "eps_growth_yearly": 144.9
        },
        "20154": {
            "year_quarter": 20154,
            "year": 2015,
            "quarter": 4,
            "eps": 0.34,
            "eps_growth_year": -29.71,
            "eps_4q": -0.29,
            "eps_4q_growth_year": -121.13,
            "roe": 1.49,
            "roe_4q": -1.2299999999999998,
            "gross_profit": 349035,
            "gross_margin": 14.67,
            "gross_margin_4q_avg": 12.52,
            "net_income": 115000,
            "net_income_4q": null,
            "revenue": 2378735,
            "revenue_4q": null,
            "common_shares": 3211800,
            "book_valuer_per_share": 23.95,
            "book_valuer_per_share_4q_avg": 24.65,
            "equity": 7720933,
            "current_ratio": 731.32,
            "debt_ratio": 20.01,
            "inventory_turnover_ratio": 1.51,
            "account_receivable_turnover_ratio": 4.56,
            "reinvestment_rate": -133.5,
            "research_to_sale_ratio": 0.94,
            "price_fair": 49.35,
            "eps_avg_yearly": 1.41,
            "eps_latest_yearly": 1.4,
            "eps_growth_yearly": 183.21
        },
        "20161": {
            "year_quarter": 20161,
            "year": 2016,
            "quarter": 1,
            "eps": 0.69,
            "eps_growth_year": 72.5,
            "eps_4q": 0,
            "eps_4q_growth_year": -99.69,
            "roe": 2.9,
            "roe_4q": 0.1399999999999999,
            "gross_profit": 467997,
            "gross_margin": 15.87,
            "gross_margin_4q_avg": 13.39,
            "net_income": 227294,
            "net_income_4q": null,
            "revenue": 2948859,
            "revenue_4q": null,
            "common_shares": 3211800,
            "book_valuer_per_share": 24.63,
            "book_valuer_per_share_4q_avg": 24.38,
            "equity": 7946321,
            "current_ratio": 703.81,
            "debt_ratio": 13.82,
            "inventory_turnover_ratio": 1.98,
            "account_receivable_turnover_ratio": 4.35,
            "reinvestment_rate": -116,
            "research_to_sale_ratio": 0.75,
            "price_fair": 54.25,
            "eps_avg_yearly": 1.55,
            "eps_latest_yearly": 2.76,
            "eps_growth_yearly": 160.86
        },
        "20162": {
            "year_quarter": 20162,
            "year": 2016,
            "quarter": 2,
            "eps": 1.02,
            "eps_growth_year": 191.43,
            "eps_4q": 0.67,
            "eps_4q_growth_year": -53.82,
            "roe": 4.04,
            "roe_4q": 2.84,
            "gross_profit": 601153,
            "gross_margin": 20.05,
            "gross_margin_4q_avg": 15.48,
            "net_income": 332815,
            "net_income_4q": null,
            "revenue": 2997542,
            "revenue_4q": null,
            "common_shares": 3211800,
            "book_valuer_per_share": 26.38,
            "book_valuer_per_share_4q_avg": 24.69,
            "equity": 8510489,
            "current_ratio": 527.63,
            "debt_ratio": 16.19,
            "inventory_turnover_ratio": 2.07,
            "account_receivable_turnover_ratio": 3.72,
            "reinvestment_rate": -56.68,
            "research_to_sale_ratio": 0.77,
            "price_fair": 63.23,
            "eps_avg_yearly": 1.81,
            "eps_latest_yearly": 4.08,
            "eps_growth_yearly": 179.27
        },
        "20163": {
            "year_quarter": 20163,
            "year": 2016,
            "quarter": 3,
            "eps": 1.08,
            "eps_growth_year": null,
            "eps_4q": 3.13,
            "eps_4q_growth_year": null,
            "roe": 4.06,
            "roe_4q": 12.49,
            "gross_profit": 625143,
            "gross_margin": 20.02,
            "gross_margin_4q_avg": 17.65,
            "net_income": 352587,
            "net_income_4q": null,
            "revenue": 3122162,
            "revenue_4q": null,
            "common_shares": 3211800,
            "book_valuer_per_share": 27.4,
            "book_valuer_per_share_4q_avg": 25.59,
            "equity": 8841580,
            "current_ratio": 664.66,
            "debt_ratio": 13.86,
            "inventory_turnover_ratio": 1.76,
            "account_receivable_turnover_ratio": 3.59,
            "reinvestment_rate": -62.43,
            "research_to_sale_ratio": 0.87,
            "price_fair": 70,
            "eps_avg_yearly": 2,
            "eps_latest_yearly": 4.32,
            "eps_growth_yearly": 167.29
        },
        "20164": {
            "year_quarter": 20164,
            "year": 2016,
            "quarter": 4,
            "eps": 1.16,
            "eps_growth_year": 241.36,
            "eps_4q": 3.95,
            "eps_4q_growth_year": null,
            "roe": 4.2,
            "roe_4q": 15.200000000000001,
            "gross_profit": 718253,
            "gross_margin": 19.07,
            "gross_margin_4q_avg": 18.75,
            "net_income": 376722,
            "net_income_4q": null,
            "revenue": 3765552,
            "revenue_4q": null,
            "common_shares": 3211800,
            "book_valuer_per_share": 28.24,
            "book_valuer_per_share_4q_avg": 26.66,
            "equity": 9114562,
            "current_ratio": 589.3,
            "debt_ratio": 16.3,
            "inventory_turnover_ratio": 1.92,
            "account_receivable_turnover_ratio": 4.07,
            "reinvestment_rate": -52.44,
            "research_to_sale_ratio": 0.74,
            "price_fair": 76.6,
            "eps_avg_yearly": 2.19,
            "eps_latest_yearly": 4.64,
            "eps_growth_yearly": 157.46
        },
        "20171": {
            "year_quarter": 20171,
            "year": 2017,
            "quarter": 1,
            "eps": 1.17,
            "eps_growth_year": 69.57,
            "eps_4q": 4.44,
            "eps_4q_growth_year": 114768.06,
            "roe": 4.11,
            "roe_4q": 16.41,
            "gross_profit": 690599,
            "gross_margin": 18.61,
            "gross_margin_4q_avg": 19.44,
            "net_income": 381903,
            "net_income_4q": null,
            "revenue": 3710275,
            "revenue_4q": null,
            "common_shares": 3211800,
            "book_valuer_per_share": 29.34,
            "book_valuer_per_share_4q_avg": 27.84,
            "equity": 9471764,
            "current_ratio": 590.24,
            "debt_ratio": 14.91,
            "inventory_turnover_ratio": 1.8,
            "account_receivable_turnover_ratio": 3.91,
            "reinvestment_rate": -50.52,
            "research_to_sale_ratio": 0.75,
            "price_fair": 82.5,
            "eps_avg_yearly": 2.36,
            "eps_latest_yearly": 4.68,
            "eps_growth_yearly": 82.7
        },
        "20172": {
            "year_quarter": 20172,
            "year": 2017,
            "quarter": 2,
            "eps": 0.54,
            "eps_growth_year": -47.06,
            "eps_4q": 3.96,
            "eps_4q_growth_year": 486.85,
            "roe": 1.9,
            "roe_4q": 14.27,
            "gross_profit": 435629,
            "gross_margin": 14.01,
            "gross_margin_4q_avg": 17.93,
            "net_income": 174128,
            "net_income_4q": null,
            "revenue": 3109949,
            "revenue_4q": null,
            "common_shares": 3211800,
            "book_valuer_per_share": 27.44,
            "book_valuer_per_share_4q_avg": 28.11,
            "equity": 8875745,
            "current_ratio": 407.05,
            "debt_ratio": 20.03,
            "inventory_turnover_ratio": 1.33,
            "account_receivable_turnover_ratio": 3.69,
            "reinvestment_rate": -46.42,
            "research_to_sale_ratio": 0.84,
            "price_fair": 83,
            "eps_avg_yearly": 2.37,
            "eps_latest_yearly": 2.16,
            "eps_growth_yearly": 71.75
        },
        "20173": {
            "year_quarter": 20173,
            "year": 2017,
            "quarter": 3,
            "eps": 0.21,
            "eps_growth_year": -80.56,
            "eps_4q": 3.08,
            "eps_4q_growth_year": -1.53,
            "roe": 0.74,
            "roe_4q": 10.95,
            "gross_profit": 260550,
            "gross_margin": 7.35,
            "gross_margin_4q_avg": 14.76,
            "net_income": 66387,
            "net_income_4q": null,
            "revenue": 3547101,
            "revenue_4q": null,
            "common_shares": 3211800,
            "book_valuer_per_share": 27.67,
            "book_valuer_per_share_4q_avg": 28.17,
            "equity": 8950445,
            "current_ratio": 628.25,
            "debt_ratio": 14.21,
            "inventory_turnover_ratio": 1.54,
            "account_receivable_turnover_ratio": 4.27,
            "reinvestment_rate": -43,
            "research_to_sale_ratio": 0.68,
            "price_fair": 82.2,
            "eps_avg_yearly": 2.35,
            "eps_latest_yearly": 0.84,
            "eps_growth_yearly": 65.95
        },
        "20174": {
            "year_quarter": 20174,
            "year": 2017,
            "quarter": 4,
            "eps": 0.39,
            "eps_growth_year": -66.15,
            "eps_4q": 2.32,
            "eps_4q_growth_year": -41.45,
            "roe": 1.4,
            "roe_4q": 8.149999999999999,
            "gross_profit": 364594,
            "gross_margin": 10.72,
            "gross_margin_4q_avg": 12.67,
            "net_income": 126561,
            "net_income_4q": null,
            "revenue": 3401717,
            "revenue_4q": null,
            "common_shares": 3211800,
            "book_valuer_per_share": 28.23,
            "book_valuer_per_share_4q_avg": 28.17,
            "equity": 9132339,
            "current_ratio": 668.15,
            "debt_ratio": 12.96,
            "inventory_turnover_ratio": 1.34,
            "account_receivable_turnover_ratio": 3.95,
            "reinvestment_rate": -32.85,
            "research_to_sale_ratio": 0.68,
            "price_fair": 83.7,
            "eps_avg_yearly": 2.39,
            "eps_latest_yearly": 1.56,
            "eps_growth_yearly": 95.37
        },
        "20181": {
            "year_quarter": 20181,
            "year": 2018,
            "quarter": 1,
            "eps": 0.09,
            "eps_growth_year": -92.31,
            "eps_4q": 1.23,
            "eps_4q_growth_year": -72.31,
            "roe": 0.3,
            "roe_4q": 4.34,
            "gross_profit": 202872,
            "gross_margin": 6.3,
            "gross_margin_4q_avg": 9.6,
            "net_income": 27402,
            "net_income_4q": null,
            "revenue": 3218424,
            "revenue_4q": null,
            "common_shares": 3211800,
            "book_valuer_per_share": 28.35,
            "book_valuer_per_share_4q_avg": 27.92,
            "equity": 9173049,
            "current_ratio": 774.37,
            "debt_ratio": 11.6,
            "inventory_turnover_ratio": 1.35,
            "account_receivable_turnover_ratio": 4.19,
            "reinvestment_rate": -31.98,
            "research_to_sale_ratio": 0.68,
            "price_fair": 79.4,
            "eps_avg_yearly": 2.27,
            "eps_latest_yearly": 0.36,
            "eps_growth_yearly": 40.06
        },
        "20182": {
            "year_quarter": 20182,
            "year": 2018,
            "quarter": 2,
            "eps": 0.18,
            "eps_growth_year": -66.67,
            "eps_4q": 0.87,
            "eps_4q_growth_year": -77.97,
            "roe": 0.6,
            "roe_4q": 3.04,
            "gross_profit": 195178,
            "gross_margin": 6.4,
            "gross_margin_4q_avg": 7.69,
            "net_income": 53505,
            "net_income_4q": null,
            "revenue": 3050496,
            "revenue_4q": null,
            "common_shares": 3211800,
            "book_valuer_per_share": 26.76,
            "book_valuer_per_share_4q_avg": 27.75,
            "equity": 8654672,
            "current_ratio": 512.99,
            "debt_ratio": 15.82,
            "inventory_turnover_ratio": 1.5,
            "account_receivable_turnover_ratio": 3.89,
            "reinvestment_rate": -24.72,
            "research_to_sale_ratio": 0.68,
            "price_fair": 79.9,
            "eps_avg_yearly": 2.28,
            "eps_latest_yearly": 0.72,
            "eps_growth_yearly": 90.06
        },
        "20183": {
            "year_quarter": 20183,
            "year": 2018,
            "quarter": 3,
            "eps": 0.07,
            "eps_growth_year": -66.67,
            "eps_4q": 0.73,
            "eps_4q_growth_year": -76.35,
            "roe": 0.22,
            "roe_4q": 2.5199999999999996,
            "gross_profit": 172443,
            "gross_margin": 6.58,
            "gross_margin_4q_avg": 7.5,
            "net_income": 18729,
            "net_income_4q": null,
            "revenue": 2619430,
            "revenue_4q": null,
            "common_shares": 3211800,
            "book_valuer_per_share": 26.77,
            "book_valuer_per_share_4q_avg": 27.53,
            "equity": 8653177,
            "current_ratio": 817.79,
            "debt_ratio": 11,
            "inventory_turnover_ratio": 1.37,
            "account_receivable_turnover_ratio": 2.57,
            "reinvestment_rate": -15.87,
            "research_to_sale_ratio": 0.85,
            "price_fair": 78.3,
            "eps_avg_yearly": 2.24,
            "eps_latest_yearly": 0.28,
            "eps_growth_yearly": 50.62
        },
        "20184": {
            "year_quarter": 20184,
            "year": 2018,
            "quarter": 4,
            "eps": -0,
            "eps_growth_year": -100.31,
            "eps_4q": 0.33,
            "eps_4q_growth_year": -85.55,
            "roe": -0.03,
            "roe_4q": 1.09,
            "gross_profit": 136610,
            "gross_margin": 5.71,
            "gross_margin_4q_avg": 6.25,
            "net_income": -2411,
            "net_income_4q": null,
            "revenue": 2393704,
            "revenue_4q": null,
            "common_shares": 3211800,
            "book_valuer_per_share": 26.98,
            "book_valuer_per_share_4q_avg": 27.22,
            "equity": 8717519,
            "current_ratio": 923.59,
            "debt_ratio": 9.36,
            "inventory_turnover_ratio": 1.26,
            "account_receivable_turnover_ratio": 2.24,
            "reinvestment_rate": -14.36,
            "research_to_sale_ratio": 0.74,
            "price_fair": 70.26,
            "eps_avg_yearly": 2.26,
            "eps_latest_yearly": 0.28,
            "eps_growth_yearly": 21.07
        },
        "20191": {
            "year_quarter": 20191,
            "year": 2019,
            "quarter": 1,
            "eps": -0.06,
            "eps_growth_year": -166.67,
            "eps_4q": 0.19,
            "eps_4q_growth_year": -84.56,
            "roe": -0.27,
            "roe_4q": 0.5199999999999999,
            "gross_profit": 102658,
            "gross_margin": 4.3,
            "gross_margin_4q_avg": 5.75,
            "net_income": -23632,
            "net_income_4q": null,
            "revenue": 2390018,
            "revenue_4q": null,
            "common_shares": 3211800,
            "book_valuer_per_share": 26.96,
            "book_valuer_per_share_4q_avg": 26.87,
            "equity": 8707224,
            "current_ratio": 942.93,
            "debt_ratio": 9.53,
            "inventory_turnover_ratio": 1.32,
            "account_receivable_turnover_ratio": 3.09,
            "reinvestment_rate": -7.65,
            "research_to_sale_ratio": 0.82,
            "price_fair": 81.08,
            "eps_avg_yearly": 2.32,
            "eps_latest_yearly": 0.28,
            "eps_growth_yearly": 28.38
        },
        "20192": {
            "year_quarter": 20192,
            "year": 2019,
            "quarter": 2,
            "eps": 0.24,
            "eps_growth_year": 33.33,
            "eps_4q": 0.25,
            "eps_4q_growth_year": -71.69,
            "roe": 0.9,
            "roe_4q": 0.82,
            "gross_profit": 226498,
            "gross_margin": 9.02,
            "gross_margin_4q_avg": 6.4,
            "net_income": 78282,
            "net_income_4q": null,
            "revenue": 2512104,
            "revenue_4q": null,
            "common_shares": 3211800,
            "book_valuer_per_share": 26.92,
            "book_valuer_per_share_4q_avg": 26.91,
            "equity": 8695241,
            "current_ratio": 818.43,
            "debt_ratio": 10.59,
            "inventory_turnover_ratio": 1.41,
            "account_receivable_turnover_ratio": 3.02,
            "reinvestment_rate": -21.62,
            "research_to_sale_ratio": 0.83,
            "price_fair": 84,
            "eps_avg_yearly": 2.4,
            "eps_latest_yearly": 0.28,
            "eps_growth_yearly": 35.51
        },
        "20193": {
            "year_quarter": 20193,
            "year": 2019,
            "quarter": 3,
            "eps": -0.04,
            "eps_growth_year": -157.14,
            "eps_4q": 0.14,
            "eps_4q_growth_year": -81.14,
            "roe": -0.18,
            "roe_4q": 0.41999999999999993,
            "gross_profit": 104837,
            "gross_margin": 3.91,
            "gross_margin_4q_avg": 5.74,
            "net_income": -15288,
            "net_income_4q": null,
            "revenue": 2684529,
            "revenue_4q": null,
            "common_shares": 3211800,
            "book_valuer_per_share": 26.83,
            "book_valuer_per_share_4q_avg": 26.92,
            "equity": 8663766,
            "current_ratio": 879.56,
            "debt_ratio": 9.86,
            "inventory_turnover_ratio": 1.58,
            "account_receivable_turnover_ratio": 2.77,
            "reinvestment_rate": 6.37,
            "research_to_sale_ratio": 0.76,
            "price_fair": 84,
            "eps_avg_yearly": 2.4,
            "eps_latest_yearly": 0.28,
            "eps_growth_yearly": 35.51
        },
        "20194": {
            "year_quarter": 20194,
            "year": 2019,
            "quarter": 4,
            "eps": -0.03,
            "eps_growth_year": null,
            "eps_4q": 0.11,
            "eps_4q_growth_year": -67.76,
            "roe": -0.11,
            "roe_4q": 0.3400000000000001,
            "gross_profit": 148801,
            "gross_margin": 6.49,
            "gross_margin_4q_avg": 5.93,
            "net_income": -9272,
            "net_income_4q": null,
            "revenue": 2291305,
            "revenue_4q": null,
            "common_shares": 3211800,
            "book_valuer_per_share": 26.97,
            "book_valuer_per_share_4q_avg": 26.92,
            "equity": 8708289,
            "current_ratio": 899.63,
            "debt_ratio": 9.21,
            "inventory_turnover_ratio": 1.2,
            "account_receivable_turnover_ratio": 2.83,
            "reinvestment_rate": 8.44,
            "research_to_sale_ratio": 0.75,
            "price_fair": 84,
            "eps_avg_yearly": 2.4,
            "eps_latest_yearly": 0.28,
            "eps_growth_yearly": 35.51
        },
        "20201": {
            "year_quarter": 20201,
            "year": 2020,
            "quarter": 1,
            "eps": -0.01,
            "eps_growth_year": null,
            "eps_4q": 0.16,
            "eps_4q_growth_year": -16.17,
            "roe": -0.03,
            "roe_4q": 0.5800000000000001,
            "gross_profit": 121239,
            "gross_margin": 5.04,
            "gross_margin_4q_avg": 6.12,
            "net_income": -2203,
            "net_income_4q": null,
            "revenue": 2403712,
            "revenue_4q": null,
            "common_shares": 3211800,
            "book_valuer_per_share": 26.8,
            "book_valuer_per_share_4q_avg": 26.88,
            "equity": 8651994,
            "current_ratio": 948.2,
            "debt_ratio": 8.87,
            "inventory_turnover_ratio": 1.35,
            "account_receivable_turnover_ratio": 4.01,
            "reinvestment_rate": 9.37,
            "research_to_sale_ratio": 0.77,
            "price_fair": 7.09,
            "eps_avg_yearly": 2.36,
            "eps_latest_yearly": 0.28,
            "eps_growth_yearly": -2.12
        },
        "20202": {
            "year_quarter": 20202,
            "year": 2020,
            "quarter": 2,
            "eps": -0.07,
            "eps_growth_year": -129.17,
            "eps_4q": -0.15,
            "eps_4q_growth_year": -162.34,
            "roe": -0.26,
            "roe_4q": -0.5800000000000001,
            "gross_profit": 99624,
            "gross_margin": 4.97,
            "gross_margin_4q_avg": 5.1,
            "net_income": -22091,
            "net_income_4q": null,
            "revenue": 2004310,
            "revenue_4q": null,
            "common_shares": 3211800,
            "book_valuer_per_share": 26.7,
            "book_valuer_per_share_4q_avg": 26.83,
            "equity": 8622694,
            "current_ratio": 909.3,
            "debt_ratio": 9.2,
            "inventory_turnover_ratio": 1.44,
            "account_receivable_turnover_ratio": 3.85,
            "reinvestment_rate": -22.49,
            "research_to_sale_ratio": 0.91,
            "price_fair": 6.52,
            "eps_avg_yearly": 2.17,
            "eps_latest_yearly": 0.28,
            "eps_growth_yearly": -23.61
        },
        "20203": {
            "year_quarter": 20203,
            "year": 2020,
            "quarter": 3,
            "eps": 0.21,
            "eps_growth_year": null,
            "eps_4q": 0.1,
            "eps_4q_growth_year": -25.86,
            "roe": 0.81,
            "roe_4q": 0.41000000000000003,
            "gross_profit": 247740,
            "gross_margin": 10.88,
            "gross_margin_4q_avg": 6.85,
            "net_income": 70532,
            "net_income_4q": null,
            "revenue": 2278037,
            "revenue_4q": null,
            "common_shares": 3211800,
            "book_valuer_per_share": 26.93,
            "book_valuer_per_share_4q_avg": 26.85,
            "equity": 8701168,
            "current_ratio": 841.13,
            "debt_ratio": 9.86,
            "inventory_turnover_ratio": 1.71,
            "account_receivable_turnover_ratio": 3.66,
            "reinvestment_rate": -26.14,
            "research_to_sale_ratio": 1.1,
            "price_fair": 5.72,
            "eps_avg_yearly": 1.91,
            "eps_latest_yearly": 0.28,
            "eps_growth_yearly": -29.5
        },
        "20204": {
            "year_quarter": 20204,
            "year": 2020,
            "quarter": 4,
            "eps": 0.64,
            "eps_growth_year": null,
            "eps_4q": 0.77,
            "eps_4q_growth_year": 613.62,
            "roe": 2.35,
            "roe_4q": 2.8700000000000006,
            "gross_profit": 398332,
            "gross_margin": 14.78,
            "gross_margin_4q_avg": 8.92,
            "net_income": 207133,
            "net_income_4q": null,
            "revenue": 2695585,
            "revenue_4q": null,
            "common_shares": 3211800,
            "book_valuer_per_share": 27.58,
            "book_valuer_per_share_4q_avg": 27,
            "equity": 8910744,
            "current_ratio": 715.65,
            "debt_ratio": 11.48,
            "inventory_turnover_ratio": 1.76,
            "account_receivable_turnover_ratio": 3.32,
            "reinvestment_rate": -26.8,
            "research_to_sale_ratio": 0.87,
            "price_fair": 57.58,
            "eps_avg_yearly": 1.65,
            "eps_latest_yearly": 2.56,
            "eps_growth_yearly": 69.17
        },
        "20211": {
            "year_quarter": 20211,
            "year": 2021,
            "quarter": 1,
            "eps": 0.86,
            "eps_growth_year": null,
            "eps_4q": 1.64,
            "eps_4q_growth_year": 929.35,
            "roe": 3.16,
            "roe_4q": 6.0600000000000005,
            "gross_profit": 476448,
            "gross_margin": 14.85,
            "gross_margin_4q_avg": 11.37,
            "net_income": 283494,
            "net_income_4q": null,
            "revenue": 3207718,
            "revenue_4q": null,
            "common_shares": 3211800,
            "book_valuer_per_share": 27.92,
            "book_valuer_per_share_4q_avg": 27.28,
            "equity": 9029554,
            "current_ratio": 654.4,
            "debt_ratio": 12.48,
            "inventory_turnover_ratio": 1.8,
            "account_receivable_turnover_ratio": 3.49,
            "reinvestment_rate": -26.33,
            "research_to_sale_ratio": 0.66,
            "price_fair": 52.15,
            "eps_avg_yearly": 1.49,
            "eps_latest_yearly": 3.44,
            "eps_growth_yearly": 85.93
        },
        "20212": {
            "year_quarter": 20212,
            "year": 2021,
            "quarter": 2,
            "eps": 1.06,
            "eps_growth_year": null,
            "eps_4q": 2.77,
            "eps_4q_growth_year": null,
            "roe": 3.75,
            "roe_4q": 10.07,
            "gross_profit": 572822,
            "gross_margin": 15.72,
            "gross_margin_4q_avg": 14.06,
            "net_income": 345051,
            "net_income_4q": null,
            "revenue": 3644801,
            "revenue_4q": null,
            "common_shares": 3211800,
            "book_valuer_per_share": 28.97,
            "book_valuer_per_share_4q_avg": 27.85,
            "equity": 9371510,
            "current_ratio": 615.89,
            "debt_ratio": 13.28,
            "inventory_turnover_ratio": 1.5,
            "account_receivable_turnover_ratio": 3.4,
            "reinvestment_rate": -24.31,
            "research_to_sale_ratio": 0.56,
            "price_fair": 61.25,
            "eps_avg_yearly": 1.75,
            "eps_latest_yearly": 4.24,
            "eps_growth_yearly": 124.48
        },
        "20213": {
            "year_quarter": 20213,
            "year": 2021,
            "quarter": 3,
            "eps": 1.04,
            "eps_growth_year": 395.24,
            "eps_4q": 3.59,
            "eps_4q_growth_year": 3418.28,
            "roe": 3.52,
            "roe_4q": 12.78,
            "gross_profit": 543680,
            "gross_margin": 15.12,
            "gross_margin_4q_avg": 15.12,
            "net_income": 335274,
            "net_income_4q": null,
            "revenue": 3596862,
            "revenue_4q": null,
            "common_shares": 3211800,
            "book_valuer_per_share": 30,
            "book_valuer_per_share_4q_avg": 28.62,
            "equity": 9704247,
            "current_ratio": 598,
            "debt_ratio": 13.79,
            "inventory_turnover_ratio": 1.05,
            "account_receivable_turnover_ratio": 3.02,
            "reinvestment_rate": -20.6,
            "research_to_sale_ratio": 0.58,
            "price_fair": 75.78,
            "eps_avg_yearly": 2.17,
            "eps_latest_yearly": 4.16,
            "eps_growth_yearly": 154.09
        },
        "20214": {
            "year_quarter": 20214,
            "year": 2021,
            "quarter": 4,
            "eps": 0.98,
            "eps_growth_year": 54.45,
            "eps_4q": 3.94,
            "eps_4q_growth_year": 411.25,
            "roe": 3.23,
            "roe_4q": 13.66,
            "gross_profit": 555313,
            "gross_margin": 14.21,
            "gross_margin_4q_avg": 14.98,
            "net_income": 318150,
            "net_income_4q": null,
            "revenue": 3906749,
            "revenue_4q": null,
            "common_shares": 3211800,
            "book_valuer_per_share": 30.83,
            "book_valuer_per_share_4q_avg": 29.43,
            "equity": 9975245,
            "current_ratio": 561.61,
            "debt_ratio": 15.2,
            "inventory_turnover_ratio": 1.03,
            "account_receivable_turnover_ratio": 3.74,
            "reinvestment_rate": -24.82,
            "research_to_sale_ratio": 0.52,
            "price_fair": 86.1,
            "eps_avg_yearly": 2.46,
            "eps_latest_yearly": 3.92,
            "eps_growth_yearly": 108.35
        },
        "20221": {
            "year_quarter": 20221,
            "year": 2022,
            "quarter": 1,
            "eps": 0.78,
            "eps_growth_year": -9.3,
            "eps_4q": 3.86,
            "eps_4q_growth_year": 135.69,
            "roe": 2.6,
            "roe_4q": 13.1,
            "gross_profit": 544764,
            "gross_margin": 12.99,
            "gross_margin_4q_avg": 14.51,
            "net_income": 252593,
            "net_income_4q": null,
            "revenue": 4194557,
            "revenue_4q": null,
            "common_shares": 3211800,
            "book_valuer_per_share": 29.11,
            "book_valuer_per_share_4q_avg": 29.73,
            "equity": 9425897,
            "current_ratio": 391.49,
            "debt_ratio": 20.56,
            "inventory_turnover_ratio": 1.31,
            "account_receivable_turnover_ratio": 3.73,
            "reinvestment_rate": -21.4,
            "research_to_sale_ratio": 0.49,
            "price_fair": 98.18,
            "eps_avg_yearly": 2.81,
            "eps_latest_yearly": 3.12,
            "eps_growth_yearly": 136.61
        },
        "20222": {
            "year_quarter": 20222,
            "year": 2022,
            "quarter": 2,
            "eps": 1.06,
            "eps_growth_year": 0,
            "eps_4q": 3.86,
            "eps_4q_growth_year": 39.71,
            "roe": 3.41,
            "roe_4q": 12.76,
            "gross_profit": 598438,
            "gross_margin": 16.06,
            "gross_margin_4q_avg": 14.6,
            "net_income": 327227,
            "net_income_4q": null,
            "revenue": 3726425,
            "revenue_4q": null,
            "common_shares": 3211800,
            "book_valuer_per_share": 30.15,
            "book_valuer_per_share_4q_avg": 30.02,
            "equity": 9740669,
            "current_ratio": 432.12,
            "debt_ratio": 18.92,
            "inventory_turnover_ratio": 1.08,
            "account_receivable_turnover_ratio": 3.27,
            "reinvestment_rate": -19.51,
            "research_to_sale_ratio": 0.59,
            "price_fair": 113.58,
            "eps_avg_yearly": 3.25,
            "eps_latest_yearly": 4.24,
            "eps_growth_yearly": 104.56
        },
        "20223": {
            "year_quarter": 20223,
            "year": 2022,
            "quarter": 3,
            "eps": -0.48,
            "eps_growth_year": -146.15,
            "eps_4q": 2.35,
            "eps_4q_growth_year": -34.64,
            "roe": -1.62,
            "roe_4q": 7.620000000000001,
            "gross_profit": -126610,
            "gross_margin": -5.04,
            "gross_margin_4q_avg": 9.56,
            "net_income": -156615,
            "net_income_4q": null,
            "revenue": 2513570,
            "revenue_4q": null,
            "common_shares": 3211800,
            "book_valuer_per_share": 29.69,
            "book_valuer_per_share_4q_avg": 29.95,
            "equity": 9591119,
            "current_ratio": 1069.33,
            "debt_ratio": 8.33,
            "inventory_turnover_ratio": 0.86,
            "account_receivable_turnover_ratio": 3.13,
            "reinvestment_rate": -27.25,
            "research_to_sale_ratio": 0.73,
            "price_fair": 128.4,
            "eps_avg_yearly": 3.67,
            "eps_latest_yearly": 4.24,
            "eps_growth_yearly": 154.41
        },
        "20224": {
            "year_quarter": 20224,
            "year": 2022,
            "quarter": 4,
            "eps": 0.21,
            "eps_growth_year": -78.56,
            "eps_4q": 1.57,
            "eps_4q_growth_year": -60.04,
            "roe": 0.75,
            "roe_4q": 5.140000000000001,
            "gross_profit": 190824,
            "gross_margin": 8.08,
            "gross_margin_4q_avg": 8.02,
            "net_income": 72333,
            "net_income_4q": null,
            "revenue": 2361705,
            "revenue_4q": null,
            "common_shares": 3211800,
            "book_valuer_per_share": 30.26,
            "book_valuer_per_share_4q_avg": 29.8,
            "equity": 9779037,
            "current_ratio": 975.94,
            "debt_ratio": 7.99,
            "inventory_turnover_ratio": 0.91,
            "account_receivable_turnover_ratio": 3.45,
            "reinvestment_rate": -25.73,
            "research_to_sale_ratio": 0.69,
            "price_fair": 128.4,
            "eps_avg_yearly": 3.67,
            "eps_latest_yearly": 4.24,
            "eps_growth_yearly": 154.41
        },
        "20231": {
            "year_quarter": 20231,
            "year": 2023,
            "quarter": 1,
            "eps": 0.5,
            "eps_growth_year": -35.9,
            "eps_4q": 1.29,
            "eps_4q_growth_year": -66.63,
            "roe": 1.66,
            "roe_4q": 4.2,
            "gross_profit": 331266,
            "gross_margin": 11.53,
            "gross_margin_4q_avg": 7.66,
            "net_income": 160842,
            "net_income_4q": null,
            "revenue": 2871990,
            "revenue_4q": null,
            "common_shares": 3211800,
            "book_valuer_per_share": 29.74,
            "book_valuer_per_share_4q_avg": 29.96,
            "equity": 9611249,
            "current_ratio": 687.18,
            "debt_ratio": 11.11,
            "inventory_turnover_ratio": 1.25,
            "account_receivable_turnover_ratio": 3.76,
            "reinvestment_rate": -26.49,
            "research_to_sale_ratio": 0.68,
            "price_fair": 121.1,
            "eps_avg_yearly": 3.46,
            "eps_latest_yearly": 2,
            "eps_growth_yearly": 204.16
        },
        "20232": {
            "year_quarter": 20232,
            "year": 2023,
            "quarter": 2,
            "eps": 0.21,
            "eps_growth_year": -80.19,
            "eps_4q": 0.43,
            "eps_4q_growth_year": -88.76,
            "roe": 0.68,
            "roe_4q": 1.4699999999999998,
            "gross_profit": 255417,
            "gross_margin": 8.69,
            "gross_margin_4q_avg": 5.82,
            "net_income": 65563,
            "net_income_4q": null,
            "revenue": 2938606,
            "revenue_4q": null,
            "common_shares": 3211800,
            "book_valuer_per_share": 29.92,
            "book_valuer_per_share_4q_avg": 29.9,
            "equity": 9668516,
            "current_ratio": 668.32,
            "debt_ratio": 11.41,
            "inventory_turnover_ratio": 1.34,
            "account_receivable_turnover_ratio": 3.61,
            "reinvestment_rate": -25.07,
            "research_to_sale_ratio": 0.84,
            "price_fair": 110.91,
            "eps_avg_yearly": 3.17,
            "eps_latest_yearly": 0.84,
            "eps_growth_yearly": 155.7
        },
        "20233": {
            "year_quarter": 20233,
            "year": 2023,
            "quarter": 3,
            "eps": 0.68,
            "eps_growth_year": null,
            "eps_4q": 1.6,
            "eps_4q_growth_year": -31.7,
            "roe": 2.26,
            "roe_4q": 5.35,
            "gross_profit": 375942,
            "gross_margin": 12.04,
            "gross_margin_4q_avg": 10.09,
            "net_income": 221420,
            "net_income_4q": null,
            "revenue": 3122171,
            "revenue_4q": null,
            "common_shares": 3211800,
            "book_valuer_per_share": 30.64,
            "book_valuer_per_share_4q_avg": 30.14,
            "equity": 9903350,
            "current_ratio": 953.05,
            "debt_ratio": 8.24,
            "inventory_turnover_ratio": 1.41,
            "account_receivable_turnover_ratio": 2.71,
            "reinvestment_rate": -22.9,
            "research_to_sale_ratio": 0.67,
            "price_fair": 109.34,
            "eps_avg_yearly": 3.12,
            "eps_latest_yearly": 2.72,
            "eps_growth_yearly": 229.65
        }
    },
    "months": {
        "2001-06": {
            "month": "2001-06",
            "price": "13.58",
            "revenue": 967149
        },
        "2001-07": {
            "month": "2001-07",
            "price": "11.82",
            "revenue": 955666
        },
        "2001-08": {
            "month": "2001-08",
            "price": "11.05",
            "revenue": 923463
        },
        "2001-09": {
            "month": "2001-09",
            "price": "10.51",
            "revenue": 941209
        },
        "2001-10": {
            "month": "2001-10",
            "price": "10.29",
            "revenue": 956707
        },
        "2001-11": {
            "month": "2001-11",
            "price": "10.26",
            "revenue": 974444
        },
        "2001-12": {
            "month": "2001-12",
            "price": "10.83",
            "revenue": 982841
        },
        "2002-01": {
            "month": "2002-01",
            "price": "11.66",
            "revenue": 980401
        },
        "2002-02": {
            "month": "2002-02",
            "price": "13.05",
            "revenue": 820798
        },
        "2002-03": {
            "month": "2002-03",
            "price": "13.92",
            "revenue": 994769
        },
        "2002-04": {
            "month": "2002-04",
            "price": "14.75",
            "revenue": 975090
        },
        "2002-05": {
            "month": "2002-05",
            "price": "15.38",
            "revenue": 1200974
        },
        "2002-06": {
            "month": "2002-06",
            "price": "19.31",
            "revenue": 835697
        },
        "2002-07": {
            "month": "2002-07",
            "price": "19.79",
            "revenue": 982827
        },
        "2002-08": {
            "month": "2002-08",
            "price": "19.12",
            "revenue": 1019545
        },
        "2002-09": {
            "month": "2002-09",
            "price": "17.26",
            "revenue": 1343964
        },
        "2002-10": {
            "month": "2002-10",
            "price": "23.60",
            "revenue": 1300192
        },
        "2002-11": {
            "month": "2002-11",
            "price": "33.61",
            "revenue": 1282366
        },
        "2002-12": {
            "month": "2002-12",
            "price": "38.68",
            "revenue": 1566618
        },
        "2003-01": {
            "month": "2003-01",
            "price": "48.77",
            "revenue": 1076562
        },
        "2003-02": {
            "month": "2003-02",
            "price": "47.41",
            "revenue": 1176123
        },
        "2003-03": {
            "month": "2003-03",
            "price": "39.04",
            "revenue": 1170991
        },
        "2003-04": {
            "month": "2003-04",
            "price": "37.32",
            "revenue": 1016099
        },
        "2003-05": {
            "month": "2003-05",
            "price": "34.31",
            "revenue": 1015547
        },
        "2003-06": {
            "month": "2003-06",
            "price": "41.90",
            "revenue": 1115100
        },
        "2003-07": {
            "month": "2003-07",
            "price": "46.20",
            "revenue": 1196483
        },
        "2003-08": {
            "month": "2003-08",
            "price": "45.03",
            "revenue": 1102583
        },
        "2003-09": {
            "month": "2003-09",
            "price": "40.66",
            "revenue": 1270732
        },
        "2003-10": {
            "month": "2003-10",
            "price": "41.95",
            "revenue": 1135363
        },
        "2003-11": {
            "month": "2003-11",
            "price": "39.72",
            "revenue": 1164764
        },
        "2003-12": {
            "month": "2003-12",
            "price": "38.97",
            "revenue": 1276685
        },
        "2004-01": {
            "month": "2004-01",
            "price": "45.23",
            "revenue": 1232349
        },
        "2004-02": {
            "month": "2004-02",
            "price": "45.20",
            "revenue": 1183785
        },
        "2004-03": {
            "month": "2004-03",
            "price": "43.14",
            "revenue": 1500962
        },
        "2004-04": {
            "month": "2004-04",
            "price": "40.19",
            "revenue": 1519143
        },
        "2004-05": {
            "month": "2004-05",
            "price": "34.44",
            "revenue": 1545888
        },
        "2004-06": {
            "month": "2004-06",
            "price": "35.68",
            "revenue": 1611769
        },
        "2004-07": {
            "month": "2004-07",
            "price": "37.49",
            "revenue": 1729174
        },
        "2004-08": {
            "month": "2004-08",
            "price": "37.81",
            "revenue": 1771852
        },
        "2004-09": {
            "month": "2004-09",
            "price": "43.55",
            "revenue": 1592446
        },
        "2004-10": {
            "month": "2004-10",
            "price": "44.48",
            "revenue": 1699053
        },
        "2004-11": {
            "month": "2004-11",
            "price": "39.37",
            "revenue": 1726424
        },
        "2004-12": {
            "month": "2004-12",
            "price": "41.16",
            "revenue": 1825974
        },
        "2005-01": {
            "month": "2005-01",
            "price": "42.41",
            "revenue": 1814161
        },
        "2005-02": {
            "month": "2005-02",
            "price": "42.92",
            "revenue": 1360388
        },
        "2005-03": {
            "month": "2005-03",
            "price": "41.08",
            "revenue": 1757556
        },
        "2005-04": {
            "month": "2005-04",
            "price": "38.26",
            "revenue": 1712889
        },
        "2005-05": {
            "month": "2005-05",
            "price": "35.01",
            "revenue": 1611359
        },
        "2005-06": {
            "month": "2005-06",
            "price": "34.56",
            "revenue": 1517857
        },
        "2005-07": {
            "month": "2005-07",
            "price": "32.21",
            "revenue": 1127499
        },
        "2005-08": {
            "month": "2005-08",
            "price": "28.92",
            "revenue": 1716904
        },
        "2005-09": {
            "month": "2005-09",
            "price": "32.96",
            "revenue": 1473016
        },
        "2005-10": {
            "month": "2005-10",
            "price": "27.12",
            "revenue": 1069720
        },
        "2005-11": {
            "month": "2005-11",
            "price": "24.24",
            "revenue": 1393131
        },
        "2005-12": {
            "month": "2005-12",
            "price": "24.02",
            "revenue": 1424659
        },
        "2006-01": {
            "month": "2006-01",
            "price": "23.99",
            "revenue": 1136691
        },
        "2006-02": {
            "month": "2006-02",
            "price": "25.57",
            "revenue": 1334526
        },
        "2006-03": {
            "month": "2006-03",
            "price": "25.18",
            "revenue": 1517579
        },
        "2006-04": {
            "month": "2006-04",
            "price": "29.10",
            "revenue": 1451942
        },
        "2006-05": {
            "month": "2006-05",
            "price": "28.27",
            "revenue": 1545464
        },
        "2006-06": {
            "month": "2006-06",
            "price": "26.43",
            "revenue": 1582717
        },
        "2006-07": {
            "month": "2006-07",
            "price": "26.80",
            "revenue": 1461774
        },
        "2006-08": {
            "month": "2006-08",
            "price": "25.61",
            "revenue": 1755301
        },
        "2006-09": {
            "month": "2006-09",
            "price": "26.22",
            "revenue": 1478153
        },
        "2006-10": {
            "month": "2006-10",
            "price": "28.21",
            "revenue": 1736549
        },
        "2006-11": {
            "month": "2006-11",
            "price": "28.78",
            "revenue": 2024131
        },
        "2006-12": {
            "month": "2006-12",
            "price": "30.19",
            "revenue": 1846221
        },
        "2007-01": {
            "month": "2007-01",
            "price": "31.29",
            "revenue": 1741797
        },
        "2007-02": {
            "month": "2007-02",
            "price": "31.70",
            "revenue": 1453638
        },
        "2007-03": {
            "month": "2007-03",
            "price": "31.88",
            "revenue": 1806213
        },
        "2007-04": {
            "month": "2007-04",
            "price": "35.02",
            "revenue": 1795800
        },
        "2007-05": {
            "month": "2007-05",
            "price": "34.98",
            "revenue": 1754022
        },
        "2007-06": {
            "month": "2007-06",
            "price": "35.76",
            "revenue": 2027296
        },
        "2007-07": {
            "month": "2007-07",
            "price": "36.55",
            "revenue": 1883515
        },
        "2007-08": {
            "month": "2007-08",
            "price": "32.33",
            "revenue": 1972460
        },
        "2007-09": {
            "month": "2007-09",
            "price": "33.30",
            "revenue": 1429099
        },
        "2007-10": {
            "month": "2007-10",
            "price": "33.43",
            "revenue": 1620722
        },
        "2007-11": {
            "month": "2007-11",
            "price": "30.03",
            "revenue": 1676458
        },
        "2007-12": {
            "month": "2007-12",
            "price": "27.95",
            "revenue": 1883578
        },
        "2008-01": {
            "month": "2008-01",
            "price": "27.56",
            "revenue": 1869343
        },
        "2008-02": {
            "month": "2008-02",
            "price": "30.49",
            "revenue": 1406676
        },
        "2008-03": {
            "month": "2008-03",
            "price": "30.63",
            "revenue": 1851210
        },
        "2008-04": {
            "month": "2008-04",
            "price": "30.59",
            "revenue": 1698903
        },
        "2008-05": {
            "month": "2008-05",
            "price": "30.49",
            "revenue": 1991826
        },
        "2008-06": {
            "month": "2008-06",
            "price": "29.03",
            "revenue": 1948715
        },
        "2008-07": {
            "month": "2008-07",
            "price": "24.21",
            "revenue": 1926353
        },
        "2008-08": {
            "month": "2008-08",
            "price": "22.06",
            "revenue": 2447259
        },
        "2008-09": {
            "month": "2008-09",
            "price": "22.65",
            "revenue": 1760654
        },
        "2008-10": {
            "month": "2008-10",
            "price": "19.17",
            "revenue": 1376501
        },
        "2008-11": {
            "month": "2008-11",
            "price": "19.53",
            "revenue": 1362923
        },
        "2008-12": {
            "month": "2008-12",
            "price": "19.05",
            "revenue": 1621876
        },
        "2009-01": {
            "month": "2009-01",
            "price": "19.43",
            "revenue": 1070345
        },
        "2009-02": {
            "month": "2009-02",
            "price": "19.60",
            "revenue": 1053786
        },
        "2009-03": {
            "month": "2009-03",
            "price": "20.31",
            "revenue": 1104606
        },
        "2009-04": {
            "month": "2009-04",
            "price": "23.01",
            "revenue": 995900
        },
        "2009-05": {
            "month": "2009-05",
            "price": "23.43",
            "revenue": 951867
        },
        "2009-06": {
            "month": "2009-06",
            "price": "24.52",
            "revenue": 1225462
        },
        "2009-07": {
            "month": "2009-07",
            "price": "24.38",
            "revenue": 1098507
        },
        "2009-08": {
            "month": "2009-08",
            "price": "24.26",
            "revenue": 1310616
        },
        "2009-09": {
            "month": "2009-09",
            "price": "23.55",
            "revenue": 1133997
        },
        "2009-10": {
            "month": "2009-10",
            "price": "22.86",
            "revenue": 1266606
        },
        "2009-11": {
            "month": "2009-11",
            "price": "22.35",
            "revenue": 1073719
        },
        "2009-12": {
            "month": "2009-12",
            "price": "23.13",
            "revenue": 1542762
        },
        "2010-01": {
            "month": "2010-01",
            "price": "23.48",
            "revenue": 1587445
        },
        "2010-02": {
            "month": "2010-02",
            "price": "22.02",
            "revenue": 971970
        },
        "2010-03": {
            "month": "2010-03",
            "price": "22.70",
            "revenue": 1599102
        },
        "2010-04": {
            "month": "2010-04",
            "price": "23.90",
            "revenue": 1526493
        },
        "2010-05": {
            "month": "2010-05",
            "price": "22.38",
            "revenue": 1354522
        },
        "2010-06": {
            "month": "2010-06",
            "price": "21.37",
            "revenue": 1213865
        },
        "2010-07": {
            "month": "2010-07",
            "price": "20.86",
            "revenue": 1438030
        },
        "2010-08": {
            "month": "2010-08",
            "price": "22.07",
            "revenue": 1282028
        },
        "2010-09": {
            "month": "2010-09",
            "price": "22.45",
            "revenue": 1384908
        },
        "2010-10": {
            "month": "2010-10",
            "price": "22.49",
            "revenue": 1404894
        },
        "2010-11": {
            "month": "2010-11",
            "price": "21.30",
            "revenue": 1603904
        },
        "2010-12": {
            "month": "2010-12",
            "price": "21.68",
            "revenue": 1594486
        },
        "2011-01": {
            "month": "2011-01",
            "price": "22.17",
            "revenue": 1647373
        },
        "2011-02": {
            "month": "2011-02",
            "price": "21.52",
            "revenue": 1054764
        },
        "2011-03": {
            "month": "2011-03",
            "price": "21.37",
            "revenue": 1838503
        },
        "2011-04": {
            "month": "2011-04",
            "price": "21.16",
            "revenue": 1488929
        },
        "2011-05": {
            "month": "2011-05",
            "price": "20.13",
            "revenue": 1659808
        },
        "2011-06": {
            "month": "2011-06",
            "price": "19.84",
            "revenue": 1382413
        },
        "2011-07": {
            "month": "2011-07",
            "price": "19.69",
            "revenue": 1407634
        },
        "2011-08": {
            "month": "2011-08",
            "price": "18.83",
            "revenue": 1556889
        },
        "2011-09": {
            "month": "2011-09",
            "price": "19.13",
            "revenue": 1461082
        },
        "2011-10": {
            "month": "2011-10",
            "price": "18.38",
            "revenue": 1437156
        },
        "2011-11": {
            "month": "2011-11",
            "price": "19.05",
            "revenue": 1248212
        },
        "2011-12": {
            "month": "2011-12",
            "price": "18.53",
            "revenue": 1350737
        },
        "2012-01": {
            "month": "2012-01",
            "price": "18.62",
            "revenue": 1425561
        },
        "2012-02": {
            "month": "2012-02",
            "price": "19.91",
            "revenue": 1508269
        },
        "2012-03": {
            "month": "2012-03",
            "price": "20.57",
            "revenue": 1489902
        },
        "2012-04": {
            "month": "2012-04",
            "price": "19.88",
            "revenue": 1324912
        },
        "2012-05": {
            "month": "2012-05",
            "price": "19.60",
            "revenue": 1385952
        },
        "2012-06": {
            "month": "2012-06",
            "price": "18.94",
            "revenue": 1301501
        },
        "2012-07": {
            "month": "2012-07",
            "price": "18.78",
            "revenue": 1268166
        },
        "2012-08": {
            "month": "2012-08",
            "price": "18.44",
            "revenue": 1066441
        },
        "2012-09": {
            "month": "2012-09",
            "price": "18.60",
            "revenue": 1027771
        },
        "2012-10": {
            "month": "2012-10",
            "price": "18.36",
            "revenue": 1398711
        },
        "2012-11": {
            "month": "2012-11",
            "price": "17.66",
            "revenue": 1225225
        },
        "2012-12": {
            "month": "2012-12",
            "price": "17.92",
            "revenue": 1074659
        },
        "2013-01": {
            "month": "2013-01",
            "price": "18.61",
            "revenue": 1394181
        },
        "2013-02": {
            "month": "2013-02",
            "price": "18.65",
            "revenue": 1167182
        },
        "2013-03": {
            "month": "2013-03",
            "price": "18.42",
            "revenue": 1239775
        },
        "2013-04": {
            "month": "2013-04",
            "price": "17.54",
            "revenue": 1280525
        },
        "2013-05": {
            "month": "2013-05",
            "price": "18.42",
            "revenue": 1110633
        },
        "2013-06": {
            "month": "2013-06",
            "price": "18.51",
            "revenue": 1039258
        },
        "2013-07": {
            "month": "2013-07",
            "price": "18.72",
            "revenue": 1225713
        },
        "2013-08": {
            "month": "2013-08",
            "price": "20.99",
            "revenue": 1282046
        },
        "2013-09": {
            "month": "2013-09",
            "price": "22.44",
            "revenue": 1322823
        },
        "2013-10": {
            "month": "2013-10",
            "price": "22.50",
            "revenue": 1287947
        },
        "2013-11": {
            "month": "2013-11",
            "price": "21.29",
            "revenue": 1362918
        },
        "2013-12": {
            "month": "2013-12",
            "price": "21.39",
            "revenue": 1462372
        },
        "2014-01": {
            "month": "2014-01",
            "price": "23.38",
            "revenue": 1171009
        },
        "2014-02": {
            "month": "2014-02",
            "price": "23.04",
            "revenue": 1327188
        },
        "2014-03": {
            "month": "2014-03",
            "price": "22.89",
            "revenue": 1452283
        },
        "2014-04": {
            "month": "2014-04",
            "price": "23.37",
            "revenue": 1264845
        },
        "2014-05": {
            "month": "2014-05",
            "price": "22.90",
            "revenue": 1384475
        },
        "2014-06": {
            "month": "2014-06",
            "price": "23.87",
            "revenue": 1424511
        },
        "2014-07": {
            "month": "2014-07",
            "price": "23.56",
            "revenue": 1450050
        },
        "2014-08": {
            "month": "2014-08",
            "price": "22.39",
            "revenue": 1357134
        },
        "2014-09": {
            "month": "2014-09",
            "price": "21.91",
            "revenue": 1266659
        },
        "2014-10": {
            "month": "2014-10",
            "price": "20.50",
            "revenue": 1168973
        },
        "2014-11": {
            "month": "2014-11",
            "price": "19.81",
            "revenue": 1418239
        },
        "2014-12": {
            "month": "2014-12",
            "price": "19.87",
            "revenue": 1497244
        },
        "2015-01": {
            "month": "2015-01",
            "price": "20.19",
            "revenue": 1222897
        },
        "2015-02": {
            "month": "2015-02",
            "price": "20.20",
            "revenue": 1232008
        },
        "2015-03": {
            "month": "2015-03",
            "price": "20.64",
            "revenue": 1435820
        },
        "2015-04": {
            "month": "2015-04",
            "price": "21.26",
            "revenue": 1255226
        },
        "2015-05": {
            "month": "2015-05",
            "price": "21.56",
            "revenue": 1209429
        },
        "2015-06": {
            "month": "2015-06",
            "price": "20.20",
            "revenue": 1229517
        },
        "2015-07": {
            "month": "2015-07",
            "price": "19.38",
            "revenue": 1149736
        },
        "2015-08": {
            "month": "2015-08",
            "price": "17.55",
            "revenue": 956026
        },
        "2015-09": {
            "month": "2015-09",
            "price": "17.34",
            "revenue": 822698
        },
        "2015-10": {
            "month": "2015-10",
            "price": "18.19",
            "revenue": 852937
        },
        "2015-11": {
            "month": "2015-11",
            "price": "17.08",
            "revenue": 693534
        },
        "2015-12": {
            "month": "2015-12",
            "price": "16.16",
            "revenue": 832671
        },
        "2016-01": {
            "month": "2016-01",
            "price": "16.50",
            "revenue": 817151
        },
        "2016-02": {
            "month": "2016-02",
            "price": "17.85",
            "revenue": 838834
        },
        "2016-03": {
            "month": "2016-03",
            "price": "19.36",
            "revenue": 1292873
        },
        "2016-04": {
            "month": "2016-04",
            "price": "19.64",
            "revenue": 913097
        },
        "2016-05": {
            "month": "2016-05",
            "price": "19.66",
            "revenue": 1046448
        },
        "2016-06": {
            "month": "2016-06",
            "price": "20.66",
            "revenue": 1037997
        },
        "2016-07": {
            "month": "2016-07",
            "price": "22.33",
            "revenue": 1022932
        },
        "2016-08": {
            "month": "2016-08",
            "price": "24.24",
            "revenue": 959596
        },
        "2016-09": {
            "month": "2016-09",
            "price": "25.97",
            "revenue": 1139635
        },
        "2016-10": {
            "month": "2016-10",
            "price": "27.15",
            "revenue": 1145091
        },
        "2016-11": {
            "month": "2016-11",
            "price": "33.96",
            "revenue": 1303525
        },
        "2016-12": {
            "month": "2016-12",
            "price": "36.76",
            "revenue": 1316936
        },
        "2017-01": {
            "month": "2017-01",
            "price": "35.23",
            "revenue": 1086913
        },
        "2017-02": {
            "month": "2017-02",
            "price": "40.70",
            "revenue": 1128899
        },
        "2017-03": {
            "month": "2017-03",
            "price": "40.52",
            "revenue": 1494313
        },
        "2017-04": {
            "month": "2017-04",
            "price": "35.72",
            "revenue": 998359
        },
        "2017-05": {
            "month": "2017-05",
            "price": "33.30",
            "revenue": 1046164
        },
        "2017-06": {
            "month": "2017-06",
            "price": "33.97",
            "revenue": 1065576
        },
        "2017-07": {
            "month": "2017-07",
            "price": "36.70",
            "revenue": 1011059
        },
        "2017-08": {
            "month": "2017-08",
            "price": "36.92",
            "revenue": 1213134
        },
        "2017-09": {
            "month": "2017-09",
            "price": "35.39",
            "revenue": 1322909
        },
        "2017-10": {
            "month": "2017-10",
            "price": "34.33",
            "revenue": 1331007
        },
        "2017-11": {
            "month": "2017-11",
            "price": "30.60",
            "revenue": 1025035
        },
        "2017-12": {
            "month": "2017-12",
            "price": "28.18",
            "revenue": 1045675
        },
        "2018-01": {
            "month": "2018-01",
            "price": "28.78",
            "revenue": 1143547
        },
        "2018-02": {
            "month": "2018-02",
            "price": "27.66",
            "revenue": 1015955
        },
        "2018-03": {
            "month": "2018-03",
            "price": "27.38",
            "revenue": 1058922
        },
        "2018-04": {
            "month": "2018-04",
            "price": "27.21",
            "revenue": 1036159
        },
        "2018-05": {
            "month": "2018-05",
            "price": "26.30",
            "revenue": 1035589
        },
        "2018-06": {
            "month": "2018-06",
            "price": "26.17",
            "revenue": 978747
        },
        "2018-07": {
            "month": "2018-07",
            "price": "24.96",
            "revenue": 955939
        },
        "2018-08": {
            "month": "2018-08",
            "price": "22.60",
            "revenue": 774588
        },
        "2018-09": {
            "month": "2018-09",
            "price": "21.42",
            "revenue": 888904
        },
        "2018-10": {
            "month": "2018-10",
            "price": "19.79",
            "revenue": 906044
        },
        "2018-11": {
            "month": "2018-11",
            "price": "19.57",
            "revenue": 827202
        },
        "2018-12": {
            "month": "2018-12",
            "price": "19.38",
            "revenue": 660458
        },
        "2019-01": {
            "month": "2019-01",
            "price": "19.27",
            "revenue": 782996
        },
        "2019-02": {
            "month": "2019-02",
            "price": "20.19",
            "revenue": 702183
        },
        "2019-03": {
            "month": "2019-03",
            "price": "19.98",
            "revenue": 904839
        },
        "2019-04": {
            "month": "2019-04",
            "price": "19.30",
            "revenue": 892533
        },
        "2019-05": {
            "month": "2019-05",
            "price": "18.75",
            "revenue": 832203
        },
        "2019-06": {
            "month": "2019-06",
            "price": "18.74",
            "revenue": 787368
        },
        "2019-07": {
            "month": "2019-07",
            "price": "19.67",
            "revenue": 782012
        },
        "2019-08": {
            "month": "2019-08",
            "price": "19.71",
            "revenue": 920995
        },
        "2019-09": {
            "month": "2019-09",
            "price": "19.96",
            "revenue": 981521
        },
        "2019-10": {
            "month": "2019-10",
            "price": "20.08",
            "revenue": 802790
        },
        "2019-11": {
            "month": "2019-11",
            "price": "19.92",
            "revenue": 607266
        },
        "2019-12": {
            "month": "2019-12",
            "price": "19.60",
            "revenue": 891449
        },
        "2020-01": {
            "month": "2020-01",
            "price": "19.48",
            "revenue": 804253
        },
        "2020-02": {
            "month": "2020-02",
            "price": "19.46",
            "revenue": 797389
        },
        "2020-03": {
            "month": "2020-03",
            "price": "16.84",
            "revenue": 802070
        },
        "2020-04": {
            "month": "2020-04",
            "price": "15.44",
            "revenue": 590475
        },
        "2020-05": {
            "month": "2020-05",
            "price": "16.04",
            "revenue": 635984
        },
        "2020-06": {
            "month": "2020-06",
            "price": "17.40",
            "revenue": 777851
        },
        "2020-07": {
            "month": "2020-07",
            "price": "17.76",
            "revenue": 649076
        },
        "2020-08": {
            "month": "2020-08",
            "price": "17.46",
            "revenue": 801842
        },
        "2020-09": {
            "month": "2020-09",
            "price": "18.79",
            "revenue": 827119
        },
        "2020-10": {
            "month": "2020-10",
            "price": "18.64",
            "revenue": 844643
        },
        "2020-11": {
            "month": "2020-11",
            "price": "18.97",
            "revenue": 804238
        },
        "2020-12": {
            "month": "2020-12",
            "price": "22.15",
            "revenue": 1046703
        },
        "2021-01": {
            "month": "2021-01",
            "price": "22.06",
            "revenue": 977540
        },
        "2021-02": {
            "month": "2021-02",
            "price": "21.15",
            "revenue": 1182106
        },
        "2021-03": {
            "month": "2021-03",
            "price": "23.25",
            "revenue": 1048072
        },
        "2021-04": {
            "month": "2021-04",
            "price": "31.09",
            "revenue": 1245262
        },
        "2021-05": {
            "month": "2021-05",
            "price": "34.28",
            "revenue": 1121146
        },
        "2021-06": {
            "month": "2021-06",
            "price": "38.17",
            "revenue": 1278394
        },
        "2021-07": {
            "month": "2021-07",
            "price": "49.29",
            "revenue": 1290069
        },
        "2021-08": {
            "month": "2021-08",
            "price": "44.43",
            "revenue": 1023602
        },
        "2021-09": {
            "month": "2021-09",
            "price": "39.73",
            "revenue": 1283192
        },
        "2021-10": {
            "month": "2021-10",
            "price": "34.29",
            "revenue": 1495069
        },
        "2021-11": {
            "month": "2021-11",
            "price": "33.27",
            "revenue": 1255400
        },
        "2021-12": {
            "month": "2021-12",
            "price": "33.22",
            "revenue": 1156280
        },
        "2022-01": {
            "month": "2022-01",
            "price": "30.32",
            "revenue": 1380627
        },
        "2022-02": {
            "month": "2022-02",
            "price": "30.87",
            "revenue": 1199433
        },
        "2022-03": {
            "month": "2022-03",
            "price": "33.18",
            "revenue": 1614513
        },
        "2022-04": {
            "month": "2022-04",
            "price": "36.86",
            "revenue": 1460944
        },
        "2022-05": {
            "month": "2022-05",
            "price": "31.26",
            "revenue": 1143838
        },
        "2022-06": {
            "month": "2022-06",
            "price": "28.89",
            "revenue": 1121627
        },
        "2022-07": {
            "month": "2022-07",
            "price": "23.95",
            "revenue": 1035691
        },
        "2022-08": {
            "month": "2022-08",
            "price": "24.88",
            "revenue": 794833
        },
        "2022-09": {
            "month": "2022-09",
            "price": "24.57",
            "revenue": 683046
        },
        "2022-10": {
            "month": "2022-10",
            "price": "23.17",
            "revenue": 830010
        },
        "2022-11": {
            "month": "2022-11",
            "price": "23.89",
            "revenue": 727255
        },
        "2022-12": {
            "month": "2022-12",
            "price": "24.11",
            "revenue": 804440
        },
        "2023-01": {
            "month": "2023-01",
            "price": "24.70",
            "revenue": 772409
        },
        "2023-02": {
            "month": "2023-02",
            "price": "25.46",
            "revenue": 947376
        },
        "2023-03": {
            "month": "2023-03",
            "price": "25.58",
            "revenue": 1152204
        },
        "2023-04": {
            "month": "2023-04",
            "price": "25.99",
            "revenue": 907881
        },
        "2023-05": {
            "month": "2023-05",
            "price": "25.26",
            "revenue": 1109514
        },
        "2023-06": {
            "month": "2023-06",
            "price": "25.32",
            "revenue": 921212
        },
        "2023-07": {
            "month": "2023-07",
            "price": "24.79",
            "revenue": 928140
        },
        "2023-08": {
            "month": "2023-08",
            "price": "24.00",
            "revenue": 1221073
        },
        "2023-09": {
            "month": "2023-09",
            "price": "24.42",
            "revenue": 972959
        },
        "2023-10": {
            "month": "2023-10",
            "price": "23.46",
            "revenue": 1122817
        },
        "2023-11": {
            "month": "2023-11",
            "price": "26.40",
            "revenue": 1105867
        },
        "2023-12": {
            "month": "2023-12",
            "price": "29.85",
            "revenue": 1227703
        }
    }
}
