{
    "summary": {
        "stock_name": "彰源",
        "stock_id": "2030",
        "category": "鋼鐵",
        "main_business": "鋼鐵治鍊業. 鋼鐵軋延及擠型業. 鋼鐵鑄造業. 鋼材二次加工業<br>其他金屬製品製造業.熱處理業.表面處理業. 再生能源自用發電設備<br>五金批發業.國際貿易業.產品設計業. 除許可業務外，得經營法令非",
        "website_url": "http://www.froch.com",
        "ceo": "張炳耀",
        "pe_ratio": 60,
        "report_year_from": 2001,
        "report_year_to": 2023,
        "age": 23,
        "eps_negative_percentage": 17,
        "eps_growth_avg": {
            "last_all": 8.49,
            "last_2y": -10.02,
            "last_4y": -28.4,
            "last_8y": -20.31,
            "last_12y": -16.25,
            "last_16y": -15.22,
            "last_20y": 3.1,
            "at_2006_last_3y": 62.66,
            "at_2007_last_3y": 28.82,
            "at_2008_last_3y": -21.18,
            "at_2009_last_3y": -11.79,
            "at_2010_last_3y": -11.79,
            "at_2011_last_3y": -33.33,
            "at_2012_last_3y": 0,
            "at_2013_last_3y": 0,
            "at_2014_last_3y": 0,
            "at_2015_last_3y": 0,
            "at_2016_last_3y": 0,
            "at_2017_last_3y": 26.67,
            "at_2018_last_3y": -6.84,
            "at_2019_last_3y": 8.9,
            "at_2020_last_3y": -8.11,
            "at_2021_last_3y": -3.11,
            "at_2022_last_3y": -12.58,
            "at_2023_last_3y": -22.3,
            "at_2024_last_3y": -22.3,
            "at_2006_last_all": 70.13,
            "at_2007_last_all": 52.55,
            "at_2008_last_all": 30.75,
            "at_2009_last_all": 30.75,
            "at_2010_last_all": 39.41,
            "at_2011_last_all": 23.92,
            "at_2012_last_all": 23.92,
            "at_2013_last_all": 23.92,
            "at_2014_last_all": 31.53,
            "at_2015_last_all": 19.57,
            "at_2016_last_all": 19.57,
            "at_2017_last_all": 24.61,
            "at_2018_last_all": 22.67,
            "at_2019_last_all": 17.28,
            "at_2020_last_all": 12.19,
            "at_2021_last_all": 17.68,
            "at_2022_last_all": 14.38,
            "at_2023_last_all": 8.49,
            "at_2024_last_all": 8.49
        },
        "latest_eps": 0.31,
        "latest_price": 18.55,
        "latest_roe": 1.68,
        "latest_gross_margin": 6.26,
        "latest_equity": 4952927,
        "latest_revenue": 3164520,
        "latest_gross_profit": 197949,
        "latest_net_income": 13528,
        "latest_debt_ratio": 58.91,
        "latest_current_ratio": 217.91,
        "latest_account_receivable_turnover_ratio": 2.57,
        "latest_inventory_turnover_ratio": 0.69,
        "latest_reinvestment_rate": 25.49,
        "latest_research_to_sale_ratio": null
    },
    "eps_dividends": {
        "1997": {
            "cash": 0,
            "stock": 1,
            "eps": 0
        },
        "1998": {
            "cash": 0,
            "stock": 1,
            "eps": 0
        },
        "1999": {
            "cash": 0,
            "stock": 1.5,
            "eps": 0
        },
        "2000": {
            "cash": 0,
            "stock": 1.2,
            "eps": 0
        },
        "2001": {
            "cash": 0,
            "stock": 1,
            "eps": 0.35
        },
        "2002": {
            "cash": 0.25,
            "stock": 0,
            "eps": 0.81
        },
        "2003": {
            "cash": 0.2,
            "stock": 0.5,
            "eps": 1.63
        },
        "2004": {
            "cash": 0,
            "stock": 1.5,
            "eps": 4.56
        },
        "2005": {
            "cash": 0.5,
            "stock": 1.8,
            "eps": 2.31
        },
        "2006": {
            "cash": 1.38,
            "stock": 0.5,
            "eps": 4.72
        },
        "2007": {
            "cash": 1.6,
            "stock": 2.5,
            "eps": 3.05
        },
        "2008": {
            "cash": 0.6,
            "stock": 1.5,
            "eps": -2.49
        },
        "2009": {
            "cash": 0,
            "stock": 0,
            "eps": 0.58
        },
        "2010": {
            "cash": 0,
            "stock": 0,
            "eps": 1.47
        },
        "2011": {
            "cash": 0,
            "stock": 0,
            "eps": -0.98
        },
        "2012": {
            "cash": 0,
            "stock": 0,
            "eps": -1.35
        },
        "2013": {
            "cash": 0,
            "stock": 0,
            "eps": 0.15
        },
        "2014": {
            "cash": 0,
            "stock": 0,
            "eps": 1.5
        },
        "2015": {
            "cash": 0.5,
            "stock": 0.5,
            "eps": -1.01
        },
        "2016": {
            "cash": 0,
            "stock": 0,
            "eps": 1.1
        },
        "2017": {
            "cash": 0.3,
            "stock": 0,
            "eps": 1.98
        },
        "2018": {
            "cash": 1.01,
            "stock": 0,
            "eps": 1.97
        },
        "2019": {
            "cash": 1,
            "stock": 0,
            "eps": 0.93
        },
        "2020": {
            "cash": 0.5,
            "stock": 0,
            "eps": 0.38
        },
        "2021": {
            "cash": 0.5,
            "stock": 0,
            "eps": 4.3
        },
        "2022": {
            "cash": 2,
            "stock": 0,
            "eps": 2.65
        },
        "2023": {
            "cash": 1.5,
            "stock": 0,
            "eps": 0.22
        }
    },
    "dividends": {
        "1997-05-16": {
            "cash": 0,
            "stock": 1
        },
        "1998-03-20": {
            "cash": 0,
            "stock": 1
        },
        "1999-05-28": {
            "cash": 0,
            "stock": 1.5
        },
        "2000-05-26": {
            "cash": 0,
            "stock": 1.2
        },
        "2001-05-10": {
            "cash": 0,
            "stock": 1
        },
        "2002-06-05": {
            "cash": 0.25,
            "stock": 0
        },
        "2003-03-11": {
            "cash": 0.2,
            "stock": 0.5
        },
        "2004-02-24": {
            "cash": 0,
            "stock": 1.5
        },
        "2005-03-07": {
            "cash": 0.5,
            "stock": 1.8
        },
        "2006-03-17": {
            "cash": 1.38,
            "stock": 0.5
        },
        "2007-03-26": {
            "cash": 1.6,
            "stock": 2.5
        },
        "2008-03-25": {
            "cash": 0.6,
            "stock": 1.5
        },
        "2015-08-26": {
            "cash": 0.5,
            "stock": 0.5
        },
        "2017-08-23": {
            "cash": 0.3,
            "stock": 0
        },
        "2018-08-22": {
            "cash": 1.01,
            "stock": 0
        },
        "2019-08-19": {
            "cash": 1,
            "stock": 0
        },
        "2020-08-14": {
            "cash": 0.5,
            "stock": 0
        },
        "2021-09-29": {
            "cash": 0.5,
            "stock": 0
        },
        "2022-08-17": {
            "cash": 2,
            "stock": 0
        },
        "2023-08-02": {
            "cash": 1.5,
            "stock": 0
        }
    },
    "prices": {
        "200101": "10.73",
        "200102": "12.23",
        "200103": "11.28",
        "200104": "9.76",
        "200105": "8.52",
        "200106": "7.83",
        "200107": "6.71",
        "200108": "6.44",
        "200109": "5.46",
        "200110": "5.02",
        "200111": "4.98",
        "200112": "5.16",
        "200201": "5.26",
        "200202": "6.21",
        "200203": "7.61",
        "200204": "8.59",
        "200205": "8.70",
        "200206": "14.33",
        "200207": "13.23",
        "200208": "10.88",
        "200209": "9.34",
        "200210": "9.26",
        "200211": "10.71",
        "200212": "10.72",
        "200301": "12.89",
        "200302": "15.77",
        "200303": "13.90",
        "200304": "14.77",
        "200305": "13.59",
        "200306": "14.18",
        "200307": "16.55",
        "200308": "16.17",
        "200309": "15.23",
        "200310": "15.28",
        "200311": "15.32",
        "200312": "16.10",
        "200401": "20.08",
        "200402": "24.32",
        "200403": "33.51",
        "200404": "32.83",
        "200405": "21.02",
        "200406": "21.35",
        "200407": "23.48",
        "200408": "19.68",
        "200409": "27.14",
        "200410": "26.55",
        "200411": "23.62",
        "200412": "24.63",
        "200501": "24.72",
        "200502": "24.87",
        "200503": "22.58",
        "200504": "20.51",
        "200505": "19.65",
        "200506": "20.37",
        "200507": "19.04",
        "200508": "17.64",
        "200509": "19.03",
        "200510": "16.97",
        "200511": "16.26",
        "200512": "15.50",
        "200601": "15.89",
        "200602": "17.69",
        "200603": "16.85",
        "200604": "19.34",
        "200605": "18.46",
        "200606": "16.66",
        "200607": "17.49",
        "200608": "16.79",
        "200609": "17.05",
        "200610": "23.26",
        "200611": "23.50",
        "200612": "24.65",
        "200701": "26.52",
        "200702": "30.38",
        "200703": "31.88",
        "200704": "42.10",
        "200705": "42.28",
        "200706": "41.75",
        "200707": "42.43",
        "200708": "32.57",
        "200709": "34.55",
        "200710": "34.05",
        "200711": "30.09",
        "200712": "26.44",
        "200801": "25.33",
        "200802": "26.19",
        "200803": "27.86",
        "200804": "27.98",
        "200805": "26.22",
        "200806": "22.24",
        "200807": "18.32",
        "200808": "17.90",
        "200809": "11.40",
        "200810": "9.09",
        "200811": "7.66",
        "200812": "7.53",
        "200901": "8.27",
        "200902": "8.07",
        "200903": "8.58",
        "200904": "11.40",
        "200905": "13.11",
        "200906": "15.28",
        "200907": "15.61",
        "200908": "17.42",
        "200909": "16.20",
        "200910": "15.95",
        "200911": "15.41",
        "200912": "16.08",
        "201001": "17.12",
        "201002": "16.27",
        "201003": "17.26",
        "201004": "18.11",
        "201005": "15.75",
        "201006": "13.94",
        "201007": "14.07",
        "201008": "15.18",
        "201009": "16.50",
        "201010": "16.52",
        "201011": "16.19",
        "201012": "16.73",
        "201101": "17.63",
        "201102": "20.01",
        "201103": "18.39",
        "201104": "18.02",
        "201105": "16.30",
        "201106": "14.86",
        "201107": "14.34",
        "201108": "14.94",
        "201109": "13.54",
        "201110": "13.18",
        "201111": "11.48",
        "201112": "10.39",
        "201201": "10.58",
        "201202": "12.87",
        "201203": "12.41",
        "201204": "11.21",
        "201205": "10.68",
        "201206": "10.02",
        "201207": "9.89",
        "201208": "9.99",
        "201209": "10.78",
        "201210": "10.35",
        "201211": "9.46",
        "201212": "9.71",
        "201301": "10.73",
        "201302": "10.41",
        "201303": "9.85",
        "201304": "9.08",
        "201305": "9.31",
        "201306": "9.16",
        "201307": "9.06",
        "201308": "9.18",
        "201309": "9.86",
        "201310": "9.56",
        "201311": "9.16",
        "201312": "9.36",
        "201401": "9.83",
        "201402": "9.46",
        "201403": "9.92",
        "201404": "10.63",
        "201405": "12.26",
        "201406": "11.68",
        "201407": "11.44",
        "201408": "14.02",
        "201409": "14.35",
        "201410": "12.62",
        "201411": "12.45",
        "201412": "13.70",
        "201501": "13.69",
        "201502": "13.70",
        "201503": "13.10",
        "201504": "13.14",
        "201505": "12.96",
        "201506": "11.56",
        "201507": "10.98",
        "201508": "9.50",
        "201509": "9.44",
        "201510": "9.95",
        "201511": "9.49",
        "201512": "9.17",
        "201601": "9.00",
        "201602": "9.86",
        "201603": "10.36",
        "201604": "10.34",
        "201605": "9.74",
        "201606": "9.73",
        "201607": "10.18",
        "201608": "9.90",
        "201609": "9.67",
        "201610": "9.52",
        "201611": "10.41",
        "201612": "10.72",
        "201701": "10.39",
        "201702": "11.58",
        "201703": "12.09",
        "201704": "11.69",
        "201705": "11.52",
        "201706": "11.91",
        "201707": "13.21",
        "201708": "16.05",
        "201709": "16.00",
        "201710": "15.84",
        "201711": "16.19",
        "201712": "15.30",
        "201801": "16.32",
        "201802": "16.28",
        "201803": "16.17",
        "201804": "16.08",
        "201805": "15.97",
        "201806": "16.02",
        "201807": "14.95",
        "201808": "14.68",
        "201809": "14.58",
        "201810": "12.98",
        "201811": "12.80",
        "201812": "12.88",
        "201901": "12.68",
        "201902": "13.42",
        "201903": "14.29",
        "201904": "14.08",
        "201905": "13.10",
        "201906": "12.81",
        "201907": "13.08",
        "201908": "12.73",
        "201909": "13.46",
        "201910": "12.99",
        "201911": "12.46",
        "201912": "12.18",
        "202001": "12.25",
        "202002": "11.32",
        "202003": "9.94",
        "202004": "9.97",
        "202005": "10.26",
        "202006": "10.60",
        "202007": "10.51",
        "202008": "10.08",
        "202009": "10.51",
        "202010": "10.24",
        "202011": "10.68",
        "202012": "13.48",
        "202101": "13.20",
        "202102": "13.10",
        "202103": "13.46",
        "202104": "16.64",
        "202105": "18.92",
        "202106": "24.98",
        "202107": "41.17",
        "202108": "37.05",
        "202109": "35.19",
        "202110": "29.38",
        "202111": "29.94",
        "202112": "30.51",
        "202201": "28.25",
        "202202": "29.89",
        "202203": "33.56",
        "202204": "36.65",
        "202205": "29.90",
        "202206": "26.68",
        "202207": "22.65",
        "202208": "24.51",
        "202209": "24.30",
        "202210": "22.82",
        "202211": "22.29",
        "202212": "23.03",
        "202301": "23.14",
        "202302": "23.65",
        "202303": "23.47",
        "202304": "22.83",
        "202305": "22.43",
        "202306": "23.01",
        "202307": "21.00",
        "202308": "19.16",
        "202309": "18.64",
        "202310": "17.67",
        "202311": "18.15",
        "202312": "19.51"
    },
    "quarters": {
        "20011": {
            "year_quarter": 20011,
            "year": 2001,
            "quarter": 1,
            "eps": 0.1,
            "eps_growth_year": -77.78,
            "eps_4q": 0.95,
            "eps_4q_growth_year": -38.5,
            "roe": 0.67,
            "roe_4q": 0.67,
            "gross_profit": 73471,
            "gross_margin": 12.62,
            "gross_margin_4q_avg": 12.62,
            "net_income": 7073,
            "net_income_4q": null,
            "revenue": 582013,
            "revenue_4q": null,
            "common_shares": 730538,
            "book_valuer_per_share": 14.49,
            "book_valuer_per_share_4q_avg": 14.49,
            "equity": 1058821,
            "current_ratio": 140.05,
            "debt_ratio": 59.84,
            "inventory_turnover_ratio": 0.65,
            "account_receivable_turnover_ratio": null,
            "reinvestment_rate": null,
            "research_to_sale_ratio": null,
            "price_fair": 0,
            "eps_avg_yearly": 0,
            "eps_latest_yearly": 0,
            "eps_growth_yearly": 0
        },
        "20012": {
            "year_quarter": 20012,
            "year": 2001,
            "quarter": 2,
            "eps": 0.07,
            "eps_growth_year": -80,
            "eps_4q": 0.65,
            "eps_4q_growth_year": -50.22,
            "roe": 0.5,
            "roe_4q": 1.17,
            "gross_profit": 82416,
            "gross_margin": 15.06,
            "gross_margin_4q_avg": 13.84,
            "net_income": 5337,
            "net_income_4q": null,
            "revenue": 547250,
            "revenue_4q": null,
            "common_shares": 730538,
            "book_valuer_per_share": 14.61,
            "book_valuer_per_share_4q_avg": 14.55,
            "equity": 1067563,
            "current_ratio": 142.69,
            "debt_ratio": 60.56,
            "inventory_turnover_ratio": 0.56,
            "account_receivable_turnover_ratio": null,
            "reinvestment_rate": null,
            "research_to_sale_ratio": null,
            "price_fair": 0,
            "eps_avg_yearly": 0,
            "eps_latest_yearly": 0,
            "eps_growth_yearly": 0
        },
        "20013": {
            "year_quarter": 20013,
            "year": 2001,
            "quarter": 3,
            "eps": 0.09,
            "eps_growth_year": -43.75,
            "eps_4q": 0.55,
            "eps_4q_growth_year": -55.38,
            "roe": 0.7,
            "roe_4q": 1.87,
            "gross_profit": 79870,
            "gross_margin": 14.78,
            "gross_margin_4q_avg": 14.15,
            "net_income": 7468,
            "net_income_4q": null,
            "revenue": 540256,
            "revenue_4q": null,
            "common_shares": 803592,
            "book_valuer_per_share": 13.38,
            "book_valuer_per_share_4q_avg": 14.16,
            "equity": 1075333,
            "current_ratio": 125.33,
            "debt_ratio": 61.41,
            "inventory_turnover_ratio": 0.49,
            "account_receivable_turnover_ratio": null,
            "reinvestment_rate": null,
            "research_to_sale_ratio": null,
            "price_fair": 0,
            "eps_avg_yearly": 0,
            "eps_latest_yearly": 0,
            "eps_growth_yearly": 0
        },
        "20014": {
            "year_quarter": 20014,
            "year": 2001,
            "quarter": 4,
            "eps": 0.09,
            "eps_growth_year": -75,
            "eps_4q": 0.35,
            "eps_4q_growth_year": -72.1,
            "roe": 0.65,
            "roe_4q": 2.52,
            "gross_profit": 91153,
            "gross_margin": 14.43,
            "gross_margin_4q_avg": 14.22,
            "net_income": 6998,
            "net_income_4q": null,
            "revenue": 631636,
            "revenue_4q": null,
            "common_shares": 803592,
            "book_valuer_per_share": 13.48,
            "book_valuer_per_share_4q_avg": 13.99,
            "equity": 1083618,
            "current_ratio": 129.97,
            "debt_ratio": 58.07,
            "inventory_turnover_ratio": 0.6,
            "account_receivable_turnover_ratio": null,
            "reinvestment_rate": null,
            "research_to_sale_ratio": null,
            "price_fair": 0,
            "eps_avg_yearly": 0,
            "eps_latest_yearly": 0,
            "eps_growth_yearly": 0
        },
        "20021": {
            "year_quarter": 20021,
            "year": 2002,
            "quarter": 1,
            "eps": 0.1,
            "eps_growth_year": 0,
            "eps_4q": 0.36,
            "eps_4q_growth_year": -62.68,
            "roe": 0.71,
            "roe_4q": 2.5599999999999996,
            "gross_profit": 71183,
            "gross_margin": 12.68,
            "gross_margin_4q_avg": 14.24,
            "net_income": 7754,
            "net_income_4q": null,
            "revenue": 561217,
            "revenue_4q": null,
            "common_shares": 803592,
            "book_valuer_per_share": 13.58,
            "book_valuer_per_share_4q_avg": 13.76,
            "equity": 1091506,
            "current_ratio": 127.4,
            "debt_ratio": 58.12,
            "inventory_turnover_ratio": 0.63,
            "account_receivable_turnover_ratio": null,
            "reinvestment_rate": null,
            "research_to_sale_ratio": null,
            "price_fair": 14,
            "eps_avg_yearly": 0.4,
            "eps_latest_yearly": 0.4,
            "eps_growth_yearly": 44.44
        },
        "20022": {
            "year_quarter": 20022,
            "year": 2002,
            "quarter": 2,
            "eps": 0.48,
            "eps_growth_year": 585.71,
            "eps_4q": 0.75,
            "eps_4q_growth_year": 15.31,
            "roe": 3.54,
            "roe_4q": 5.6000000000000005,
            "gross_profit": 108498,
            "gross_margin": 15.88,
            "gross_margin_4q_avg": 14.44,
            "net_income": 38890,
            "net_income_4q": null,
            "revenue": 683216,
            "revenue_4q": null,
            "common_shares": 803592,
            "book_valuer_per_share": 13.75,
            "book_valuer_per_share_4q_avg": 13.55,
            "equity": 1104847,
            "current_ratio": 123.55,
            "debt_ratio": 58.12,
            "inventory_turnover_ratio": 0.77,
            "account_receivable_turnover_ratio": null,
            "reinvestment_rate": null,
            "research_to_sale_ratio": null,
            "price_fair": 40.6,
            "eps_avg_yearly": 1.16,
            "eps_latest_yearly": 1.92,
            "eps_growth_yearly": 782.22
        },
        "20023": {
            "year_quarter": 20023,
            "year": 2002,
            "quarter": 3,
            "eps": -0.01,
            "eps_growth_year": -111.11,
            "eps_4q": 0.65,
            "eps_4q_growth_year": 18.1,
            "roe": -0.1,
            "roe_4q": 4.800000000000001,
            "gross_profit": 98540,
            "gross_margin": 16.02,
            "gross_margin_4q_avg": 14.75,
            "net_income": -1131,
            "net_income_4q": null,
            "revenue": 615164,
            "revenue_4q": null,
            "common_shares": 803592,
            "book_valuer_per_share": 13.78,
            "book_valuer_per_share_4q_avg": 13.65,
            "equity": 1107661,
            "current_ratio": 135.45,
            "debt_ratio": 58.93,
            "inventory_turnover_ratio": 0.7,
            "account_receivable_turnover_ratio": null,
            "reinvestment_rate": null,
            "research_to_sale_ratio": null,
            "price_fair": 40.6,
            "eps_avg_yearly": 1.16,
            "eps_latest_yearly": 1.92,
            "eps_growth_yearly": 782.22
        },
        "20024": {
            "year_quarter": 20024,
            "year": 2002,
            "quarter": 4,
            "eps": 0.24,
            "eps_growth_year": 166.67,
            "eps_4q": 0.8,
            "eps_4q_growth_year": 131.95,
            "roe": 1.74,
            "roe_4q": 5.89,
            "gross_profit": 104819,
            "gross_margin": 13.55,
            "gross_margin_4q_avg": 14.53,
            "net_income": 19445,
            "net_income_4q": null,
            "revenue": 773735,
            "revenue_4q": null,
            "common_shares": 803592,
            "book_valuer_per_share": 14.02,
            "book_valuer_per_share_4q_avg": 13.78,
            "equity": 1126855,
            "current_ratio": 118.35,
            "debt_ratio": 58.21,
            "inventory_turnover_ratio": 0.92,
            "account_receivable_turnover_ratio": null,
            "reinvestment_rate": 150,
            "research_to_sale_ratio": null,
            "price_fair": 40.6,
            "eps_avg_yearly": 1.16,
            "eps_latest_yearly": 1.92,
            "eps_growth_yearly": 782.22
        },
        "20031": {
            "year_quarter": 20031,
            "year": 2003,
            "quarter": 1,
            "eps": 0.33,
            "eps_growth_year": 230,
            "eps_4q": 1.04,
            "eps_4q_growth_year": 192.54,
            "roe": 2.33,
            "roe_4q": 7.51,
            "gross_profit": 127128,
            "gross_margin": 16.82,
            "gross_margin_4q_avg": 15.57,
            "net_income": 26600,
            "net_income_4q": null,
            "revenue": 755874,
            "revenue_4q": null,
            "common_shares": 803592,
            "book_valuer_per_share": 14.35,
            "book_valuer_per_share_4q_avg": 13.98,
            "equity": 1153542,
            "current_ratio": 116.35,
            "debt_ratio": 58.38,
            "inventory_turnover_ratio": 0.89,
            "account_receivable_turnover_ratio": null,
            "reinvestment_rate": 152.78,
            "research_to_sale_ratio": null,
            "price_fair": 42.47,
            "eps_avg_yearly": 1.21,
            "eps_latest_yearly": 1.32,
            "eps_growth_yearly": 571.48
        },
        "20032": {
            "year_quarter": 20032,
            "year": 2003,
            "quarter": 2,
            "eps": 0.46,
            "eps_growth_year": -4.17,
            "eps_4q": 1.02,
            "eps_4q_growth_year": 35.31,
            "roe": 3.17,
            "roe_4q": 7.140000000000001,
            "gross_profit": 126568,
            "gross_margin": 15.55,
            "gross_margin_4q_avg": 15.49,
            "net_income": 36858,
            "net_income_4q": null,
            "revenue": 814118,
            "revenue_4q": null,
            "common_shares": 803592,
            "book_valuer_per_share": 14.58,
            "book_valuer_per_share_4q_avg": 14.18,
            "equity": 1171575,
            "current_ratio": 115.1,
            "debt_ratio": 58.2,
            "inventory_turnover_ratio": 0.95,
            "account_receivable_turnover_ratio": null,
            "reinvestment_rate": 85.55,
            "research_to_sale_ratio": null,
            "price_fair": 47.95,
            "eps_avg_yearly": 1.37,
            "eps_latest_yearly": 1.84,
            "eps_growth_yearly": 468.01
        },
        "20033": {
            "year_quarter": 20033,
            "year": 2003,
            "quarter": 3,
            "eps": 0.38,
            "eps_growth_year": null,
            "eps_4q": 1.37,
            "eps_4q_growth_year": 109.29,
            "roe": 2.69,
            "roe_4q": 9.93,
            "gross_profit": 118054,
            "gross_margin": 13.69,
            "gross_margin_4q_avg": 14.9,
            "net_income": 31898,
            "net_income_4q": null,
            "revenue": 862397,
            "revenue_4q": null,
            "common_shares": 843771,
            "book_valuer_per_share": 14.23,
            "book_valuer_per_share_4q_avg": 14.3,
            "equity": 1200942,
            "current_ratio": 108.85,
            "debt_ratio": 58.07,
            "inventory_turnover_ratio": 1.04,
            "account_receivable_turnover_ratio": null,
            "reinvestment_rate": 100.02,
            "research_to_sale_ratio": null,
            "price_fair": 49,
            "eps_avg_yearly": 1.4,
            "eps_latest_yearly": 1.52,
            "eps_growth_yearly": 360.49
        },
        "20034": {
            "year_quarter": 20034,
            "year": 2003,
            "quarter": 4,
            "eps": 0.46,
            "eps_growth_year": 91.67,
            "eps_4q": 1.6,
            "eps_4q_growth_year": 99.21,
            "roe": 3.16,
            "roe_4q": 11.35,
            "gross_profit": 158455,
            "gross_margin": 14.91,
            "gross_margin_4q_avg": 15.24,
            "net_income": 38572,
            "net_income_4q": null,
            "revenue": 1062695,
            "revenue_4q": null,
            "common_shares": 843771,
            "book_valuer_per_share": 14.69,
            "book_valuer_per_share_4q_avg": 14.46,
            "equity": 1239910,
            "current_ratio": 151.19,
            "debt_ratio": 63.8,
            "inventory_turnover_ratio": 1.15,
            "account_receivable_turnover_ratio": null,
            "reinvestment_rate": 102.12,
            "research_to_sale_ratio": null,
            "price_fair": 51.57,
            "eps_avg_yearly": 1.47,
            "eps_latest_yearly": 1.84,
            "eps_growth_yearly": 314.44
        },
        "20041": {
            "year_quarter": 20041,
            "year": 2004,
            "quarter": 1,
            "eps": 0.9,
            "eps_growth_year": 172.73,
            "eps_4q": 2.18,
            "eps_4q_growth_year": 109.46,
            "roe": 5.93,
            "roe_4q": 14.95,
            "gross_profit": 220605,
            "gross_margin": 15.98,
            "gross_margin_4q_avg": 15.03,
            "net_income": 75600,
            "net_income_4q": null,
            "revenue": 1380792,
            "revenue_4q": null,
            "common_shares": 843771,
            "book_valuer_per_share": 15.53,
            "book_valuer_per_share_4q_avg": 14.76,
            "equity": 1309972,
            "current_ratio": 126.81,
            "debt_ratio": 67.85,
            "inventory_turnover_ratio": 1.01,
            "account_receivable_turnover_ratio": null,
            "reinvestment_rate": 103.14,
            "research_to_sale_ratio": null,
            "price_fair": 62.2,
            "eps_avg_yearly": 1.78,
            "eps_latest_yearly": 3.6,
            "eps_growth_yearly": 324.18
        },
        "20042": {
            "year_quarter": 20042,
            "year": 2004,
            "quarter": 2,
            "eps": 0.99,
            "eps_growth_year": 115.22,
            "eps_4q": 2.73,
            "eps_4q_growth_year": 167.49,
            "roe": 6.15,
            "roe_4q": 17.93,
            "gross_profit": 247656,
            "gross_margin": 19.11,
            "gross_margin_4q_avg": 15.92,
            "net_income": 83115,
            "net_income_4q": null,
            "revenue": 1295886,
            "revenue_4q": null,
            "common_shares": 843771,
            "book_valuer_per_share": 16.5,
            "book_valuer_per_share_4q_avg": 15.24,
            "equity": 1392583,
            "current_ratio": 203.28,
            "debt_ratio": 68.53,
            "inventory_turnover_ratio": 0.7,
            "account_receivable_turnover_ratio": null,
            "reinvestment_rate": 100.46,
            "research_to_sale_ratio": null,
            "price_fair": 71.75,
            "eps_avg_yearly": 2.05,
            "eps_latest_yearly": 3.96,
            "eps_growth_yearly": 288.66
        },
        "20043": {
            "year_quarter": 20043,
            "year": 2004,
            "quarter": 3,
            "eps": 1.82,
            "eps_growth_year": 378.95,
            "eps_4q": 3.83,
            "eps_4q_growth_year": 179.75,
            "roe": 10.34,
            "roe_4q": 25.580000000000002,
            "gross_profit": 339469,
            "gross_margin": 22.74,
            "gross_margin_4q_avg": 18.19,
            "net_income": 179007,
            "net_income_4q": null,
            "revenue": 1492980,
            "revenue_4q": null,
            "common_shares": 1248423,
            "book_valuer_per_share": 16.58,
            "book_valuer_per_share_4q_avg": 15.83,
            "equity": 2070059,
            "current_ratio": 211.9,
            "debt_ratio": 56.89,
            "inventory_turnover_ratio": 0.68,
            "account_receivable_turnover_ratio": null,
            "reinvestment_rate": 53.12,
            "research_to_sale_ratio": null,
            "price_fair": 92.09,
            "eps_avg_yearly": 2.63,
            "eps_latest_yearly": 7.28,
            "eps_growth_yearly": 293.85
        },
        "20044": {
            "year_quarter": 20044,
            "year": 2004,
            "quarter": 4,
            "eps": 0.85,
            "eps_growth_year": 84.78,
            "eps_4q": 3.97,
            "eps_4q_growth_year": 148.55,
            "roe": 4.09,
            "roe_4q": 26.509999999999998,
            "gross_profit": 299192,
            "gross_margin": 19.77,
            "gross_margin_4q_avg": 19.4,
            "net_income": 92011,
            "net_income_4q": null,
            "revenue": 1513674,
            "revenue_4q": null,
            "common_shares": 1409546,
            "book_valuer_per_share": 17.23,
            "book_valuer_per_share_4q_avg": 16.46,
            "equity": 2428382,
            "current_ratio": 182.53,
            "debt_ratio": 51.61,
            "inventory_turnover_ratio": 0.62,
            "account_receivable_turnover_ratio": null,
            "reinvestment_rate": 101.03,
            "research_to_sale_ratio": null,
            "price_fair": 94.78,
            "eps_avg_yearly": 2.71,
            "eps_latest_yearly": 3.4,
            "eps_growth_yearly": 243.14
        },
        "20051": {
            "year_quarter": 20051,
            "year": 2005,
            "quarter": 1,
            "eps": 1.02,
            "eps_growth_year": 13.33,
            "eps_4q": 3.35,
            "eps_4q_growth_year": 53.62,
            "roe": 5.89,
            "roe_4q": 26.47,
            "gross_profit": 331306,
            "gross_margin": 21.5,
            "gross_margin_4q_avg": 20.78,
            "net_income": 155330,
            "net_income_4q": null,
            "revenue": 1541003,
            "revenue_4q": null,
            "common_shares": 1532130,
            "book_valuer_per_share": 18.55,
            "book_valuer_per_share_4q_avg": 17.22,
            "equity": 2841997,
            "current_ratio": 227.43,
            "debt_ratio": 49.35,
            "inventory_turnover_ratio": 0.54,
            "account_receivable_turnover_ratio": null,
            "reinvestment_rate": 44.88,
            "research_to_sale_ratio": null,
            "price_fair": 99.15,
            "eps_avg_yearly": 2.83,
            "eps_latest_yearly": 4.08,
            "eps_growth_yearly": 228.31
        },
        "20052": {
            "year_quarter": 20052,
            "year": 2005,
            "quarter": 2,
            "eps": 0.71,
            "eps_growth_year": -28.28,
            "eps_4q": 3.07,
            "eps_4q_growth_year": 12.58,
            "roe": 4.48,
            "roe_4q": 24.8,
            "gross_profit": 309334,
            "gross_margin": 18.35,
            "gross_margin_4q_avg": 20.59,
            "net_income": 128084,
            "net_income_4q": null,
            "revenue": 1685912,
            "revenue_4q": null,
            "common_shares": 1532130,
            "book_valuer_per_share": 18.8,
            "book_valuer_per_share_4q_avg": 17.79,
            "equity": 2879750,
            "current_ratio": 231.62,
            "debt_ratio": 45.5,
            "inventory_turnover_ratio": 0.6,
            "account_receivable_turnover_ratio": null,
            "reinvestment_rate": 43.5,
            "research_to_sale_ratio": null,
            "price_fair": 99.17,
            "eps_avg_yearly": 2.83,
            "eps_latest_yearly": 2.84,
            "eps_growth_yearly": 199.16
        },
        "20053": {
            "year_quarter": 20053,
            "year": 2005,
            "quarter": 3,
            "eps": 0.49,
            "eps_growth_year": -73.08,
            "eps_4q": 2.59,
            "eps_4q_growth_year": -32.4,
            "roe": 2.99,
            "roe_4q": 17.45,
            "gross_profit": 262325,
            "gross_margin": 15.26,
            "gross_margin_4q_avg": 18.72,
            "net_income": 87753,
            "net_income_4q": null,
            "revenue": 1718777,
            "revenue_4q": null,
            "common_shares": 1807913,
            "book_valuer_per_share": 16.59,
            "book_valuer_per_share_4q_avg": 17.79,
            "equity": 2999478,
            "current_ratio": 236.89,
            "debt_ratio": 42.87,
            "inventory_turnover_ratio": 0.69,
            "account_receivable_turnover_ratio": null,
            "reinvestment_rate": 42.23,
            "research_to_sale_ratio": null,
            "price_fair": 96.82,
            "eps_avg_yearly": 2.77,
            "eps_latest_yearly": 1.96,
            "eps_growth_yearly": 174.3
        },
        "20054": {
            "year_quarter": 20054,
            "year": 2005,
            "quarter": 4,
            "eps": 0.09,
            "eps_growth_year": -89.41,
            "eps_4q": 2.18,
            "eps_4q_growth_year": -45.01,
            "roe": 0.53,
            "roe_4q": 13.89,
            "gross_profit": 229899,
            "gross_margin": 12.93,
            "gross_margin_4q_avg": 17.01,
            "net_income": 15960,
            "net_income_4q": null,
            "revenue": 1777964,
            "revenue_4q": null,
            "common_shares": 1807913,
            "book_valuer_per_share": 16.65,
            "book_valuer_per_share_4q_avg": 17.65,
            "equity": 3009847,
            "current_ratio": 242.77,
            "debt_ratio": 43.24,
            "inventory_turnover_ratio": 0.78,
            "account_receivable_turnover_ratio": null,
            "reinvestment_rate": 82.76,
            "research_to_sale_ratio": null,
            "price_fair": 90.8,
            "eps_avg_yearly": 2.59,
            "eps_latest_yearly": 0.36,
            "eps_growth_yearly": 138.53
        },
        "20061": {
            "year_quarter": 20061,
            "year": 2006,
            "quarter": 1,
            "eps": 0.38,
            "eps_growth_year": -62.75,
            "eps_4q": 1.66,
            "eps_4q_growth_year": -50.51,
            "roe": 2.27,
            "roe_4q": 10.27,
            "gross_profit": 181541,
            "gross_margin": 11.03,
            "gross_margin_4q_avg": 14.39,
            "net_income": 69045,
            "net_income_4q": null,
            "revenue": 1645457,
            "revenue_4q": null,
            "common_shares": 1807913,
            "book_valuer_per_share": 17.01,
            "book_valuer_per_share_4q_avg": 17.26,
            "equity": 3075411,
            "current_ratio": 218.55,
            "debt_ratio": 40.82,
            "inventory_turnover_ratio": 0.77,
            "account_receivable_turnover_ratio": null,
            "reinvestment_rate": 47.57,
            "research_to_sale_ratio": null,
            "price_fair": 93.6,
            "eps_avg_yearly": 2.67,
            "eps_latest_yearly": 1.52,
            "eps_growth_yearly": 227.42
        },
        "20062": {
            "year_quarter": 20062,
            "year": 2006,
            "quarter": 2,
            "eps": 0.76,
            "eps_growth_year": 7.04,
            "eps_4q": 1.67,
            "eps_4q_growth_year": -45.62,
            "roe": 4.76,
            "roe_4q": 10.55,
            "gross_profit": 287389,
            "gross_margin": 15.4,
            "gross_margin_4q_avg": 13.66,
            "net_income": 144069,
            "net_income_4q": null,
            "revenue": 1866525,
            "revenue_4q": null,
            "common_shares": 1807913,
            "book_valuer_per_share": 16.46,
            "book_valuer_per_share_4q_avg": 16.68,
            "equity": 2974959,
            "current_ratio": 174.12,
            "debt_ratio": 48.83,
            "inventory_turnover_ratio": 0.75,
            "account_receivable_turnover_ratio": null,
            "reinvestment_rate": 45.44,
            "research_to_sale_ratio": null,
            "price_fair": 96.4,
            "eps_avg_yearly": 2.75,
            "eps_latest_yearly": 3.04,
            "eps_growth_yearly": 147.42
        },
        "20063": {
            "year_quarter": 20063,
            "year": 2006,
            "quarter": 3,
            "eps": 1.6,
            "eps_growth_year": 226.53,
            "eps_4q": 2.81,
            "eps_4q_growth_year": 8.54,
            "roe": 9.68,
            "roe_4q": 17.240000000000002,
            "gross_profit": 580937,
            "gross_margin": 20.77,
            "gross_margin_4q_avg": 15.03,
            "net_income": 303603,
            "net_income_4q": null,
            "revenue": 2796496,
            "revenue_4q": null,
            "common_shares": 1898309,
            "book_valuer_per_share": 17.38,
            "book_valuer_per_share_4q_avg": 16.88,
            "equity": 3298418,
            "current_ratio": 185.07,
            "debt_ratio": 50.27,
            "inventory_turnover_ratio": 0.86,
            "account_receivable_turnover_ratio": null,
            "reinvestment_rate": 35.8,
            "research_to_sale_ratio": null,
            "price_fair": 104.91,
            "eps_avg_yearly": 3,
            "eps_latest_yearly": 6.4,
            "eps_growth_yearly": 167.06
        },
        "20064": {
            "year_quarter": 20064,
            "year": 2006,
            "quarter": 4,
            "eps": 1.98,
            "eps_growth_year": 2100,
            "eps_4q": 4.7,
            "eps_4q_growth_year": 115.1,
            "roe": 10.78,
            "roe_4q": 27.49,
            "gross_profit": 682956,
            "gross_margin": 19.23,
            "gross_margin_4q_avg": 16.61,
            "net_income": 376730,
            "net_income_4q": null,
            "revenue": 3551123,
            "revenue_4q": null,
            "common_shares": 1898309,
            "book_valuer_per_share": 19.44,
            "book_valuer_per_share_4q_avg": 17.57,
            "equity": 3689519,
            "current_ratio": 214.84,
            "debt_ratio": 55.44,
            "inventory_turnover_ratio": 0.85,
            "account_receivable_turnover_ratio": null,
            "reinvestment_rate": 64.72,
            "research_to_sale_ratio": null,
            "price_fair": 115.68,
            "eps_avg_yearly": 3.31,
            "eps_latest_yearly": 7.92,
            "eps_growth_yearly": 162.56
        },
        "20071": {
            "year_quarter": 20071,
            "year": 2007,
            "quarter": 1,
            "eps": 1.74,
            "eps_growth_year": 357.89,
            "eps_4q": 6.07,
            "eps_4q_growth_year": 266.84,
            "roe": 8.56,
            "roe_4q": 33.78,
            "gross_profit": 591511,
            "gross_margin": 15.63,
            "gross_margin_4q_avg": 17.76,
            "net_income": 330986,
            "net_income_4q": null,
            "revenue": 3783419,
            "revenue_4q": null,
            "common_shares": 1898309,
            "book_valuer_per_share": 21.29,
            "book_valuer_per_share_4q_avg": 18.64,
            "equity": 4042051,
            "current_ratio": 243.27,
            "debt_ratio": 50.24,
            "inventory_turnover_ratio": 0.81,
            "account_receivable_turnover_ratio": null,
            "reinvestment_rate": 28.05,
            "research_to_sale_ratio": null,
            "price_fair": 128.01,
            "eps_avg_yearly": 3.66,
            "eps_latest_yearly": 6.96,
            "eps_growth_yearly": 150.15
        },
        "20072": {
            "year_quarter": 20072,
            "year": 2007,
            "quarter": 2,
            "eps": 1.34,
            "eps_growth_year": 76.32,
            "eps_4q": 6.67,
            "eps_4q_growth_year": 298.81,
            "roe": 6.34,
            "roe_4q": 35.36,
            "gross_profit": 536329,
            "gross_margin": 12.26,
            "gross_margin_4q_avg": 16.97,
            "net_income": 254468,
            "net_income_4q": null,
            "revenue": 4376037,
            "revenue_4q": null,
            "common_shares": 1898309,
            "book_valuer_per_share": 20.98,
            "book_valuer_per_share_4q_avg": 19.77,
            "equity": 3983237,
            "current_ratio": 173.04,
            "debt_ratio": 57.74,
            "inventory_turnover_ratio": 0.93,
            "account_receivable_turnover_ratio": null,
            "reinvestment_rate": 31.42,
            "research_to_sale_ratio": null,
            "price_fair": 135.71,
            "eps_avg_yearly": 3.88,
            "eps_latest_yearly": 5.36,
            "eps_growth_yearly": 134.56
        },
        "20073": {
            "year_quarter": 20073,
            "year": 2007,
            "quarter": 3,
            "eps": 0.44,
            "eps_growth_year": -72.5,
            "eps_4q": 4.49,
            "eps_4q_growth_year": 59.79,
            "roe": 2.6,
            "roe_4q": 28.28,
            "gross_profit": 433646,
            "gross_margin": 10.9,
            "gross_margin_4q_avg": 14.51,
            "net_income": 104645,
            "net_income_4q": null,
            "revenue": 3977257,
            "revenue_4q": null,
            "common_shares": 2372886,
            "book_valuer_per_share": 17.17,
            "book_valuer_per_share_4q_avg": 19.72,
            "equity": 4073909,
            "current_ratio": 186.74,
            "debt_ratio": 53.25,
            "inventory_turnover_ratio": 0.83,
            "account_receivable_turnover_ratio": null,
            "reinvestment_rate": 28.01,
            "research_to_sale_ratio": null,
            "price_fair": 136.24,
            "eps_avg_yearly": 3.89,
            "eps_latest_yearly": 1.76,
            "eps_growth_yearly": 122.12
        },
        "20074": {
            "year_quarter": 20074,
            "year": 2007,
            "quarter": 4,
            "eps": -0.47,
            "eps_growth_year": -123.74,
            "eps_4q": 2.44,
            "eps_4q_growth_year": -48.04,
            "roe": -2.78,
            "roe_4q": 14.72,
            "gross_profit": 132052,
            "gross_margin": 3.4,
            "gross_margin_4q_avg": 10.55,
            "net_income": -111712,
            "net_income_4q": null,
            "revenue": 3878559,
            "revenue_4q": null,
            "common_shares": 2372886,
            "book_valuer_per_share": 16.75,
            "book_valuer_per_share_4q_avg": 19.05,
            "equity": 3973697,
            "current_ratio": 214.06,
            "debt_ratio": 55.43,
            "inventory_turnover_ratio": 0.9,
            "account_receivable_turnover_ratio": null,
            "reinvestment_rate": 72.89,
            "research_to_sale_ratio": null,
            "price_fair": 141.03,
            "eps_avg_yearly": 4.03,
            "eps_latest_yearly": 1.76,
            "eps_growth_yearly": 124.64
        },
        "20081": {
            "year_quarter": 20081,
            "year": 2008,
            "quarter": 1,
            "eps": 0.36,
            "eps_growth_year": -79.31,
            "eps_4q": 1.4,
            "eps_4q_growth_year": -76.95,
            "roe": 2.13,
            "roe_4q": 8.29,
            "gross_profit": 295242,
            "gross_margin": 8.22,
            "gross_margin_4q_avg": 8.7,
            "net_income": 85660,
            "net_income_4q": null,
            "revenue": 3589840,
            "revenue_4q": null,
            "common_shares": 2372886,
            "book_valuer_per_share": 17.08,
            "book_valuer_per_share_4q_avg": 18,
            "equity": 4052965,
            "current_ratio": 195.25,
            "debt_ratio": 56.59,
            "inventory_turnover_ratio": 0.8,
            "account_receivable_turnover_ratio": null,
            "reinvestment_rate": 72.56,
            "research_to_sale_ratio": null,
            "price_fair": 142.1,
            "eps_avg_yearly": 4.06,
            "eps_latest_yearly": 1.76,
            "eps_growth_yearly": 106.22
        },
        "20082": {
            "year_quarter": 20082,
            "year": 2008,
            "quarter": 2,
            "eps": -0.04,
            "eps_growth_year": -102.99,
            "eps_4q": 0.29,
            "eps_4q_growth_year": -95.58,
            "roe": -0.22,
            "roe_4q": 1.7300000000000002,
            "gross_profit": 160443,
            "gross_margin": 4.9,
            "gross_margin_4q_avg": 6.86,
            "net_income": -8666,
            "net_income_4q": null,
            "revenue": 3277265,
            "revenue_4q": null,
            "common_shares": 2372886,
            "book_valuer_per_share": 16.4,
            "book_valuer_per_share_4q_avg": 16.85,
            "equity": 3891185,
            "current_ratio": 201.2,
            "debt_ratio": 55.44,
            "inventory_turnover_ratio": 0.77,
            "account_receivable_turnover_ratio": null,
            "reinvestment_rate": 74.69,
            "research_to_sale_ratio": null,
            "price_fair": 142.37,
            "eps_avg_yearly": 4.07,
            "eps_latest_yearly": 1.76,
            "eps_growth_yearly": 111.31
        },
        "20083": {
            "year_quarter": 20083,
            "year": 2008,
            "quarter": 3,
            "eps": -0.5,
            "eps_growth_year": -213.64,
            "eps_4q": -0.63,
            "eps_4q_growth_year": -114.09,
            "roe": -3.58,
            "roe_4q": -4.45,
            "gross_profit": 38944,
            "gross_margin": 1.16,
            "gross_margin_4q_avg": 4.42,
            "net_income": -137755,
            "net_income_4q": null,
            "revenue": 3368947,
            "revenue_4q": null,
            "common_shares": 2728819,
            "book_valuer_per_share": 13.96,
            "book_valuer_per_share_4q_avg": 16.05,
            "equity": 3808404,
            "current_ratio": 183.41,
            "debt_ratio": 55.85,
            "inventory_turnover_ratio": 0.89,
            "account_receivable_turnover_ratio": null,
            "reinvestment_rate": 104.5,
            "research_to_sale_ratio": null,
            "price_fair": 133,
            "eps_avg_yearly": 3.8,
            "eps_latest_yearly": 1.76,
            "eps_growth_yearly": 92.64
        },
        "20084": {
            "year_quarter": 20084,
            "year": 2008,
            "quarter": 4,
            "eps": -2.31,
            "eps_growth_year": null,
            "eps_4q": -2.53,
            "eps_4q_growth_year": -203.69,
            "roe": -17.95,
            "roe_4q": -19.62,
            "gross_profit": -580387,
            "gross_margin": -26.38,
            "gross_margin_4q_avg": -3.03,
            "net_income": -629841,
            "net_income_4q": null,
            "revenue": 2199770,
            "revenue_4q": null,
            "common_shares": 2728819,
            "book_valuer_per_share": 11.76,
            "book_valuer_per_share_4q_avg": 14.8,
            "equity": 3208947,
            "current_ratio": 139.55,
            "debt_ratio": 58.32,
            "inventory_turnover_ratio": 0.96,
            "account_receivable_turnover_ratio": 9.48,
            "reinvestment_rate": 140.58,
            "research_to_sale_ratio": null,
            "price_fair": 134.27,
            "eps_avg_yearly": 3.84,
            "eps_latest_yearly": 1.76,
            "eps_growth_yearly": 120.44
        },
        "20091": {
            "year_quarter": 20091,
            "year": 2009,
            "quarter": 1,
            "eps": 0.08,
            "eps_growth_year": -77.78,
            "eps_4q": -2.66,
            "eps_4q_growth_year": -289.69,
            "roe": 0.7,
            "roe_4q": -21.049999999999997,
            "gross_profit": 125391,
            "gross_margin": 8.7,
            "gross_margin_4q_avg": -2.91,
            "net_income": 22705,
            "net_income_4q": null,
            "revenue": 1441185,
            "revenue_4q": null,
            "common_shares": 2728819,
            "book_valuer_per_share": 12,
            "book_valuer_per_share_4q_avg": 13.53,
            "equity": 3274212,
            "current_ratio": 161.94,
            "debt_ratio": 53.08,
            "inventory_turnover_ratio": 0.66,
            "account_receivable_turnover_ratio": 3.48,
            "reinvestment_rate": 192.14,
            "research_to_sale_ratio": null,
            "price_fair": 133.42,
            "eps_avg_yearly": 3.81,
            "eps_latest_yearly": 1.76,
            "eps_growth_yearly": 124.49
        },
        "20092": {
            "year_quarter": 20092,
            "year": 2009,
            "quarter": 2,
            "eps": 0.04,
            "eps_growth_year": null,
            "eps_4q": -2.96,
            "eps_4q_growth_year": -1104.22,
            "roe": 0.3,
            "roe_4q": -20.53,
            "gross_profit": 88263,
            "gross_margin": 5.51,
            "gross_margin_4q_avg": -2.75,
            "net_income": 9934,
            "net_income_4q": null,
            "revenue": 1601284,
            "revenue_4q": null,
            "common_shares": 2728819,
            "book_valuer_per_share": 11.96,
            "book_valuer_per_share_4q_avg": 12.42,
            "equity": 3263729,
            "current_ratio": 137.25,
            "debt_ratio": 55.17,
            "inventory_turnover_ratio": 0.86,
            "account_receivable_turnover_ratio": 4.15,
            "reinvestment_rate": 215.93,
            "research_to_sale_ratio": null,
            "price_fair": 124.04,
            "eps_avg_yearly": 3.54,
            "eps_latest_yearly": 0.16,
            "eps_growth_yearly": 116.64
        },
        "20093": {
            "year_quarter": 20093,
            "year": 2009,
            "quarter": 3,
            "eps": 0.14,
            "eps_growth_year": null,
            "eps_4q": -2.01,
            "eps_4q_growth_year": null,
            "roe": 1.19,
            "roe_4q": -15.76,
            "gross_profit": 198208,
            "gross_margin": 9.89,
            "gross_margin_4q_avg": -0.57,
            "net_income": 38895,
            "net_income_4q": null,
            "revenue": 2004927,
            "revenue_4q": null,
            "common_shares": 2728819,
            "book_valuer_per_share": 11.99,
            "book_valuer_per_share_4q_avg": 11.93,
            "equity": 3271475,
            "current_ratio": 153.88,
            "debt_ratio": 58.16,
            "inventory_turnover_ratio": 0.8,
            "account_receivable_turnover_ratio": 4.59,
            "reinvestment_rate": 218.68,
            "research_to_sale_ratio": null,
            "price_fair": 119.14,
            "eps_avg_yearly": 3.4,
            "eps_latest_yearly": 0.56,
            "eps_growth_yearly": 229.04
        },
        "20094": {
            "year_quarter": 20094,
            "year": 2009,
            "quarter": 4,
            "eps": 0.32,
            "eps_growth_year": null,
            "eps_4q": 0.58,
            "eps_4q_growth_year": null,
            "roe": 2.64,
            "roe_4q": 4.83,
            "gross_profit": 283050,
            "gross_margin": 12.43,
            "gross_margin_4q_avg": 9.13,
            "net_income": 87457,
            "net_income_4q": null,
            "revenue": 2276727,
            "revenue_4q": null,
            "common_shares": 2728819,
            "book_valuer_per_share": 12.28,
            "book_valuer_per_share_4q_avg": 12.06,
            "equity": 3351874,
            "current_ratio": 133.07,
            "debt_ratio": 65.64,
            "inventory_turnover_ratio": 0.64,
            "account_receivable_turnover_ratio": 9.74,
            "reinvestment_rate": 276.23,
            "research_to_sale_ratio": null,
            "price_fair": 122.36,
            "eps_avg_yearly": 3.5,
            "eps_latest_yearly": 1.28,
            "eps_growth_yearly": 313.12
        },
        "20101": {
            "year_quarter": 20101,
            "year": 2010,
            "quarter": 1,
            "eps": 0.26,
            "eps_growth_year": 225,
            "eps_4q": 0.76,
            "eps_4q_growth_year": null,
            "roe": 2.06,
            "roe_4q": 6.19,
            "gross_profit": 277958,
            "gross_margin": 10.18,
            "gross_margin_4q_avg": 9.5,
            "net_income": 69777,
            "net_income_4q": null,
            "revenue": 2729332,
            "revenue_4q": null,
            "common_shares": 2728819,
            "book_valuer_per_share": 12.5,
            "book_valuer_per_share_4q_avg": 12.18,
            "equity": 3411623,
            "current_ratio": 142.56,
            "debt_ratio": 65.7,
            "inventory_turnover_ratio": 0.63,
            "account_receivable_turnover_ratio": 4.8,
            "reinvestment_rate": 310.47,
            "research_to_sale_ratio": null,
            "price_fair": 120.68,
            "eps_avg_yearly": 3.45,
            "eps_latest_yearly": 1.04,
            "eps_growth_yearly": 176.73
        },
        "20102": {
            "year_quarter": 20102,
            "year": 2010,
            "quarter": 2,
            "eps": 0.59,
            "eps_growth_year": 1365.57,
            "eps_4q": 1.3,
            "eps_4q_growth_year": null,
            "roe": 4.58,
            "roe_4q": 10.47,
            "gross_profit": 428733,
            "gross_margin": 12.13,
            "gross_margin_4q_avg": 11.16,
            "net_income": 160010,
            "net_income_4q": null,
            "revenue": 3534565,
            "revenue_4q": null,
            "common_shares": 2728819,
            "book_valuer_per_share": 13.11,
            "book_valuer_per_share_4q_avg": 12.47,
            "equity": 3577389,
            "current_ratio": 169.97,
            "debt_ratio": 66.49,
            "inventory_turnover_ratio": 0.72,
            "account_receivable_turnover_ratio": 5.04,
            "reinvestment_rate": 313.46,
            "research_to_sale_ratio": null,
            "price_fair": 118.3,
            "eps_avg_yearly": 3.38,
            "eps_latest_yearly": 2.36,
            "eps_growth_yearly": 187.5
        },
        "20103": {
            "year_quarter": 20103,
            "year": 2010,
            "quarter": 3,
            "eps": 0.38,
            "eps_growth_year": 171.51,
            "eps_4q": 1.54,
            "eps_4q_growth_year": null,
            "roe": 2.86,
            "roe_4q": 12.14,
            "gross_profit": 334588,
            "gross_margin": 9.64,
            "gross_margin_4q_avg": 11.1,
            "net_income": 103703,
            "net_income_4q": null,
            "revenue": 3471800,
            "revenue_4q": null,
            "common_shares": 2728819,
            "book_valuer_per_share": 13.46,
            "book_valuer_per_share_4q_avg": 12.84,
            "equity": 3673438,
            "current_ratio": 152.75,
            "debt_ratio": 66.66,
            "inventory_turnover_ratio": 0.66,
            "account_receivable_turnover_ratio": 4.51,
            "reinvestment_rate": 410.34,
            "research_to_sale_ratio": null,
            "price_fair": 101.22,
            "eps_avg_yearly": 2.89,
            "eps_latest_yearly": 1.52,
            "eps_growth_yearly": 129.05
        },
        "20104": {
            "year_quarter": 20104,
            "year": 2010,
            "quarter": 4,
            "eps": 0.24,
            "eps_growth_year": -25.69,
            "eps_4q": 1.46,
            "eps_4q_growth_year": 150.57,
            "roe": 1.77,
            "roe_4q": 11.270000000000001,
            "gross_profit": 309952,
            "gross_margin": 8.09,
            "gross_margin_4q_avg": 10.01,
            "net_income": 64892,
            "net_income_4q": null,
            "revenue": 3830141,
            "revenue_4q": null,
            "common_shares": 2728819,
            "book_valuer_per_share": 13.46,
            "book_valuer_per_share_4q_avg": 13.13,
            "equity": 3673400,
            "current_ratio": 166.69,
            "debt_ratio": 66.57,
            "inventory_turnover_ratio": 0.71,
            "account_receivable_turnover_ratio": 4.52,
            "reinvestment_rate": 548.82,
            "research_to_sale_ratio": null,
            "price_fair": 76.86,
            "eps_avg_yearly": 2.2,
            "eps_latest_yearly": 0.96,
            "eps_growth_yearly": 104.81
        },
        "20111": {
            "year_quarter": 20111,
            "year": 2011,
            "quarter": 1,
            "eps": 0.22,
            "eps_growth_year": -15.38,
            "eps_4q": 1.43,
            "eps_4q_growth_year": 88.77,
            "roe": 1.63,
            "roe_4q": 10.84,
            "gross_profit": 270906,
            "gross_margin": 6.38,
            "gross_margin_4q_avg": 9.06,
            "net_income": 60389,
            "net_income_4q": null,
            "revenue": 4244816,
            "revenue_4q": null,
            "common_shares": 2728819,
            "book_valuer_per_share": 13.76,
            "book_valuer_per_share_4q_avg": 13.45,
            "equity": 3754505,
            "current_ratio": 198.86,
            "debt_ratio": 69.79,
            "inventory_turnover_ratio": 0.75,
            "account_receivable_turnover_ratio": 4.24,
            "reinvestment_rate": 1978.21,
            "research_to_sale_ratio": null,
            "price_fair": 55.58,
            "eps_avg_yearly": 1.59,
            "eps_latest_yearly": 0.88,
            "eps_growth_yearly": 106.33
        },
        "20112": {
            "year_quarter": 20112,
            "year": 2011,
            "quarter": 2,
            "eps": 0.11,
            "eps_growth_year": -80.85,
            "eps_4q": 0.95,
            "eps_4q_growth_year": -27.09,
            "roe": 0.82,
            "roe_4q": 7.08,
            "gross_profit": 293284,
            "gross_margin": 6.45,
            "gross_margin_4q_avg": 7.64,
            "net_income": 30636,
            "net_income_4q": null,
            "revenue": 4545875,
            "revenue_4q": null,
            "common_shares": 2728819,
            "book_valuer_per_share": 13.78,
            "book_valuer_per_share_4q_avg": 13.62,
            "equity": 3759706,
            "current_ratio": 188.02,
            "debt_ratio": 71.65,
            "inventory_turnover_ratio": 0.72,
            "account_receivable_turnover_ratio": 4.58,
            "reinvestment_rate": null,
            "research_to_sale_ratio": null,
            "price_fair": 38.36,
            "eps_avg_yearly": 1.1,
            "eps_latest_yearly": 0.44,
            "eps_growth_yearly": 95.52
        },
        "20113": {
            "year_quarter": 20113,
            "year": 2011,
            "quarter": 3,
            "eps": -0.26,
            "eps_growth_year": -168.39,
            "eps_4q": 0.31,
            "eps_4q_growth_year": -79.81,
            "roe": -1.88,
            "roe_4q": 2.34,
            "gross_profit": 164496,
            "gross_margin": 3.6,
            "gross_margin_4q_avg": 6.13,
            "net_income": -70933,
            "net_income_4q": null,
            "revenue": 4568653,
            "revenue_4q": null,
            "common_shares": 2728819,
            "book_valuer_per_share": 13.91,
            "book_valuer_per_share_4q_avg": 13.73,
            "equity": 3795748,
            "current_ratio": 174.23,
            "debt_ratio": 72.22,
            "inventory_turnover_ratio": 0.69,
            "account_receivable_turnover_ratio": 4.64,
            "reinvestment_rate": null,
            "research_to_sale_ratio": null,
            "price_fair": 35.78,
            "eps_avg_yearly": 1.02,
            "eps_latest_yearly": 0.44,
            "eps_growth_yearly": 135.99
        },
        "20114": {
            "year_quarter": 20114,
            "year": 2011,
            "quarter": 4,
            "eps": -1.05,
            "eps_growth_year": -542.14,
            "eps_4q": -0.98,
            "eps_4q_growth_year": -166.98,
            "roe": -7.86,
            "roe_4q": -7.29,
            "gross_profit": -57242,
            "gross_margin": -1.42,
            "gross_margin_4q_avg": 3.75,
            "net_income": -286902,
            "net_income_4q": null,
            "revenue": 4033225,
            "revenue_4q": null,
            "common_shares": 2728819,
            "book_valuer_per_share": 12.84,
            "book_valuer_per_share_4q_avg": 13.57,
            "equity": 3503616,
            "current_ratio": 169.8,
            "debt_ratio": 72.58,
            "inventory_turnover_ratio": 0.66,
            "account_receivable_turnover_ratio": 3.39,
            "reinvestment_rate": null,
            "research_to_sale_ratio": null,
            "price_fair": 35.78,
            "eps_avg_yearly": 1.02,
            "eps_latest_yearly": 0.44,
            "eps_growth_yearly": 135.99
        },
        "20121": {
            "year_quarter": 20121,
            "year": 2012,
            "quarter": 1,
            "eps": -0.26,
            "eps_growth_year": -218.18,
            "eps_4q": -1.48,
            "eps_4q_growth_year": -203.63,
            "roe": -2.02,
            "roe_4q": -10.940000000000001,
            "gross_profit": 144124,
            "gross_margin": 3.78,
            "gross_margin_4q_avg": 3.1,
            "net_income": -69519,
            "net_income_4q": null,
            "revenue": 3813964,
            "revenue_4q": null,
            "common_shares": 2728819,
            "book_valuer_per_share": 12.54,
            "book_valuer_per_share_4q_avg": 13.27,
            "equity": 3367946,
            "current_ratio": 181.41,
            "debt_ratio": 70.9,
            "inventory_turnover_ratio": 0.65,
            "account_receivable_turnover_ratio": 3.23,
            "reinvestment_rate": null,
            "research_to_sale_ratio": null,
            "price_fair": 35.78,
            "eps_avg_yearly": 1.02,
            "eps_latest_yearly": 0.44,
            "eps_growth_yearly": 135.99
        },
        "20122": {
            "year_quarter": 20122,
            "year": 2012,
            "quarter": 2,
            "eps": -0.3,
            "eps_growth_year": -362.95,
            "eps_4q": -1.92,
            "eps_4q_growth_year": -301.85,
            "roe": -2.35,
            "roe_4q": -14.11,
            "gross_profit": 193080,
            "gross_margin": 4.56,
            "gross_margin_4q_avg": 2.63,
            "net_income": -77594,
            "net_income_4q": null,
            "revenue": 4236102,
            "revenue_4q": null,
            "common_shares": 2728819,
            "book_valuer_per_share": 12.33,
            "book_valuer_per_share_4q_avg": 12.91,
            "equity": 3242730,
            "current_ratio": 163.06,
            "debt_ratio": 72.81,
            "inventory_turnover_ratio": 0.76,
            "account_receivable_turnover_ratio": 3.73,
            "reinvestment_rate": null,
            "research_to_sale_ratio": null,
            "price_fair": 35.78,
            "eps_avg_yearly": 1.02,
            "eps_latest_yearly": 0.44,
            "eps_growth_yearly": 135.99
        },
        "20123": {
            "year_quarter": 20123,
            "year": 2012,
            "quarter": 3,
            "eps": -0.33,
            "eps_growth_year": null,
            "eps_4q": -1.99,
            "eps_4q_growth_year": -740.57,
            "roe": -2.71,
            "roe_4q": -14.940000000000001,
            "gross_profit": 146917,
            "gross_margin": 4.08,
            "gross_margin_4q_avg": 2.75,
            "net_income": -85677,
            "net_income_4q": null,
            "revenue": 3600660,
            "revenue_4q": null,
            "common_shares": 2728819,
            "book_valuer_per_share": 11.87,
            "book_valuer_per_share_4q_avg": 12.4,
            "equity": 3091839,
            "current_ratio": 140.27,
            "debt_ratio": 72.58,
            "inventory_turnover_ratio": 0.7,
            "account_receivable_turnover_ratio": 3.05,
            "reinvestment_rate": null,
            "research_to_sale_ratio": null,
            "price_fair": 35.78,
            "eps_avg_yearly": 1.02,
            "eps_latest_yearly": 0.44,
            "eps_growth_yearly": 135.99
        },
        "20124": {
            "year_quarter": 20124,
            "year": 2012,
            "quarter": 4,
            "eps": -0.46,
            "eps_growth_year": null,
            "eps_4q": -1.31,
            "eps_4q_growth_year": null,
            "roe": -4.15,
            "roe_4q": -11.23,
            "gross_profit": 107524,
            "gross_margin": 3.2,
            "gross_margin_4q_avg": 3.91,
            "net_income": -125145,
            "net_income_4q": null,
            "revenue": 3365191,
            "revenue_4q": null,
            "common_shares": 2728819,
            "book_valuer_per_share": 10.76,
            "book_valuer_per_share_4q_avg": 11.88,
            "equity": 2934714,
            "current_ratio": 141.74,
            "debt_ratio": 73.04,
            "inventory_turnover_ratio": 0.74,
            "account_receivable_turnover_ratio": 2.82,
            "reinvestment_rate": null,
            "research_to_sale_ratio": null,
            "price_fair": 35.78,
            "eps_avg_yearly": 1.02,
            "eps_latest_yearly": 0.44,
            "eps_growth_yearly": 135.99
        },
        "20131": {
            "year_quarter": 20131,
            "year": 2013,
            "quarter": 1,
            "eps": 0.14,
            "eps_growth_year": null,
            "eps_4q": -0.93,
            "eps_4q_growth_year": null,
            "roe": 1.19,
            "roe_4q": -8.02,
            "gross_profit": 275574,
            "gross_margin": 8.4,
            "gross_margin_4q_avg": 5.06,
            "net_income": 35340,
            "net_income_4q": null,
            "revenue": 3282584,
            "revenue_4q": null,
            "common_shares": 2728819,
            "book_valuer_per_share": 10.98,
            "book_valuer_per_share_4q_avg": 11.49,
            "equity": 2997464,
            "current_ratio": 153.56,
            "debt_ratio": 72.01,
            "inventory_turnover_ratio": 0.72,
            "account_receivable_turnover_ratio": 2.72,
            "reinvestment_rate": null,
            "research_to_sale_ratio": null,
            "price_fair": 35.78,
            "eps_avg_yearly": 1.02,
            "eps_latest_yearly": 0.44,
            "eps_growth_yearly": 135.99
        },
        "20132": {
            "year_quarter": 20132,
            "year": 2013,
            "quarter": 2,
            "eps": -0.01,
            "eps_growth_year": null,
            "eps_4q": -0.69,
            "eps_4q_growth_year": null,
            "roe": -0.11,
            "roe_4q": -5.78,
            "gross_profit": 220368,
            "gross_margin": 6.48,
            "gross_margin_4q_avg": 5.54,
            "net_income": -3241,
            "net_income_4q": null,
            "revenue": 3401901,
            "revenue_4q": null,
            "common_shares": 2728819,
            "book_valuer_per_share": 11.8,
            "book_valuer_per_share_4q_avg": 11.35,
            "equity": 3034667,
            "current_ratio": 146,
            "debt_ratio": 71.94,
            "inventory_turnover_ratio": 0.77,
            "account_receivable_turnover_ratio": 2.74,
            "reinvestment_rate": null,
            "research_to_sale_ratio": null,
            "price_fair": 39.55,
            "eps_avg_yearly": 1.13,
            "eps_latest_yearly": 0.44,
            "eps_growth_yearly": 177.99
        },
        "20133": {
            "year_quarter": 20133,
            "year": 2013,
            "quarter": 3,
            "eps": -0.06,
            "eps_growth_year": null,
            "eps_4q": -0.42,
            "eps_4q_growth_year": null,
            "roe": -0.49,
            "roe_4q": -3.5600000000000005,
            "gross_profit": 227878,
            "gross_margin": 7.19,
            "gross_margin_4q_avg": 6.32,
            "net_income": -14925,
            "net_income_4q": null,
            "revenue": 3169185,
            "revenue_4q": null,
            "common_shares": 2728819,
            "book_valuer_per_share": 11.67,
            "book_valuer_per_share_4q_avg": 11.3,
            "equity": 3000104,
            "current_ratio": 143.66,
            "debt_ratio": 72.19,
            "inventory_turnover_ratio": 0.74,
            "account_receivable_turnover_ratio": 2.64,
            "reinvestment_rate": null,
            "research_to_sale_ratio": null,
            "price_fair": 42.4,
            "eps_avg_yearly": 1.21,
            "eps_latest_yearly": 0.44,
            "eps_growth_yearly": 60.56
        },
        "20134": {
            "year_quarter": 20134,
            "year": 2013,
            "quarter": 4,
            "eps": 0.08,
            "eps_growth_year": null,
            "eps_4q": 0.15,
            "eps_4q_growth_year": null,
            "roe": 0.68,
            "roe_4q": 1.27,
            "gross_profit": 261469,
            "gross_margin": 8.35,
            "gross_margin_4q_avg": 7.61,
            "net_income": 20525,
            "net_income_4q": null,
            "revenue": 3129863,
            "revenue_4q": null,
            "common_shares": 2728819,
            "book_valuer_per_share": 11.91,
            "book_valuer_per_share_4q_avg": 11.59,
            "equity": 3061214,
            "current_ratio": 146.41,
            "debt_ratio": 72.35,
            "inventory_turnover_ratio": 0.72,
            "account_receivable_turnover_ratio": 2.94,
            "reinvestment_rate": null,
            "research_to_sale_ratio": null,
            "price_fair": 3.6,
            "eps_avg_yearly": 1.2,
            "eps_latest_yearly": 0.44,
            "eps_growth_yearly": -15.06
        },
        "20141": {
            "year_quarter": 20141,
            "year": 2014,
            "quarter": 1,
            "eps": 0.21,
            "eps_growth_year": 50,
            "eps_4q": 0.21,
            "eps_4q_growth_year": null,
            "roe": 1.7,
            "roe_4q": 1.7799999999999998,
            "gross_profit": 280767,
            "gross_margin": 9.28,
            "gross_margin_4q_avg": 7.83,
            "net_income": 52780,
            "net_income_4q": null,
            "revenue": 3026727,
            "revenue_4q": null,
            "common_shares": 2728819,
            "book_valuer_per_share": 12.22,
            "book_valuer_per_share_4q_avg": 11.9,
            "equity": 3142568,
            "current_ratio": 154.96,
            "debt_ratio": 71.04,
            "inventory_turnover_ratio": 0.69,
            "account_receivable_turnover_ratio": 2.92,
            "reinvestment_rate": null,
            "research_to_sale_ratio": null,
            "price_fair": 40.83,
            "eps_avg_yearly": 1.17,
            "eps_latest_yearly": 0.84,
            "eps_growth_yearly": 105.77
        },
        "20142": {
            "year_quarter": 20142,
            "year": 2014,
            "quarter": 2,
            "eps": 0.54,
            "eps_growth_year": null,
            "eps_4q": 0.77,
            "eps_4q_growth_year": null,
            "roe": 4.38,
            "roe_4q": 6.27,
            "gross_profit": 454489,
            "gross_margin": 12.53,
            "gross_margin_4q_avg": 9.34,
            "net_income": 139857,
            "net_income_4q": null,
            "revenue": 3627660,
            "revenue_4q": null,
            "common_shares": 2728819,
            "book_valuer_per_share": 12.6,
            "book_valuer_per_share_4q_avg": 12.1,
            "equity": 3238629,
            "current_ratio": 150.58,
            "debt_ratio": 72.28,
            "inventory_turnover_ratio": 0.72,
            "account_receivable_turnover_ratio": 3.41,
            "reinvestment_rate": null,
            "research_to_sale_ratio": null,
            "price_fair": 39.67,
            "eps_avg_yearly": 1.13,
            "eps_latest_yearly": 2.16,
            "eps_growth_yearly": 125.92
        },
        "20143": {
            "year_quarter": 20143,
            "year": 2014,
            "quarter": 3,
            "eps": 0.5,
            "eps_growth_year": null,
            "eps_4q": 1.33,
            "eps_4q_growth_year": null,
            "roe": 3.87,
            "roe_4q": 10.629999999999999,
            "gross_profit": 458075,
            "gross_margin": 11.98,
            "gross_margin_4q_avg": 10.54,
            "net_income": 129158,
            "net_income_4q": null,
            "revenue": 3825098,
            "revenue_4q": null,
            "common_shares": 2728819,
            "book_valuer_per_share": 13.37,
            "book_valuer_per_share_4q_avg": 12.53,
            "equity": 3438605,
            "current_ratio": 155.03,
            "debt_ratio": 70.92,
            "inventory_turnover_ratio": 0.69,
            "account_receivable_turnover_ratio": 3.4,
            "reinvestment_rate": null,
            "research_to_sale_ratio": null,
            "price_fair": 42.47,
            "eps_avg_yearly": 1.21,
            "eps_latest_yearly": 2,
            "eps_growth_yearly": 144.71
        },
        "20144": {
            "year_quarter": 20144,
            "year": 2014,
            "quarter": 4,
            "eps": 0.25,
            "eps_growth_year": 217.51,
            "eps_4q": 1.43,
            "eps_4q_growth_year": 876.33,
            "roe": 1.92,
            "roe_4q": 11.87,
            "gross_profit": 323006,
            "gross_margin": 9.28,
            "gross_margin_4q_avg": 10.77,
            "net_income": 69166,
            "net_income_4q": null,
            "revenue": 3479151,
            "revenue_4q": null,
            "common_shares": 2728819,
            "book_valuer_per_share": 13.84,
            "book_valuer_per_share_4q_avg": 13.01,
            "equity": 3777901,
            "current_ratio": 153.74,
            "debt_ratio": 67.47,
            "inventory_turnover_ratio": 0.67,
            "account_receivable_turnover_ratio": 2.96,
            "reinvestment_rate": null,
            "research_to_sale_ratio": null,
            "price_fair": 42.7,
            "eps_avg_yearly": 1.22,
            "eps_latest_yearly": 1,
            "eps_growth_yearly": 135.93
        },
        "20151": {
            "year_quarter": 20151,
            "year": 2015,
            "quarter": 1,
            "eps": 0.14,
            "eps_growth_year": -33.33,
            "eps_4q": 1.38,
            "eps_4q_growth_year": 541.66,
            "roe": 0.99,
            "roe_4q": 11.16,
            "gross_profit": 272523,
            "gross_margin": 9.47,
            "gross_margin_4q_avg": 10.82,
            "net_income": 37331,
            "net_income_4q": null,
            "revenue": 2878685,
            "revenue_4q": null,
            "common_shares": 2728819,
            "book_valuer_per_share": 13.86,
            "book_valuer_per_share_4q_avg": 13.42,
            "equity": 3781179,
            "current_ratio": 155.39,
            "debt_ratio": 67.22,
            "inventory_turnover_ratio": 0.59,
            "account_receivable_turnover_ratio": 2.54,
            "reinvestment_rate": null,
            "research_to_sale_ratio": null,
            "price_fair": 40.83,
            "eps_avg_yearly": 1.17,
            "eps_latest_yearly": 0.56,
            "eps_growth_yearly": 112.16
        },
        "20152": {
            "year_quarter": 20152,
            "year": 2015,
            "quarter": 2,
            "eps": -0.08,
            "eps_growth_year": -114.81,
            "eps_4q": 0.75,
            "eps_4q_growth_year": -3.01,
            "roe": -0.61,
            "roe_4q": 6.17,
            "gross_profit": 170059,
            "gross_margin": 5.61,
            "gross_margin_4q_avg": 9.09,
            "net_income": -22384,
            "net_income_4q": null,
            "revenue": 3029177,
            "revenue_4q": null,
            "common_shares": 2728819,
            "book_valuer_per_share": 13.25,
            "book_valuer_per_share_4q_avg": 13.58,
            "equity": 3597909,
            "current_ratio": 145.52,
            "debt_ratio": 67.74,
            "inventory_turnover_ratio": 0.69,
            "account_receivable_turnover_ratio": 2.7,
            "reinvestment_rate": null,
            "research_to_sale_ratio": null,
            "price_fair": 45.92,
            "eps_avg_yearly": 1.31,
            "eps_latest_yearly": 0.56,
            "eps_growth_yearly": 174.59
        },
        "20153": {
            "year_quarter": 20153,
            "year": 2015,
            "quarter": 3,
            "eps": -0.35,
            "eps_growth_year": -170,
            "eps_4q": -0.05,
            "eps_4q_growth_year": -104.06,
            "roe": -2.79,
            "roe_4q": -0.4900000000000002,
            "gross_profit": 106559,
            "gross_margin": 3.66,
            "gross_margin_4q_avg": 7.01,
            "net_income": -99450,
            "net_income_4q": null,
            "revenue": 2909591,
            "revenue_4q": null,
            "common_shares": 2865260,
            "book_valuer_per_share": 12.44,
            "book_valuer_per_share_4q_avg": 13.35,
            "equity": 3525468,
            "current_ratio": 139.09,
            "debt_ratio": 68.69,
            "inventory_turnover_ratio": 0.73,
            "account_receivable_turnover_ratio": 2.58,
            "reinvestment_rate": null,
            "research_to_sale_ratio": null,
            "price_fair": 45.92,
            "eps_avg_yearly": 1.31,
            "eps_latest_yearly": 0.56,
            "eps_growth_yearly": 174.59
        },
        "20154": {
            "year_quarter": 20154,
            "year": 2015,
            "quarter": 4,
            "eps": -0.72,
            "eps_growth_year": -383.89,
            "eps_4q": -1.02,
            "eps_4q_growth_year": -171.18,
            "roe": -5.98,
            "roe_4q": -8.389999999999999,
            "gross_profit": 21791,
            "gross_margin": 0.75,
            "gross_margin_4q_avg": 4.87,
            "net_income": -202480,
            "net_income_4q": null,
            "revenue": 2898395,
            "revenue_4q": null,
            "common_shares": 2865260,
            "book_valuer_per_share": 11.52,
            "book_valuer_per_share_4q_avg": 12.77,
            "equity": 3241416,
            "current_ratio": 136.1,
            "debt_ratio": 70.02,
            "inventory_turnover_ratio": 0.81,
            "account_receivable_turnover_ratio": 2.6,
            "reinvestment_rate": null,
            "research_to_sale_ratio": null,
            "price_fair": 45.92,
            "eps_avg_yearly": 1.31,
            "eps_latest_yearly": 0.56,
            "eps_growth_yearly": 174.59
        },
        "20161": {
            "year_quarter": 20161,
            "year": 2016,
            "quarter": 1,
            "eps": 0.21,
            "eps_growth_year": 50,
            "eps_4q": -0.96,
            "eps_4q_growth_year": -169.53,
            "roe": 1.78,
            "roe_4q": -7.6000000000000005,
            "gross_profit": 279051,
            "gross_margin": 10.91,
            "gross_margin_4q_avg": 5.23,
            "net_income": 57604,
            "net_income_4q": null,
            "revenue": 2558070,
            "revenue_4q": null,
            "common_shares": 2865260,
            "book_valuer_per_share": 11.63,
            "book_valuer_per_share_4q_avg": 12.21,
            "equity": 3241884,
            "current_ratio": 126.06,
            "debt_ratio": 67.87,
            "inventory_turnover_ratio": 0.73,
            "account_receivable_turnover_ratio": 2.42,
            "reinvestment_rate": null,
            "research_to_sale_ratio": null,
            "price_fair": 45.92,
            "eps_avg_yearly": 1.31,
            "eps_latest_yearly": 0.56,
            "eps_growth_yearly": 174.59
        },
        "20162": {
            "year_quarter": 20162,
            "year": 2016,
            "quarter": 2,
            "eps": 0.02,
            "eps_growth_year": null,
            "eps_4q": -0.87,
            "eps_4q_growth_year": -215.69,
            "roe": 0.15,
            "roe_4q": -6.840000000000001,
            "gross_profit": 204930,
            "gross_margin": 7.53,
            "gross_margin_4q_avg": 5.71,
            "net_income": 4947,
            "net_income_4q": null,
            "revenue": 2721738,
            "revenue_4q": null,
            "common_shares": 2865260,
            "book_valuer_per_share": 11.48,
            "book_valuer_per_share_4q_avg": 11.77,
            "equity": 3177268,
            "current_ratio": 126.22,
            "debt_ratio": 68.29,
            "inventory_turnover_ratio": 0.88,
            "account_receivable_turnover_ratio": 2.87,
            "reinvestment_rate": null,
            "research_to_sale_ratio": null,
            "price_fair": 38.73,
            "eps_avg_yearly": 1.11,
            "eps_latest_yearly": 0.08,
            "eps_growth_yearly": 85.17
        },
        "20163": {
            "year_quarter": 20163,
            "year": 2016,
            "quarter": 3,
            "eps": 0.27,
            "eps_growth_year": null,
            "eps_4q": -0.24,
            "eps_4q_growth_year": null,
            "roe": 2.31,
            "roe_4q": -1.7400000000000002,
            "gross_profit": 341925,
            "gross_margin": 12.81,
            "gross_margin_4q_avg": 8,
            "net_income": 73233,
            "net_income_4q": null,
            "revenue": 2669286,
            "revenue_4q": null,
            "common_shares": 2865260,
            "book_valuer_per_share": 11.49,
            "book_valuer_per_share_4q_avg": 11.53,
            "equity": 3151832,
            "current_ratio": 127.41,
            "debt_ratio": 68.32,
            "inventory_turnover_ratio": 0.76,
            "account_receivable_turnover_ratio": 3.02,
            "reinvestment_rate": -1121.97,
            "research_to_sale_ratio": null,
            "price_fair": 38.6,
            "eps_avg_yearly": 1.1,
            "eps_latest_yearly": 1.08,
            "eps_growth_yearly": 787.29
        },
        "20164": {
            "year_quarter": 20164,
            "year": 2016,
            "quarter": 4,
            "eps": 0.6,
            "eps_growth_year": null,
            "eps_4q": 1.1,
            "eps_4q_growth_year": null,
            "roe": 5.08,
            "roe_4q": 9.32,
            "gross_profit": 459525,
            "gross_margin": 15.23,
            "gross_margin_4q_avg": 11.62,
            "net_income": 163556,
            "net_income_4q": null,
            "revenue": 3016579,
            "revenue_4q": null,
            "common_shares": 2865260,
            "book_valuer_per_share": 12.04,
            "book_valuer_per_share_4q_avg": 11.66,
            "equity": 3281120,
            "current_ratio": 123.51,
            "debt_ratio": 68.76,
            "inventory_turnover_ratio": 0.77,
            "account_receivable_turnover_ratio": 3.15,
            "reinvestment_rate": -414.03,
            "research_to_sale_ratio": null,
            "price_fair": 44.28,
            "eps_avg_yearly": 1.27,
            "eps_latest_yearly": 2.4,
            "eps_growth_yearly": 749.99
        },
        "20171": {
            "year_quarter": 20171,
            "year": 2017,
            "quarter": 1,
            "eps": 0.74,
            "eps_growth_year": 252.38,
            "eps_4q": 1.54,
            "eps_4q_growth_year": null,
            "roe": 6.04,
            "roe_4q": 13.580000000000002,
            "gross_profit": 529105,
            "gross_margin": 16.67,
            "gross_margin_4q_avg": 13.06,
            "net_income": 200535,
            "net_income_4q": null,
            "revenue": 3173830,
            "revenue_4q": null,
            "common_shares": 2865260,
            "book_valuer_per_share": 12.35,
            "book_valuer_per_share_4q_avg": 11.84,
            "equity": 3357517,
            "current_ratio": 126.91,
            "debt_ratio": 67.12,
            "inventory_turnover_ratio": 0.74,
            "account_receivable_turnover_ratio": 3.19,
            "reinvestment_rate": 73.45,
            "research_to_sale_ratio": null,
            "price_fair": 50.87,
            "eps_avg_yearly": 1.45,
            "eps_latest_yearly": 2.96,
            "eps_growth_yearly": 677.03
        },
        "20172": {
            "year_quarter": 20172,
            "year": 2017,
            "quarter": 2,
            "eps": 0.32,
            "eps_growth_year": 1500,
            "eps_4q": 1.93,
            "eps_4q_growth_year": null,
            "roe": 2.56,
            "roe_4q": 15.99,
            "gross_profit": 319620,
            "gross_margin": 10.44,
            "gross_margin_4q_avg": 13.79,
            "net_income": 86547,
            "net_income_4q": null,
            "revenue": 3060504,
            "revenue_4q": null,
            "common_shares": 2865260,
            "book_valuer_per_share": 12.53,
            "book_valuer_per_share_4q_avg": 12.1,
            "equity": 3406488,
            "current_ratio": 124.81,
            "debt_ratio": 65.7,
            "inventory_turnover_ratio": 0.77,
            "account_receivable_turnover_ratio": 3.15,
            "reinvestment_rate": 61.64,
            "research_to_sale_ratio": null,
            "price_fair": 50.26,
            "eps_avg_yearly": 1.44,
            "eps_latest_yearly": 1.28,
            "eps_growth_yearly": 586.62
        },
        "20173": {
            "year_quarter": 20173,
            "year": 2017,
            "quarter": 3,
            "eps": 0.23,
            "eps_growth_year": -14.81,
            "eps_4q": 1.89,
            "eps_4q_growth_year": null,
            "roe": 1.84,
            "roe_4q": 15.520000000000001,
            "gross_profit": 283010,
            "gross_margin": 9.25,
            "gross_margin_4q_avg": 12.9,
            "net_income": 63645,
            "net_income_4q": null,
            "revenue": 3061199,
            "revenue_4q": null,
            "common_shares": 2865260,
            "book_valuer_per_share": 12.87,
            "book_valuer_per_share_4q_avg": 12.45,
            "equity": 3500202,
            "current_ratio": 128.05,
            "debt_ratio": 64.21,
            "inventory_turnover_ratio": 0.85,
            "account_receivable_turnover_ratio": 3.12,
            "reinvestment_rate": 56.76,
            "research_to_sale_ratio": null,
            "price_fair": 48.62,
            "eps_avg_yearly": 1.39,
            "eps_latest_yearly": 0.92,
            "eps_growth_yearly": 523.07
        },
        "20174": {
            "year_quarter": 20174,
            "year": 2017,
            "quarter": 4,
            "eps": 0.69,
            "eps_growth_year": 14.82,
            "eps_4q": 1.98,
            "eps_4q_growth_year": 80.16,
            "roe": 5.22,
            "roe_4q": 15.66,
            "gross_profit": 478257,
            "gross_margin": 14.29,
            "gross_margin_4q_avg": 12.66,
            "net_income": 187383,
            "net_income_4q": null,
            "revenue": 3346331,
            "revenue_4q": null,
            "common_shares": 2865260,
            "book_valuer_per_share": 13.54,
            "book_valuer_per_share_4q_avg": 12.82,
            "equity": 3681235,
            "current_ratio": 124.9,
            "debt_ratio": 64.86,
            "inventory_turnover_ratio": 0.84,
            "account_receivable_turnover_ratio": 3.15,
            "reinvestment_rate": 41.9,
            "research_to_sale_ratio": null,
            "price_fair": 52.62,
            "eps_avg_yearly": 1.5,
            "eps_latest_yearly": 2.76,
            "eps_growth_yearly": 546.14
        },
        "20181": {
            "year_quarter": 20181,
            "year": 2018,
            "quarter": 1,
            "eps": 0.46,
            "eps_growth_year": -37.84,
            "eps_4q": 1.71,
            "eps_4q_growth_year": 10.51,
            "roe": 3.35,
            "roe_4q": 12.97,
            "gross_profit": 407489,
            "gross_margin": 12.96,
            "gross_margin_4q_avg": 11.74,
            "net_income": 126282,
            "net_income_4q": null,
            "revenue": 3142986,
            "revenue_4q": null,
            "common_shares": 2865260,
            "book_valuer_per_share": 14.17,
            "book_valuer_per_share_4q_avg": 13.28,
            "equity": 3853606,
            "current_ratio": 126.52,
            "debt_ratio": 65.28,
            "inventory_turnover_ratio": 0.66,
            "account_receivable_turnover_ratio": 2.75,
            "reinvestment_rate": 28.81,
            "research_to_sale_ratio": null,
            "price_fair": 55.53,
            "eps_avg_yearly": 1.59,
            "eps_latest_yearly": 1.84,
            "eps_growth_yearly": 480.87
        },
        "20182": {
            "year_quarter": 20182,
            "year": 2018,
            "quarter": 2,
            "eps": 0.64,
            "eps_growth_year": 100,
            "eps_4q": 2.01,
            "eps_4q_growth_year": 4.3,
            "roe": 4.6,
            "roe_4q": 15.009999999999998,
            "gross_profit": 510366,
            "gross_margin": 14.03,
            "gross_margin_4q_avg": 12.63,
            "net_income": 175606,
            "net_income_4q": null,
            "revenue": 3636812,
            "revenue_4q": null,
            "common_shares": 2865260,
            "book_valuer_per_share": 13.74,
            "book_valuer_per_share_4q_avg": 13.58,
            "equity": 3781768,
            "current_ratio": 120.18,
            "debt_ratio": 67.28,
            "inventory_turnover_ratio": 0.69,
            "account_receivable_turnover_ratio": 2.84,
            "reinvestment_rate": 30.2,
            "research_to_sale_ratio": null,
            "price_fair": 56.7,
            "eps_avg_yearly": 1.62,
            "eps_latest_yearly": 2.56,
            "eps_growth_yearly": 441.53
        },
        "20183": {
            "year_quarter": 20183,
            "year": 2018,
            "quarter": 3,
            "eps": 0.57,
            "eps_growth_year": 147.83,
            "eps_4q": 2.31,
            "eps_4q_growth_year": 22.07,
            "roe": 4.09,
            "roe_4q": 17.259999999999998,
            "gross_profit": 534971,
            "gross_margin": 14.96,
            "gross_margin_4q_avg": 14.06,
            "net_income": 157779,
            "net_income_4q": null,
            "revenue": 3576378,
            "revenue_4q": null,
            "common_shares": 2865260,
            "book_valuer_per_share": 14.01,
            "book_valuer_per_share_4q_avg": 13.87,
            "equity": 3926178,
            "current_ratio": 124.92,
            "debt_ratio": 64.65,
            "inventory_turnover_ratio": 0.7,
            "account_receivable_turnover_ratio": 2.58,
            "reinvestment_rate": 19.64,
            "research_to_sale_ratio": null,
            "price_fair": 57.52,
            "eps_avg_yearly": 1.64,
            "eps_latest_yearly": 2.28,
            "eps_growth_yearly": 440.35
        },
        "20184": {
            "year_quarter": 20184,
            "year": 2018,
            "quarter": 4,
            "eps": 0.3,
            "eps_growth_year": -56.29,
            "eps_4q": 1.94,
            "eps_4q_growth_year": -1.9,
            "roe": 2.12,
            "roe_4q": 14.159999999999998,
            "gross_profit": 335785,
            "gross_margin": 11.02,
            "gross_margin_4q_avg": 13.24,
            "net_income": 84411,
            "net_income_4q": null,
            "revenue": 3048183,
            "revenue_4q": null,
            "common_shares": 2865260,
            "book_valuer_per_share": 14.38,
            "book_valuer_per_share_4q_avg": 14.08,
            "equity": 4028811,
            "current_ratio": 134.12,
            "debt_ratio": 61.7,
            "inventory_turnover_ratio": 0.67,
            "account_receivable_turnover_ratio": 2.41,
            "reinvestment_rate": -17.53,
            "research_to_sale_ratio": null,
            "price_fair": 58.1,
            "eps_avg_yearly": 1.66,
            "eps_latest_yearly": 1.2,
            "eps_growth_yearly": 441.23
        },
        "20191": {
            "year_quarter": 20191,
            "year": 2019,
            "quarter": 1,
            "eps": 0.1,
            "eps_growth_year": -78.26,
            "eps_4q": 1.59,
            "eps_4q_growth_year": -6.54,
            "roe": 0.71,
            "roe_4q": 11.52,
            "gross_profit": 261641,
            "gross_margin": 8.8,
            "gross_margin_4q_avg": 12.2,
            "net_income": 29016,
            "net_income_4q": null,
            "revenue": 2972562,
            "revenue_4q": null,
            "common_shares": 2865260,
            "book_valuer_per_share": 14.74,
            "book_valuer_per_share_4q_avg": 14.22,
            "equity": 4131085,
            "current_ratio": 182.96,
            "debt_ratio": 60.48,
            "inventory_turnover_ratio": 0.71,
            "account_receivable_turnover_ratio": 2.4,
            "reinvestment_rate": -8.44,
            "research_to_sale_ratio": null,
            "price_fair": 57.63,
            "eps_avg_yearly": 1.65,
            "eps_latest_yearly": 0.4,
            "eps_growth_yearly": 433.67
        },
        "20192": {
            "year_quarter": 20192,
            "year": 2019,
            "quarter": 2,
            "eps": 0.25,
            "eps_growth_year": -60.94,
            "eps_4q": 1.2,
            "eps_4q_growth_year": -40.4,
            "roe": 1.78,
            "roe_4q": 8.7,
            "gross_profit": 324398,
            "gross_margin": 10.89,
            "gross_margin_4q_avg": 11.42,
            "net_income": 71961,
            "net_income_4q": null,
            "revenue": 2978203,
            "revenue_4q": null,
            "common_shares": 2865260,
            "book_valuer_per_share": 13.78,
            "book_valuer_per_share_4q_avg": 14.23,
            "equity": 3949342,
            "current_ratio": 176.04,
            "debt_ratio": 61.53,
            "inventory_turnover_ratio": 0.73,
            "account_receivable_turnover_ratio": 2.52,
            "reinvestment_rate": 2.77,
            "research_to_sale_ratio": null,
            "price_fair": 55.89,
            "eps_avg_yearly": 1.6,
            "eps_latest_yearly": 1,
            "eps_growth_yearly": 446.47
        },
        "20193": {
            "year_quarter": 20193,
            "year": 2019,
            "quarter": 3,
            "eps": 0.36,
            "eps_growth_year": -36.84,
            "eps_4q": 1.01,
            "eps_4q_growth_year": -56.21,
            "roe": 2.63,
            "roe_4q": 7.24,
            "gross_profit": 371161,
            "gross_margin": 11.61,
            "gross_margin_4q_avg": 10.58,
            "net_income": 104279,
            "net_income_4q": null,
            "revenue": 3196736,
            "revenue_4q": null,
            "common_shares": 2865260,
            "book_valuer_per_share": 13.91,
            "book_valuer_per_share_4q_avg": 14.2,
            "equity": 3984280,
            "current_ratio": 163.83,
            "debt_ratio": 63.89,
            "inventory_turnover_ratio": 0.74,
            "account_receivable_turnover_ratio": 2.86,
            "reinvestment_rate": -31.08,
            "research_to_sale_ratio": null,
            "price_fair": 55.5,
            "eps_avg_yearly": 1.59,
            "eps_latest_yearly": 1.44,
            "eps_growth_yearly": 427.15
        },
        "20194": {
            "year_quarter": 20194,
            "year": 2019,
            "quarter": 4,
            "eps": 0.22,
            "eps_growth_year": -27,
            "eps_4q": 0.94,
            "eps_4q_growth_year": -51.78,
            "roe": 1.58,
            "roe_4q": 6.7,
            "gross_profit": 261882,
            "gross_margin": 9.23,
            "gross_margin_4q_avg": 10.13,
            "net_income": 62998,
            "net_income_4q": null,
            "revenue": 2836705,
            "revenue_4q": null,
            "common_shares": 2865260,
            "book_valuer_per_share": 13.94,
            "book_valuer_per_share_4q_avg": 14.09,
            "equity": 3993349,
            "current_ratio": 160.64,
            "debt_ratio": 62.45,
            "inventory_turnover_ratio": 0.66,
            "account_receivable_turnover_ratio": 2.62,
            "reinvestment_rate": -21.01,
            "research_to_sale_ratio": null,
            "price_fair": 53.85,
            "eps_avg_yearly": 1.54,
            "eps_latest_yearly": 0.88,
            "eps_growth_yearly": 388.3
        },
        "20201": {
            "year_quarter": 20201,
            "year": 2020,
            "quarter": 1,
            "eps": -0.17,
            "eps_growth_year": -270,
            "eps_4q": 0.66,
            "eps_4q_growth_year": -58.41,
            "roe": -1.27,
            "roe_4q": 4.72,
            "gross_profit": 155883,
            "gross_margin": 6.66,
            "gross_margin_4q_avg": 9.6,
            "net_income": -50059,
            "net_income_4q": null,
            "revenue": 2341543,
            "revenue_4q": null,
            "common_shares": 2865260,
            "book_valuer_per_share": 13.73,
            "book_valuer_per_share_4q_avg": 13.84,
            "equity": 3916375,
            "current_ratio": 151.97,
            "debt_ratio": 64.11,
            "inventory_turnover_ratio": 0.54,
            "account_receivable_turnover_ratio": 2.48,
            "reinvestment_rate": -19.65,
            "research_to_sale_ratio": null,
            "price_fair": 53.85,
            "eps_avg_yearly": 1.54,
            "eps_latest_yearly": 0.88,
            "eps_growth_yearly": 388.3
        },
        "20202": {
            "year_quarter": 20202,
            "year": 2020,
            "quarter": 2,
            "eps": -0.04,
            "eps_growth_year": -116,
            "eps_4q": 0.38,
            "eps_4q_growth_year": -68.36,
            "roe": -0.28,
            "roe_4q": 2.66,
            "gross_profit": 161438,
            "gross_margin": 6.15,
            "gross_margin_4q_avg": 8.41,
            "net_income": -10611,
            "net_income_4q": null,
            "revenue": 2622953,
            "revenue_4q": null,
            "common_shares": 2865260,
            "book_valuer_per_share": 13.06,
            "book_valuer_per_share_4q_avg": 13.66,
            "equity": 3672818,
            "current_ratio": 136.2,
            "debt_ratio": 65.88,
            "inventory_turnover_ratio": 0.59,
            "account_receivable_turnover_ratio": 3.03,
            "reinvestment_rate": -15.64,
            "research_to_sale_ratio": null,
            "price_fair": 57.5,
            "eps_avg_yearly": 1.64,
            "eps_latest_yearly": 0.88,
            "eps_growth_yearly": 441.89
        },
        "20203": {
            "year_quarter": 20203,
            "year": 2020,
            "quarter": 3,
            "eps": 0.22,
            "eps_growth_year": -38.89,
            "eps_4q": 0.24,
            "eps_4q_growth_year": -76.32,
            "roe": 1.74,
            "roe_4q": 1.77,
            "gross_profit": 276197,
            "gross_margin": 10,
            "gross_margin_4q_avg": 8.01,
            "net_income": 64815,
            "net_income_4q": null,
            "revenue": 2762954,
            "revenue_4q": null,
            "common_shares": 2805260,
            "book_valuer_per_share": 13.46,
            "book_valuer_per_share_4q_avg": 13.55,
            "equity": 3774863,
            "current_ratio": 134.92,
            "debt_ratio": 66.25,
            "inventory_turnover_ratio": 0.61,
            "account_receivable_turnover_ratio": 3.15,
            "reinvestment_rate": -5.13,
            "research_to_sale_ratio": null,
            "price_fair": 59.02,
            "eps_avg_yearly": 1.69,
            "eps_latest_yearly": 0.88,
            "eps_growth_yearly": 91.26
        },
        "20204": {
            "year_quarter": 20204,
            "year": 2020,
            "quarter": 4,
            "eps": 0.37,
            "eps_growth_year": 68.95,
            "eps_4q": 0.39,
            "eps_4q_growth_year": -58.74,
            "roe": 2.71,
            "roe_4q": 2.9,
            "gross_profit": 344510,
            "gross_margin": 12.16,
            "gross_margin_4q_avg": 8.74,
            "net_income": 104206,
            "net_income_4q": null,
            "revenue": 2833497,
            "revenue_4q": null,
            "common_shares": 2805260,
            "book_valuer_per_share": 13.94,
            "book_valuer_per_share_4q_avg": 13.55,
            "equity": 3909369,
            "current_ratio": 152.19,
            "debt_ratio": 66.49,
            "inventory_turnover_ratio": 0.59,
            "account_receivable_turnover_ratio": 2.98,
            "reinvestment_rate": 11.33,
            "research_to_sale_ratio": null,
            "price_fair": 56.54,
            "eps_avg_yearly": 1.62,
            "eps_latest_yearly": 1.48,
            "eps_growth_yearly": 74.64
        },
        "20211": {
            "year_quarter": 20211,
            "year": 2021,
            "quarter": 1,
            "eps": 0.45,
            "eps_growth_year": null,
            "eps_4q": 1.01,
            "eps_4q_growth_year": 52.33,
            "roe": 3.15,
            "roe_4q": 7.319999999999999,
            "gross_profit": 425903,
            "gross_margin": 14.3,
            "gross_margin_4q_avg": 10.65,
            "net_income": 124920,
            "net_income_4q": null,
            "revenue": 2979021,
            "revenue_4q": null,
            "common_shares": 2805260,
            "book_valuer_per_share": 14.34,
            "book_valuer_per_share_4q_avg": 13.7,
            "equity": 4022058,
            "current_ratio": 158.07,
            "debt_ratio": 65.82,
            "inventory_turnover_ratio": 0.6,
            "account_receivable_turnover_ratio": 2.87,
            "reinvestment_rate": 18.1,
            "research_to_sale_ratio": null,
            "price_fair": 53.42,
            "eps_avg_yearly": 1.53,
            "eps_latest_yearly": 1.8,
            "eps_growth_yearly": 74.11
        },
        "20212": {
            "year_quarter": 20212,
            "year": 2021,
            "quarter": 2,
            "eps": 0.99,
            "eps_growth_year": null,
            "eps_4q": 2.04,
            "eps_4q_growth_year": 437.98,
            "roe": 6.81,
            "roe_4q": 14.409999999999998,
            "gross_profit": 644363,
            "gross_margin": 17.16,
            "gross_margin_4q_avg": 13.41,
            "net_income": 277981,
            "net_income_4q": null,
            "revenue": 3754865,
            "revenue_4q": null,
            "common_shares": 2805260,
            "book_valuer_per_share": 14.74,
            "book_valuer_per_share_4q_avg": 14.12,
            "equity": 4136108,
            "current_ratio": 149.25,
            "debt_ratio": 66.3,
            "inventory_turnover_ratio": 0.72,
            "account_receivable_turnover_ratio": 3.2,
            "reinvestment_rate": 17.31,
            "research_to_sale_ratio": null,
            "price_fair": 60.63,
            "eps_avg_yearly": 1.73,
            "eps_latest_yearly": 3.96,
            "eps_growth_yearly": 128.5
        },
        "20213": {
            "year_quarter": 20213,
            "year": 2021,
            "quarter": 3,
            "eps": 1.3,
            "eps_growth_year": 490.91,
            "eps_4q": 3.11,
            "eps_4q_growth_year": 1197.85,
            "roe": 8.45,
            "roe_4q": 21.119999999999997,
            "gross_profit": 793909,
            "gross_margin": 20.06,
            "gross_margin_4q_avg": 15.92,
            "net_income": 364307,
            "net_income_4q": null,
            "revenue": 3957166,
            "revenue_4q": null,
            "common_shares": 2805260,
            "book_valuer_per_share": 16,
            "book_valuer_per_share_4q_avg": 14.76,
            "equity": 4489072,
            "current_ratio": 151.35,
            "debt_ratio": 65.67,
            "inventory_turnover_ratio": 0.68,
            "account_receivable_turnover_ratio": 2.91,
            "reinvestment_rate": 15.88,
            "research_to_sale_ratio": null,
            "price_fair": 72.15,
            "eps_avg_yearly": 2.06,
            "eps_latest_yearly": 5.2,
            "eps_growth_yearly": 146.79
        },
        "20214": {
            "year_quarter": 20214,
            "year": 2021,
            "quarter": 4,
            "eps": 1.56,
            "eps_growth_year": 319.7,
            "eps_4q": 4.29,
            "eps_4q_growth_year": 1011.72,
            "roe": 9.26,
            "roe_4q": 27.669999999999998,
            "gross_profit": 952462,
            "gross_margin": 20.94,
            "gross_margin_4q_avg": 18.12,
            "net_income": 437352,
            "net_income_4q": null,
            "revenue": 4547720,
            "revenue_4q": null,
            "common_shares": 2805260,
            "book_valuer_per_share": 17.66,
            "book_valuer_per_share_4q_avg": 15.69,
            "equity": 4954851,
            "current_ratio": 145.51,
            "debt_ratio": 65.66,
            "inventory_turnover_ratio": 0.64,
            "account_receivable_turnover_ratio": 2.95,
            "reinvestment_rate": 20.83,
            "research_to_sale_ratio": null,
            "price_fair": 81.52,
            "eps_avg_yearly": 2.33,
            "eps_latest_yearly": 6.24,
            "eps_growth_yearly": 91.4
        },
        "20221": {
            "year_quarter": 20221,
            "year": 2022,
            "quarter": 1,
            "eps": 1.25,
            "eps_growth_year": 177.78,
            "eps_4q": 5.09,
            "eps_4q_growth_year": 404.35,
            "roe": 6.73,
            "roe_4q": 31.249999999999996,
            "gross_profit": 756169,
            "gross_margin": 17.01,
            "gross_margin_4q_avg": 18.79,
            "net_income": 349345,
            "net_income_4q": null,
            "revenue": 4446083,
            "revenue_4q": null,
            "common_shares": 2805260,
            "book_valuer_per_share": 19.32,
            "book_valuer_per_share_4q_avg": 16.93,
            "equity": 5419935,
            "current_ratio": 155.39,
            "debt_ratio": 62.45,
            "inventory_turnover_ratio": 0.62,
            "account_receivable_turnover_ratio": 2.52,
            "reinvestment_rate": 21.52,
            "research_to_sale_ratio": null,
            "price_fair": 90.03,
            "eps_avg_yearly": 2.57,
            "eps_latest_yearly": 5,
            "eps_growth_yearly": 95.54
        },
        "20222": {
            "year_quarter": 20222,
            "year": 2022,
            "quarter": 2,
            "eps": 1.29,
            "eps_growth_year": 30.3,
            "eps_4q": 5.39,
            "eps_4q_growth_year": 164.62,
            "roe": 6.83,
            "roe_4q": 31.27,
            "gross_profit": 879715,
            "gross_margin": 19.69,
            "gross_margin_4q_avg": 19.43,
            "net_income": 362403,
            "net_income_4q": null,
            "revenue": 4468695,
            "revenue_4q": null,
            "common_shares": 2805260,
            "book_valuer_per_share": 18.5,
            "book_valuer_per_share_4q_avg": 17.87,
            "equity": 5190328,
            "current_ratio": 147.02,
            "debt_ratio": 63.2,
            "inventory_turnover_ratio": 0.63,
            "account_receivable_turnover_ratio": 2.57,
            "reinvestment_rate": 20.04,
            "research_to_sale_ratio": null,
            "price_fair": 97.03,
            "eps_avg_yearly": 2.77,
            "eps_latest_yearly": 5.16,
            "eps_growth_yearly": 84.49
        },
        "20223": {
            "year_quarter": 20223,
            "year": 2022,
            "quarter": 3,
            "eps": 0.02,
            "eps_growth_year": -98.46,
            "eps_4q": 4.11,
            "eps_4q_growth_year": 32.46,
            "roe": 0.1,
            "roe_4q": 22.92,
            "gross_profit": 281786,
            "gross_margin": 6.9,
            "gross_margin_4q_avg": 16.14,
            "net_income": 5215,
            "net_income_4q": null,
            "revenue": 4083053,
            "revenue_4q": null,
            "common_shares": 2805260,
            "book_valuer_per_share": 18.73,
            "book_valuer_per_share_4q_avg": 18.55,
            "equity": 5253388,
            "current_ratio": 157.71,
            "debt_ratio": 59.19,
            "inventory_turnover_ratio": 0.74,
            "account_receivable_turnover_ratio": 2.6,
            "reinvestment_rate": 25.5,
            "research_to_sale_ratio": null,
            "price_fair": 91.11,
            "eps_avg_yearly": 2.6,
            "eps_latest_yearly": 0.08,
            "eps_growth_yearly": 57.56
        },
        "20224": {
            "year_quarter": 20224,
            "year": 2022,
            "quarter": 4,
            "eps": 0.09,
            "eps_growth_year": -94.45,
            "eps_4q": 2.64,
            "eps_4q_growth_year": -38.47,
            "roe": 0.46,
            "roe_4q": 14.120000000000001,
            "gross_profit": 262123,
            "gross_margin": 8.06,
            "gross_margin_4q_avg": 12.92,
            "net_income": 24253,
            "net_income_4q": null,
            "revenue": 3250160,
            "revenue_4q": null,
            "common_shares": 2805260,
            "book_valuer_per_share": 18.63,
            "book_valuer_per_share_4q_avg": 18.8,
            "equity": 5225355,
            "current_ratio": 155.98,
            "debt_ratio": 57.25,
            "inventory_turnover_ratio": 0.65,
            "account_receivable_turnover_ratio": 2.35,
            "reinvestment_rate": 25.55,
            "research_to_sale_ratio": null,
            "price_fair": 88.85,
            "eps_avg_yearly": 2.54,
            "eps_latest_yearly": 0.36,
            "eps_growth_yearly": 179.83
        },
        "20231": {
            "year_quarter": 20231,
            "year": 2023,
            "quarter": 1,
            "eps": 0.53,
            "eps_growth_year": -57.6,
            "eps_4q": 1.93,
            "eps_4q_growth_year": -62.1,
            "roe": 2.82,
            "roe_4q": 10.21,
            "gross_profit": 385583,
            "gross_margin": 11.93,
            "gross_margin_4q_avg": 11.65,
            "net_income": 149706,
            "net_income_4q": null,
            "revenue": 3232226,
            "revenue_4q": null,
            "common_shares": 2805260,
            "book_valuer_per_share": 19.17,
            "book_valuer_per_share_4q_avg": 18.76,
            "equity": 5378391,
            "current_ratio": 178.18,
            "debt_ratio": 56.03,
            "inventory_turnover_ratio": 0.62,
            "account_receivable_turnover_ratio": 2.71,
            "reinvestment_rate": 22.23,
            "research_to_sale_ratio": null,
            "price_fair": 93.48,
            "eps_avg_yearly": 2.67,
            "eps_latest_yearly": 2.12,
            "eps_growth_yearly": 350.77
        },
        "20232": {
            "year_quarter": 20232,
            "year": 2023,
            "quarter": 2,
            "eps": -0.36,
            "eps_growth_year": -127.91,
            "eps_4q": 0.28,
            "eps_4q_growth_year": -94.88,
            "roe": -2,
            "roe_4q": 1.38,
            "gross_profit": 150861,
            "gross_margin": 4.36,
            "gross_margin_4q_avg": 7.81,
            "net_income": -101715,
            "net_income_4q": null,
            "revenue": 3463111,
            "revenue_4q": null,
            "common_shares": 2805260,
            "book_valuer_per_share": 17.16,
            "book_valuer_per_share_4q_avg": 18.42,
            "equity": 4815127,
            "current_ratio": 162.3,
            "debt_ratio": 58.69,
            "inventory_turnover_ratio": 0.76,
            "account_receivable_turnover_ratio": 2.95,
            "reinvestment_rate": 18.19,
            "research_to_sale_ratio": null,
            "price_fair": 98.35,
            "eps_avg_yearly": 2.81,
            "eps_latest_yearly": 2.12,
            "eps_growth_yearly": 330
        },
        "20233": {
            "year_quarter": 20233,
            "year": 2023,
            "quarter": 3,
            "eps": 0.05,
            "eps_growth_year": 150,
            "eps_4q": 0.31,
            "eps_4q_growth_year": -92.57,
            "roe": 0.28,
            "roe_4q": 1.5599999999999998,
            "gross_profit": 197949,
            "gross_margin": 6.26,
            "gross_margin_4q_avg": 7.65,
            "net_income": 13528,
            "net_income_4q": null,
            "revenue": 3164520,
            "revenue_4q": null,
            "common_shares": 2805260,
            "book_valuer_per_share": 17.66,
            "book_valuer_per_share_4q_avg": 18.16,
            "equity": 4952927,
            "current_ratio": 217.91,
            "debt_ratio": 58.91,
            "inventory_turnover_ratio": 0.69,
            "account_receivable_turnover_ratio": 2.57,
            "reinvestment_rate": 25.49,
            "research_to_sale_ratio": null,
            "price_fair": 102.71,
            "eps_avg_yearly": 2.93,
            "eps_latest_yearly": 2.12,
            "eps_growth_yearly": 344
        }
    },
    "months": {
        "2001-06": {
            "month": "2001-06",
            "price": "7.83",
            "revenue": 175098
        },
        "2001-07": {
            "month": "2001-07",
            "price": "6.71",
            "revenue": 178301
        },
        "2001-08": {
            "month": "2001-08",
            "price": "6.44",
            "revenue": 187391
        },
        "2001-09": {
            "month": "2001-09",
            "price": "5.46",
            "revenue": 174565
        },
        "2001-10": {
            "month": "2001-10",
            "price": "5.02",
            "revenue": 219015
        },
        "2001-11": {
            "month": "2001-11",
            "price": "4.98",
            "revenue": 235379
        },
        "2001-12": {
            "month": "2001-12",
            "price": "5.16",
            "revenue": 178094
        },
        "2002-01": {
            "month": "2002-01",
            "price": "5.26",
            "revenue": 203108
        },
        "2002-02": {
            "month": "2002-02",
            "price": "6.21",
            "revenue": 144880
        },
        "2002-03": {
            "month": "2002-03",
            "price": "7.61",
            "revenue": 213229
        },
        "2002-04": {
            "month": "2002-04",
            "price": "8.59",
            "revenue": 230167
        },
        "2002-05": {
            "month": "2002-05",
            "price": "8.70",
            "revenue": 221599
        },
        "2002-06": {
            "month": "2002-06",
            "price": "14.33",
            "revenue": 231448
        },
        "2002-07": {
            "month": "2002-07",
            "price": "13.23",
            "revenue": 191140
        },
        "2002-08": {
            "month": "2002-08",
            "price": "10.88",
            "revenue": 211700
        },
        "2002-09": {
            "month": "2002-09",
            "price": "9.34",
            "revenue": 212272
        },
        "2002-10": {
            "month": "2002-10",
            "price": "9.26",
            "revenue": 243208
        },
        "2002-11": {
            "month": "2002-11",
            "price": "10.71",
            "revenue": 256212
        },
        "2002-12": {
            "month": "2002-12",
            "price": "10.72",
            "revenue": 274378
        },
        "2003-01": {
            "month": "2003-01",
            "price": "12.89",
            "revenue": 276245
        },
        "2003-02": {
            "month": "2003-02",
            "price": "15.77",
            "revenue": 202857
        },
        "2003-03": {
            "month": "2003-03",
            "price": "13.90",
            "revenue": 276769
        },
        "2003-04": {
            "month": "2003-04",
            "price": "14.77",
            "revenue": 274940
        },
        "2003-05": {
            "month": "2003-05",
            "price": "13.59",
            "revenue": 250492
        },
        "2003-06": {
            "month": "2003-06",
            "price": "14.18",
            "revenue": 288714
        },
        "2003-07": {
            "month": "2003-07",
            "price": "16.55",
            "revenue": 292615
        },
        "2003-08": {
            "month": "2003-08",
            "price": "16.17",
            "revenue": 276938
        },
        "2003-09": {
            "month": "2003-09",
            "price": "15.23",
            "revenue": 292842
        },
        "2003-10": {
            "month": "2003-10",
            "price": "15.28",
            "revenue": 355514
        },
        "2003-11": {
            "month": "2003-11",
            "price": "15.32",
            "revenue": 277585
        },
        "2003-12": {
            "month": "2003-12",
            "price": "16.10",
            "revenue": 431147
        },
        "2004-01": {
            "month": "2004-01",
            "price": "20.08",
            "revenue": 346286
        },
        "2004-02": {
            "month": "2004-02",
            "price": "24.32",
            "revenue": 506995
        },
        "2004-03": {
            "month": "2004-03",
            "price": "33.51",
            "revenue": 526523
        },
        "2004-04": {
            "month": "2004-04",
            "price": "32.83",
            "revenue": 470030
        },
        "2004-05": {
            "month": "2004-05",
            "price": "21.02",
            "revenue": 442285
        },
        "2004-06": {
            "month": "2004-06",
            "price": "21.35",
            "revenue": 424492
        },
        "2004-07": {
            "month": "2004-07",
            "price": "23.48",
            "revenue": 509028
        },
        "2004-08": {
            "month": "2004-08",
            "price": "19.68",
            "revenue": 504860
        },
        "2004-09": {
            "month": "2004-09",
            "price": "27.14",
            "revenue": 438168
        },
        "2004-10": {
            "month": "2004-10",
            "price": "26.55",
            "revenue": 477024
        },
        "2004-11": {
            "month": "2004-11",
            "price": "23.62",
            "revenue": 512497
        },
        "2004-12": {
            "month": "2004-12",
            "price": "24.63",
            "revenue": 558177
        },
        "2005-01": {
            "month": "2005-01",
            "price": "24.72",
            "revenue": 479124
        },
        "2005-02": {
            "month": "2005-02",
            "price": "24.87",
            "revenue": 398445
        },
        "2005-03": {
            "month": "2005-03",
            "price": "22.58",
            "revenue": 663731
        },
        "2005-04": {
            "month": "2005-04",
            "price": "20.51",
            "revenue": 546028
        },
        "2005-05": {
            "month": "2005-05",
            "price": "19.65",
            "revenue": 576267
        },
        "2005-06": {
            "month": "2005-06",
            "price": "20.37",
            "revenue": 567212
        },
        "2005-07": {
            "month": "2005-07",
            "price": "19.04",
            "revenue": 513441
        },
        "2005-08": {
            "month": "2005-08",
            "price": "17.64",
            "revenue": 618865
        },
        "2005-09": {
            "month": "2005-09",
            "price": "19.03",
            "revenue": 633523
        },
        "2005-10": {
            "month": "2005-10",
            "price": "16.97",
            "revenue": 545916
        },
        "2005-11": {
            "month": "2005-11",
            "price": "16.26",
            "revenue": 587802
        },
        "2005-12": {
            "month": "2005-12",
            "price": "15.50",
            "revenue": 590775
        },
        "2006-01": {
            "month": "2006-01",
            "price": "15.89",
            "revenue": 575908
        },
        "2006-02": {
            "month": "2006-02",
            "price": "17.69",
            "revenue": 512466
        },
        "2006-03": {
            "month": "2006-03",
            "price": "16.85",
            "revenue": 558920
        },
        "2006-04": {
            "month": "2006-04",
            "price": "19.34",
            "revenue": 559619
        },
        "2006-05": {
            "month": "2006-05",
            "price": "18.46",
            "revenue": 627611
        },
        "2006-06": {
            "month": "2006-06",
            "price": "16.66",
            "revenue": 679294
        },
        "2006-07": {
            "month": "2006-07",
            "price": "17.49",
            "revenue": 834562
        },
        "2006-08": {
            "month": "2006-08",
            "price": "16.79",
            "revenue": 937120
        },
        "2006-09": {
            "month": "2006-09",
            "price": "17.05",
            "revenue": 1024813
        },
        "2006-10": {
            "month": "2006-10",
            "price": "23.26",
            "revenue": 1162527
        },
        "2006-11": {
            "month": "2006-11",
            "price": "23.50",
            "revenue": 1161412
        },
        "2006-12": {
            "month": "2006-12",
            "price": "24.65",
            "revenue": 1230786
        },
        "2007-01": {
            "month": "2007-01",
            "price": "26.52",
            "revenue": 1258573
        },
        "2007-02": {
            "month": "2007-02",
            "price": "30.38",
            "revenue": 1144633
        },
        "2007-03": {
            "month": "2007-03",
            "price": "31.88",
            "revenue": 1380217
        },
        "2007-04": {
            "month": "2007-04",
            "price": "42.10",
            "revenue": 1518163
        },
        "2007-05": {
            "month": "2007-05",
            "price": "42.28",
            "revenue": 1566550
        },
        "2007-06": {
            "month": "2007-06",
            "price": "41.75",
            "revenue": 1291322
        },
        "2007-07": {
            "month": "2007-07",
            "price": "42.43",
            "revenue": 1369939
        },
        "2007-08": {
            "month": "2007-08",
            "price": "32.57",
            "revenue": 1507997
        },
        "2007-09": {
            "month": "2007-09",
            "price": "34.55",
            "revenue": 1250889
        },
        "2007-10": {
            "month": "2007-10",
            "price": "34.05",
            "revenue": 1332783
        },
        "2007-11": {
            "month": "2007-11",
            "price": "30.09",
            "revenue": 1219850
        },
        "2007-12": {
            "month": "2007-12",
            "price": "26.44",
            "revenue": 1182851
        },
        "2008-01": {
            "month": "2008-01",
            "price": "25.33",
            "revenue": 1323157
        },
        "2008-02": {
            "month": "2008-02",
            "price": "26.19",
            "revenue": 826130
        },
        "2008-03": {
            "month": "2008-03",
            "price": "27.86",
            "revenue": 1291250
        },
        "2008-04": {
            "month": "2008-04",
            "price": "27.98",
            "revenue": 1029764
        },
        "2008-05": {
            "month": "2008-05",
            "price": "26.22",
            "revenue": 1144961
        },
        "2008-06": {
            "month": "2008-06",
            "price": "22.24",
            "revenue": 914045
        },
        "2008-07": {
            "month": "2008-07",
            "price": "18.32",
            "revenue": 1237994
        },
        "2008-08": {
            "month": "2008-08",
            "price": "17.90",
            "revenue": 1017370
        },
        "2008-09": {
            "month": "2008-09",
            "price": "11.40",
            "revenue": 914476
        },
        "2008-10": {
            "month": "2008-10",
            "price": "9.09",
            "revenue": 774783
        },
        "2008-11": {
            "month": "2008-11",
            "price": "7.66",
            "revenue": 633532
        },
        "2008-12": {
            "month": "2008-12",
            "price": "7.53",
            "revenue": 587460
        },
        "2009-01": {
            "month": "2009-01",
            "price": "8.27",
            "revenue": 392138
        },
        "2009-02": {
            "month": "2009-02",
            "price": "8.07",
            "revenue": 506212
        },
        "2009-03": {
            "month": "2009-03",
            "price": "8.58",
            "revenue": 457708
        },
        "2009-04": {
            "month": "2009-04",
            "price": "11.40",
            "revenue": 507694
        },
        "2009-05": {
            "month": "2009-05",
            "price": "13.11",
            "revenue": 457545
        },
        "2009-06": {
            "month": "2009-06",
            "price": "15.28",
            "revenue": 570576
        },
        "2009-07": {
            "month": "2009-07",
            "price": "15.61",
            "revenue": 624921
        },
        "2009-08": {
            "month": "2009-08",
            "price": "17.42",
            "revenue": 615513
        },
        "2009-09": {
            "month": "2009-09",
            "price": "16.20",
            "revenue": 682345
        },
        "2009-10": {
            "month": "2009-10",
            "price": "15.95",
            "revenue": 740135
        },
        "2009-11": {
            "month": "2009-11",
            "price": "15.41",
            "revenue": 626753
        },
        "2009-12": {
            "month": "2009-12",
            "price": "16.08",
            "revenue": 711280
        },
        "2010-01": {
            "month": "2010-01",
            "price": "17.12",
            "revenue": 821703
        },
        "2010-02": {
            "month": "2010-02",
            "price": "16.27",
            "revenue": 518507
        },
        "2010-03": {
            "month": "2010-03",
            "price": "17.26",
            "revenue": 1183987
        },
        "2010-04": {
            "month": "2010-04",
            "price": "18.11",
            "revenue": 1059273
        },
        "2010-05": {
            "month": "2010-05",
            "price": "15.75",
            "revenue": 1225241
        },
        "2010-06": {
            "month": "2010-06",
            "price": "13.94",
            "revenue": 1001794
        },
        "2010-07": {
            "month": "2010-07",
            "price": "14.07",
            "revenue": 998503
        },
        "2010-08": {
            "month": "2010-08",
            "price": "15.18",
            "revenue": 1177115
        },
        "2010-09": {
            "month": "2010-09",
            "price": "16.50",
            "revenue": 998522
        },
        "2010-10": {
            "month": "2010-10",
            "price": "16.52",
            "revenue": 1186417
        },
        "2010-11": {
            "month": "2010-11",
            "price": "16.19",
            "revenue": 998786
        },
        "2010-12": {
            "month": "2010-12",
            "price": "16.73",
            "revenue": 1220587
        },
        "2011-01": {
            "month": "2011-01",
            "price": "17.63",
            "revenue": 1301368
        },
        "2011-02": {
            "month": "2011-02",
            "price": "20.01",
            "revenue": 1074670
        },
        "2011-03": {
            "month": "2011-03",
            "price": "18.39",
            "revenue": 1488742
        },
        "2011-04": {
            "month": "2011-04",
            "price": "18.02",
            "revenue": 1456835
        },
        "2011-05": {
            "month": "2011-05",
            "price": "16.30",
            "revenue": 1306299
        },
        "2011-06": {
            "month": "2011-06",
            "price": "14.86",
            "revenue": 1186343
        },
        "2011-07": {
            "month": "2011-07",
            "price": "14.34",
            "revenue": 1350130
        },
        "2011-08": {
            "month": "2011-08",
            "price": "14.94",
            "revenue": 1373573
        },
        "2011-09": {
            "month": "2011-09",
            "price": "13.54",
            "revenue": 1297184
        },
        "2011-10": {
            "month": "2011-10",
            "price": "13.18",
            "revenue": 1074234
        },
        "2011-11": {
            "month": "2011-11",
            "price": "11.48",
            "revenue": 1058302
        },
        "2011-12": {
            "month": "2011-12",
            "price": "10.39",
            "revenue": 1192527
        },
        "2012-01": {
            "month": "2012-01",
            "price": "10.58",
            "revenue": 838760
        },
        "2012-02": {
            "month": "2012-02",
            "price": "12.87",
            "revenue": 1234224
        },
        "2012-03": {
            "month": "2012-03",
            "price": "12.41",
            "revenue": 1210714
        },
        "2012-04": {
            "month": "2012-04",
            "price": "11.21",
            "revenue": 1162960
        },
        "2012-05": {
            "month": "2012-05",
            "price": "10.68",
            "revenue": 1171082
        },
        "2012-06": {
            "month": "2012-06",
            "price": "10.02",
            "revenue": 1131402
        },
        "2012-07": {
            "month": "2012-07",
            "price": "9.89",
            "revenue": 996221
        },
        "2012-08": {
            "month": "2012-08",
            "price": "9.99",
            "revenue": 998213
        },
        "2012-09": {
            "month": "2012-09",
            "price": "10.78",
            "revenue": 953926
        },
        "2012-10": {
            "month": "2012-10",
            "price": "10.35",
            "revenue": 987989
        },
        "2012-11": {
            "month": "2012-11",
            "price": "9.46",
            "revenue": 874985
        },
        "2012-12": {
            "month": "2012-12",
            "price": "9.71",
            "revenue": 848845
        },
        "2013-01": {
            "month": "2013-01",
            "price": "10.73",
            "revenue": 1258079
        },
        "2013-02": {
            "month": "2013-02",
            "price": "10.41",
            "revenue": 810571
        },
        "2013-03": {
            "month": "2013-03",
            "price": "9.85",
            "revenue": 1213934
        },
        "2013-04": {
            "month": "2013-04",
            "price": "9.08",
            "revenue": 1128042
        },
        "2013-05": {
            "month": "2013-05",
            "price": "9.31",
            "revenue": 1205193
        },
        "2013-06": {
            "month": "2013-06",
            "price": "9.16",
            "revenue": 1068656
        },
        "2013-07": {
            "month": "2013-07",
            "price": "9.06",
            "revenue": 1106450
        },
        "2013-08": {
            "month": "2013-08",
            "price": "9.18",
            "revenue": 1080050
        },
        "2013-09": {
            "month": "2013-09",
            "price": "9.86",
            "revenue": 982684
        },
        "2013-10": {
            "month": "2013-10",
            "price": "9.56",
            "revenue": 1050123
        },
        "2013-11": {
            "month": "2013-11",
            "price": "9.16",
            "revenue": 969242
        },
        "2013-12": {
            "month": "2013-12",
            "price": "9.36",
            "revenue": 1109338
        },
        "2014-01": {
            "month": "2014-01",
            "price": "9.83",
            "revenue": 1024062
        },
        "2014-02": {
            "month": "2014-02",
            "price": "9.46",
            "revenue": 847889
        },
        "2014-03": {
            "month": "2014-03",
            "price": "9.92",
            "revenue": 1154777
        },
        "2014-04": {
            "month": "2014-04",
            "price": "10.63",
            "revenue": 1202179
        },
        "2014-05": {
            "month": "2014-05",
            "price": "12.26",
            "revenue": 1253555
        },
        "2014-06": {
            "month": "2014-06",
            "price": "11.68",
            "revenue": 1171925
        },
        "2014-07": {
            "month": "2014-07",
            "price": "11.44",
            "revenue": 1327937
        },
        "2014-08": {
            "month": "2014-08",
            "price": "14.02",
            "revenue": 1182646
        },
        "2014-09": {
            "month": "2014-09",
            "price": "14.35",
            "revenue": 1314514
        },
        "2014-10": {
            "month": "2014-10",
            "price": "12.62",
            "revenue": 1217586
        },
        "2014-11": {
            "month": "2014-11",
            "price": "12.45",
            "revenue": 1001586
        },
        "2014-12": {
            "month": "2014-12",
            "price": "13.70",
            "revenue": 1259978
        },
        "2015-01": {
            "month": "2015-01",
            "price": "13.69",
            "revenue": 1100178
        },
        "2015-02": {
            "month": "2015-02",
            "price": "13.70",
            "revenue": 661179
        },
        "2015-03": {
            "month": "2015-03",
            "price": "13.10",
            "revenue": 1117328
        },
        "2015-04": {
            "month": "2015-04",
            "price": "13.14",
            "revenue": 1051242
        },
        "2015-05": {
            "month": "2015-05",
            "price": "12.96",
            "revenue": 996373
        },
        "2015-06": {
            "month": "2015-06",
            "price": "11.56",
            "revenue": 981561
        },
        "2015-07": {
            "month": "2015-07",
            "price": "10.98",
            "revenue": 1044795
        },
        "2015-08": {
            "month": "2015-08",
            "price": "9.50",
            "revenue": 932350
        },
        "2015-09": {
            "month": "2015-09",
            "price": "9.44",
            "revenue": 932446
        },
        "2015-10": {
            "month": "2015-10",
            "price": "9.95",
            "revenue": 1004634
        },
        "2015-11": {
            "month": "2015-11",
            "price": "9.49",
            "revenue": 931071
        },
        "2015-12": {
            "month": "2015-12",
            "price": "9.17",
            "revenue": 962690
        },
        "2016-01": {
            "month": "2016-01",
            "price": "9.00",
            "revenue": 932091
        },
        "2016-02": {
            "month": "2016-02",
            "price": "9.86",
            "revenue": 612096
        },
        "2016-03": {
            "month": "2016-03",
            "price": "10.36",
            "revenue": 1013883
        },
        "2016-04": {
            "month": "2016-04",
            "price": "10.34",
            "revenue": 948514
        },
        "2016-05": {
            "month": "2016-05",
            "price": "9.74",
            "revenue": 882082
        },
        "2016-06": {
            "month": "2016-06",
            "price": "9.73",
            "revenue": 891141
        },
        "2016-07": {
            "month": "2016-07",
            "price": "10.18",
            "revenue": 881797
        },
        "2016-08": {
            "month": "2016-08",
            "price": "9.90",
            "revenue": 948965
        },
        "2016-09": {
            "month": "2016-09",
            "price": "9.67",
            "revenue": 838524
        },
        "2016-10": {
            "month": "2016-10",
            "price": "9.52",
            "revenue": 924417
        },
        "2016-11": {
            "month": "2016-11",
            "price": "10.41",
            "revenue": 970332
        },
        "2016-12": {
            "month": "2016-12",
            "price": "10.72",
            "revenue": 1121831
        },
        "2017-01": {
            "month": "2017-01",
            "price": "10.39",
            "revenue": 976290
        },
        "2017-02": {
            "month": "2017-02",
            "price": "11.58",
            "revenue": 960408
        },
        "2017-03": {
            "month": "2017-03",
            "price": "12.09",
            "revenue": 1237132
        },
        "2017-04": {
            "month": "2017-04",
            "price": "11.69",
            "revenue": 984286
        },
        "2017-05": {
            "month": "2017-05",
            "price": "11.52",
            "revenue": 1019444
        },
        "2017-06": {
            "month": "2017-06",
            "price": "11.91",
            "revenue": 1056775
        },
        "2017-07": {
            "month": "2017-07",
            "price": "13.21",
            "revenue": 934490
        },
        "2017-08": {
            "month": "2017-08",
            "price": "16.05",
            "revenue": 1117971
        },
        "2017-09": {
            "month": "2017-09",
            "price": "16.00",
            "revenue": 1008738
        },
        "2017-10": {
            "month": "2017-10",
            "price": "15.84",
            "revenue": 953188
        },
        "2017-11": {
            "month": "2017-11",
            "price": "16.19",
            "revenue": 1144493
        },
        "2017-12": {
            "month": "2017-12",
            "price": "15.30",
            "revenue": 1248687
        },
        "2018-01": {
            "month": "2018-01",
            "price": "16.32",
            "revenue": 1122258
        },
        "2018-02": {
            "month": "2018-02",
            "price": "16.28",
            "revenue": 748942
        },
        "2018-03": {
            "month": "2018-03",
            "price": "16.17",
            "revenue": 1271786
        },
        "2018-04": {
            "month": "2018-04",
            "price": "16.08",
            "revenue": 1209656
        },
        "2018-05": {
            "month": "2018-05",
            "price": "15.97",
            "revenue": 1266656
        },
        "2018-06": {
            "month": "2018-06",
            "price": "16.02",
            "revenue": 1160499
        },
        "2018-07": {
            "month": "2018-07",
            "price": "14.95",
            "revenue": 1241294
        },
        "2018-08": {
            "month": "2018-08",
            "price": "14.68",
            "revenue": 1240188
        },
        "2018-09": {
            "month": "2018-09",
            "price": "14.58",
            "revenue": 1094897
        },
        "2018-10": {
            "month": "2018-10",
            "price": "12.98",
            "revenue": 1141395
        },
        "2018-11": {
            "month": "2018-11",
            "price": "12.80",
            "revenue": 1029979
        },
        "2018-12": {
            "month": "2018-12",
            "price": "12.88",
            "revenue": 876808
        },
        "2019-01": {
            "month": "2019-01",
            "price": "12.68",
            "revenue": 1086358
        },
        "2019-02": {
            "month": "2019-02",
            "price": "13.42",
            "revenue": 748621
        },
        "2019-03": {
            "month": "2019-03",
            "price": "14.29",
            "revenue": 1137583
        },
        "2019-04": {
            "month": "2019-04",
            "price": "14.08",
            "revenue": 964570
        },
        "2019-05": {
            "month": "2019-05",
            "price": "13.10",
            "revenue": 1084284
        },
        "2019-06": {
            "month": "2019-06",
            "price": "12.81",
            "revenue": 929348
        },
        "2019-07": {
            "month": "2019-07",
            "price": "13.08",
            "revenue": 1108366
        },
        "2019-08": {
            "month": "2019-08",
            "price": "12.73",
            "revenue": 1067633
        },
        "2019-09": {
            "month": "2019-09",
            "price": "13.46",
            "revenue": 1020737
        },
        "2019-10": {
            "month": "2019-10",
            "price": "12.99",
            "revenue": 994610
        },
        "2019-11": {
            "month": "2019-11",
            "price": "12.46",
            "revenue": 815217
        },
        "2019-12": {
            "month": "2019-12",
            "price": "12.18",
            "revenue": 1026877
        },
        "2020-01": {
            "month": "2020-01",
            "price": "12.25",
            "revenue": 641034
        },
        "2020-02": {
            "month": "2020-02",
            "price": "11.32",
            "revenue": 764163
        },
        "2020-03": {
            "month": "2020-03",
            "price": "9.94",
            "revenue": 936346
        },
        "2020-04": {
            "month": "2020-04",
            "price": "9.97",
            "revenue": 934463
        },
        "2020-05": {
            "month": "2020-05",
            "price": "10.26",
            "revenue": 835192
        },
        "2020-06": {
            "month": "2020-06",
            "price": "10.60",
            "revenue": 853299
        },
        "2020-07": {
            "month": "2020-07",
            "price": "10.51",
            "revenue": 907595
        },
        "2020-08": {
            "month": "2020-08",
            "price": "10.08",
            "revenue": 874900
        },
        "2020-09": {
            "month": "2020-09",
            "price": "10.51",
            "revenue": 980460
        },
        "2020-10": {
            "month": "2020-10",
            "price": "10.24",
            "revenue": 875719
        },
        "2020-11": {
            "month": "2020-11",
            "price": "10.68",
            "revenue": 923173
        },
        "2020-12": {
            "month": "2020-12",
            "price": "13.48",
            "revenue": 1034605
        },
        "2021-01": {
            "month": "2021-01",
            "price": "13.20",
            "revenue": 1042513
        },
        "2021-02": {
            "month": "2021-02",
            "price": "13.10",
            "revenue": 724720
        },
        "2021-03": {
            "month": "2021-03",
            "price": "13.46",
            "revenue": 1211788
        },
        "2021-04": {
            "month": "2021-04",
            "price": "16.64",
            "revenue": 1131432
        },
        "2021-05": {
            "month": "2021-05",
            "price": "18.92",
            "revenue": 1308810
        },
        "2021-06": {
            "month": "2021-06",
            "price": "24.98",
            "revenue": 1314622
        },
        "2021-07": {
            "month": "2021-07",
            "price": "41.17",
            "revenue": 1279723
        },
        "2021-08": {
            "month": "2021-08",
            "price": "37.05",
            "revenue": 1339911
        },
        "2021-09": {
            "month": "2021-09",
            "price": "35.19",
            "revenue": 1337532
        },
        "2021-10": {
            "month": "2021-10",
            "price": "29.38",
            "revenue": 1530286
        },
        "2021-11": {
            "month": "2021-11",
            "price": "29.94",
            "revenue": 1501187
        },
        "2021-12": {
            "month": "2021-12",
            "price": "30.51",
            "revenue": 1516248
        },
        "2022-01": {
            "month": "2022-01",
            "price": "28.25",
            "revenue": 1385505
        },
        "2022-02": {
            "month": "2022-02",
            "price": "29.89",
            "revenue": 1129181
        },
        "2022-03": {
            "month": "2022-03",
            "price": "33.56",
            "revenue": 1931397
        },
        "2022-04": {
            "month": "2022-04",
            "price": "36.65",
            "revenue": 1499519
        },
        "2022-05": {
            "month": "2022-05",
            "price": "29.90",
            "revenue": 1521476
        },
        "2022-06": {
            "month": "2022-06",
            "price": "26.68",
            "revenue": 1447700
        },
        "2022-07": {
            "month": "2022-07",
            "price": "22.65",
            "revenue": 1330411
        },
        "2022-08": {
            "month": "2022-08",
            "price": "24.51",
            "revenue": 1401283
        },
        "2022-09": {
            "month": "2022-09",
            "price": "24.30",
            "revenue": 1351359
        },
        "2022-10": {
            "month": "2022-10",
            "price": "22.82",
            "revenue": 1099036
        },
        "2022-11": {
            "month": "2022-11",
            "price": "22.29",
            "revenue": 1118266
        },
        "2022-12": {
            "month": "2022-12",
            "price": "23.03",
            "revenue": 1032858
        },
        "2023-01": {
            "month": "2023-01",
            "price": "23.14",
            "revenue": 843401
        },
        "2023-02": {
            "month": "2023-02",
            "price": "23.65",
            "revenue": 1150086
        },
        "2023-03": {
            "month": "2023-03",
            "price": "23.47",
            "revenue": 1238738
        },
        "2023-04": {
            "month": "2023-04",
            "price": "22.83",
            "revenue": 1183029
        },
        "2023-05": {
            "month": "2023-05",
            "price": "22.43",
            "revenue": 1218072
        },
        "2023-06": {
            "month": "2023-06",
            "price": "23.01",
            "revenue": 1062011
        },
        "2023-07": {
            "month": "2023-07",
            "price": "21.00",
            "revenue": 988183
        },
        "2023-08": {
            "month": "2023-08",
            "price": "19.16",
            "revenue": 1131312
        },
        "2023-09": {
            "month": "2023-09",
            "price": "18.64",
            "revenue": 1045025
        },
        "2023-10": {
            "month": "2023-10",
            "price": "17.67",
            "revenue": 1007165
        },
        "2023-11": {
            "month": "2023-11",
            "price": "18.15",
            "revenue": 982928
        },
        "2023-12": {
            "month": "2023-12",
            "price": "19.51",
            "revenue": 1006949
        }
    }
}
