{
    "summary": {
        "stock_name": "新光鋼",
        "stock_id": "2031",
        "category": "鋼鐵",
        "main_business": "各種鋼鐵整平裁剪加工買賣<br>各種鋼構構件製作加工買賣<br>各種鋼鐵代理報價買賣",
        "website_url": "http://www.hkssteel.com.tw",
        "ceo": "曾明山",
        "pe_ratio": 17,
        "report_year_from": 2001,
        "report_year_to": 2023,
        "age": 22,
        "eps_negative_percentage": 13,
        "eps_growth_avg": {
            "last_all": -8.8,
            "last_2y": 38.12,
            "last_4y": 3.58,
            "last_8y": -10.14,
            "last_12y": -25.49,
            "last_16y": -19.15,
            "last_20y": -8.8,
            "at_2006_last_3y": 27.46,
            "at_2007_last_3y": 33.39,
            "at_2008_last_3y": -2.4,
            "at_2009_last_3y": -3.3,
            "at_2010_last_3y": -37.74,
            "at_2011_last_3y": -73.86,
            "at_2012_last_3y": -91.27,
            "at_2013_last_3y": -86.9,
            "at_2014_last_3y": -68.02,
            "at_2015_last_3y": -76.75,
            "at_2016_last_3y": -65.13,
            "at_2017_last_3y": -33.02,
            "at_2018_last_3y": -25.7,
            "at_2019_last_3y": -21.74,
            "at_2020_last_3y": 8.69,
            "at_2021_last_3y": 25.89,
            "at_2022_last_3y": 6.56,
            "at_2023_last_3y": 6.56,
            "at_2006_last_all": 41.96,
            "at_2007_last_all": 40.73,
            "at_2008_last_all": 28.09,
            "at_2009_last_all": 12.08,
            "at_2010_last_all": 12.08,
            "at_2011_last_all": 2.53,
            "at_2012_last_all": -7.72,
            "at_2013_last_all": -7.72,
            "at_2014_last_all": -9.77,
            "at_2015_last_all": -17.29,
            "at_2016_last_all": -17.29,
            "at_2017_last_all": -13.56,
            "at_2018_last_all": -13.18,
            "at_2019_last_all": -18.18,
            "at_2020_last_all": -10.79,
            "at_2021_last_all": -4.28,
            "at_2022_last_all": -8.8,
            "at_2023_last_all": -8.8
        },
        "latest_eps": 2.81,
        "latest_price": 47.1,
        "latest_roe": 9.12,
        "latest_gross_margin": 5.65,
        "latest_equity": 10778066,
        "latest_revenue": 3868377,
        "latest_gross_profit": 218678,
        "latest_net_income": 459846,
        "latest_debt_ratio": 59.46,
        "latest_current_ratio": 136.81,
        "latest_account_receivable_turnover_ratio": 0.93,
        "latest_inventory_turnover_ratio": 0.62,
        "latest_reinvestment_rate": 19.27,
        "latest_research_to_sale_ratio": null
    },
    "eps_dividends": {
        "1995": {
            "cash": 0,
            "stock": 1.07,
            "eps": 0
        },
        "1996": {
            "cash": 0,
            "stock": 1.6,
            "eps": 0
        },
        "1997": {
            "cash": 0,
            "stock": 0.42,
            "eps": 0
        },
        "1998": {
            "cash": 0,
            "stock": 1,
            "eps": 0
        },
        "1999": {
            "cash": 0,
            "stock": 1,
            "eps": 0
        },
        "2000": {
            "cash": 0,
            "stock": 1.5,
            "eps": 0
        },
        "2001": {
            "cash": 0,
            "stock": 0,
            "eps": 0.07
        },
        "2002": {
            "cash": 0.2,
            "stock": 0.48,
            "eps": 3.69
        },
        "2003": {
            "cash": 1,
            "stock": 1.25,
            "eps": 4.09
        },
        "2004": {
            "cash": 1.25,
            "stock": 1.24,
            "eps": 7.99
        },
        "2005": {
            "cash": 1.5,
            "stock": 2,
            "eps": 0.29
        },
        "2006": {
            "cash": 0.5,
            "stock": 0.51,
            "eps": 2.69
        },
        "2007": {
            "cash": 1.46,
            "stock": 0.1,
            "eps": 3.62
        },
        "2008": {
            "cash": 1.78,
            "stock": 0.09,
            "eps": 1.89
        },
        "2009": {
            "cash": 0.6,
            "stock": 0.1,
            "eps": -0.94
        },
        "2010": {
            "cash": 0.6,
            "stock": 0,
            "eps": 2.71
        },
        "2011": {
            "cash": 3,
            "stock": 0,
            "eps": 0.71
        },
        "2012": {
            "cash": 0,
            "stock": 0,
            "eps": -0.77
        },
        "2013": {
            "cash": 0.5,
            "stock": 0,
            "eps": 1.19
        },
        "2014": {
            "cash": 1,
            "stock": 0,
            "eps": 0.83
        },
        "2015": {
            "cash": 1,
            "stock": 0,
            "eps": -1.45
        },
        "2016": {
            "cash": 0.6,
            "stock": 0,
            "eps": 2.66
        },
        "2017": {
            "cash": 1.8,
            "stock": 0,
            "eps": 3.49
        },
        "2018": {
            "cash": 2,
            "stock": 0,
            "eps": 3.2
        },
        "2019": {
            "cash": 1.5,
            "stock": 0,
            "eps": 0.38
        },
        "2020": {
            "cash": 0.8,
            "stock": 0,
            "eps": 2.71
        },
        "2021": {
            "cash": 2,
            "stock": 0,
            "eps": 8.64
        },
        "2022": {
            "cash": 4,
            "stock": 0,
            "eps": 1.24
        },
        "2023": {
            "cash": 1,
            "stock": 0,
            "eps": 2.74
        }
    },
    "dividends": {
        "1995-04-15": {
            "cash": 0,
            "stock": 1.07
        },
        "1996-09-09": {
            "cash": 0,
            "stock": 1.6
        },
        "1997-06-13": {
            "cash": 0,
            "stock": 0.42
        },
        "1998-04-11": {
            "cash": 0,
            "stock": 1
        },
        "1999-04-08": {
            "cash": 0,
            "stock": 1
        },
        "2000-04-14": {
            "cash": 0,
            "stock": 1.5
        },
        "2002-05-21": {
            "cash": 0.2,
            "stock": 0.48
        },
        "2003-02-18": {
            "cash": 1,
            "stock": 1.25
        },
        "2004-03-22": {
            "cash": 1.25,
            "stock": 1.24
        },
        "2005-02-22": {
            "cash": 1.5,
            "stock": 2
        },
        "2006-03-21": {
            "cash": 0.5,
            "stock": 0.51
        },
        "2007-03-26": {
            "cash": 1.46,
            "stock": 0.1
        },
        "2008-03-24": {
            "cash": 1.78,
            "stock": 0.09
        },
        "2009-03-24": {
            "cash": 0.6,
            "stock": 0.1
        },
        "2010-03-26": {
            "cash": 0.6,
            "stock": 0
        },
        "2011-01-01": {
            "cash": 1,
            "stock": 0
        },
        "2011-03-15": {
            "cash": 2,
            "stock": 0
        },
        "2013-03-12": {
            "cash": 0.5,
            "stock": 0
        },
        "2014-08-15": {
            "cash": 1,
            "stock": 0
        },
        "2015-08-07": {
            "cash": 1,
            "stock": 0
        },
        "2016-08-10": {
            "cash": 0.6,
            "stock": 0
        },
        "2017-08-04": {
            "cash": 1.8,
            "stock": 0
        },
        "2018-08-08": {
            "cash": 2,
            "stock": 0
        },
        "2019-08-08": {
            "cash": 1.5,
            "stock": 0
        },
        "2020-08-06": {
            "cash": 0.8,
            "stock": 0
        },
        "2021-09-09": {
            "cash": 2,
            "stock": 0
        },
        "2022-08-05": {
            "cash": 4,
            "stock": 0
        },
        "2023-08-04": {
            "cash": 1,
            "stock": 0
        }
    },
    "prices": {
        "200101": "8.58",
        "200102": "9.84",
        "200103": "9.49",
        "200104": "8.78",
        "200105": "7.86",
        "200106": "6.88",
        "200107": "5.70",
        "200108": "5.25",
        "200109": "4.95",
        "200110": "5.26",
        "200111": "5.38",
        "200112": "5.98",
        "200201": "6.35",
        "200202": "7.14",
        "200203": "11.50",
        "200204": "18.50",
        "200205": "20.66",
        "200206": "29.50",
        "200207": "29.98",
        "200208": "28.98",
        "200209": "26.02",
        "200210": "24.65",
        "200211": "28.20",
        "200212": "27.64",
        "200301": "34.08",
        "200302": "32.72",
        "200303": "28.50",
        "200304": "28.22",
        "200305": "26.85",
        "200306": "29.26",
        "200307": "34.58",
        "200308": "33.74",
        "200309": "31.10",
        "200310": "33.10",
        "200311": "32.64",
        "200312": "33.83",
        "200401": "40.01",
        "200402": "41.40",
        "200403": "56.73",
        "200404": "56.99",
        "200405": "51.91",
        "200406": "47.39",
        "200407": "47.80",
        "200408": "47.73",
        "200409": "57.12",
        "200410": "54.44",
        "200411": "49.62",
        "200412": "50.29",
        "200501": "48.32",
        "200502": "48.18",
        "200503": "44.87",
        "200504": "38.11",
        "200505": "32.97",
        "200506": "33.81",
        "200507": "26.77",
        "200508": "26.36",
        "200509": "22.03",
        "200510": "16.93",
        "200511": "14.36",
        "200512": "14.51",
        "200601": "14.68",
        "200602": "17.31",
        "200603": "17.16",
        "200604": "24.94",
        "200605": "24.47",
        "200606": "20.48",
        "200607": "20.55",
        "200608": "18.48",
        "200609": "18.05",
        "200610": "20.93",
        "200611": "20.88",
        "200612": "21.35",
        "200701": "22.02",
        "200702": "23.34",
        "200703": "24.33",
        "200704": "28.36",
        "200705": "26.97",
        "200706": "25.85",
        "200707": "27.50",
        "200708": "23.67",
        "200709": "26.88",
        "200710": "31.08",
        "200711": "32.65",
        "200712": "31.96",
        "200801": "31.20",
        "200802": "34.09",
        "200803": "41.46",
        "200804": "48.85",
        "200805": "52.49",
        "200806": "42.75",
        "200807": "36.76",
        "200808": "29.54",
        "200809": "22.24",
        "200810": "14.78",
        "200811": "13.68",
        "200812": "13.49",
        "200901": "14.38",
        "200902": "13.89",
        "200903": "14.51",
        "200904": "19.06",
        "200905": "20.19",
        "200906": "24.18",
        "200907": "25.47",
        "200908": "28.78",
        "200909": "25.83",
        "200910": "27.38",
        "200911": "27.72",
        "200912": "30.07",
        "201001": "34.64",
        "201002": "31.21",
        "201003": "34.10",
        "201004": "34.77",
        "201005": "28.86",
        "201006": "24.92",
        "201007": "25.67",
        "201008": "28.45",
        "201009": "30.16",
        "201010": "29.63",
        "201011": "29.05",
        "201012": "30.83",
        "201101": "34.42",
        "201102": "35.50",
        "201103": "31.85",
        "201104": "32.03",
        "201105": "30.15",
        "201106": "30.15",
        "201107": "29.79",
        "201108": "25.98",
        "201109": "25.47",
        "201110": "21.67",
        "201111": "19.16",
        "201112": "17.05",
        "201201": "18.52",
        "201202": "23.41",
        "201203": "23.33",
        "201204": "20.44",
        "201205": "20.25",
        "201206": "20.04",
        "201207": "18.79",
        "201208": "18.31",
        "201209": "18.36",
        "201210": "17.73",
        "201211": "17.29",
        "201212": "19.70",
        "201301": "21.88",
        "201302": "21.75",
        "201303": "20.00",
        "201304": "18.70",
        "201305": "18.92",
        "201306": "18.53",
        "201307": "17.81",
        "201308": "18.55",
        "201309": "19.40",
        "201310": "18.88",
        "201311": "18.24",
        "201312": "19.01",
        "201401": "19.54",
        "201402": "18.91",
        "201403": "19.08",
        "201404": "19.67",
        "201405": "19.29",
        "201406": "19.02",
        "201407": "19.05",
        "201408": "18.56",
        "201409": "18.49",
        "201410": "17.40",
        "201411": "17.11",
        "201412": "17.67",
        "201501": "17.73",
        "201502": "17.62",
        "201503": "17.43",
        "201504": "17.62",
        "201505": "18.20",
        "201506": "17.14",
        "201507": "15.76",
        "201508": "12.96",
        "201509": "13.06",
        "201510": "14.16",
        "201511": "13.32",
        "201512": "12.34",
        "201601": "12.13",
        "201602": "13.62",
        "201603": "14.71",
        "201604": "15.19",
        "201605": "14.77",
        "201606": "15.01",
        "201607": "15.85",
        "201608": "16.98",
        "201609": "17.36",
        "201610": "17.38",
        "201611": "20.46",
        "201612": "22.43",
        "201701": "22.02",
        "201702": "23.51",
        "201703": "23.37",
        "201704": "22.80",
        "201705": "22.95",
        "201706": "24.39",
        "201707": "28.45",
        "201708": "31.65",
        "201709": "29.45",
        "201710": "29.78",
        "201711": "28.41",
        "201712": "26.90",
        "201801": "29.27",
        "201802": "30.54",
        "201803": "31.02",
        "201804": "44.67",
        "201805": "40.74",
        "201806": "40.63",
        "201807": "37.84",
        "201808": "36.56",
        "201809": "38.62",
        "201810": "36.79",
        "201811": "33.20",
        "201812": "31.55",
        "201901": "31.08",
        "201902": "32.02",
        "201903": "33.03",
        "201904": "31.20",
        "201905": "30.56",
        "201906": "31.13",
        "201907": "31.25",
        "201908": "27.70",
        "201909": "28.43",
        "201910": "28.58",
        "201911": "28.10",
        "201912": "29.69",
        "202001": "31.72",
        "202002": "29.83",
        "202003": "23.96",
        "202004": "22.55",
        "202005": "24.29",
        "202006": "25.54",
        "202007": "25.37",
        "202008": "28.50",
        "202009": "31.76",
        "202010": "31.82",
        "202011": "33.53",
        "202012": "38.90",
        "202101": "36.57",
        "202102": "37.14",
        "202103": "39.46",
        "202104": "54.51",
        "202105": "64.19",
        "202106": "67.41",
        "202107": "77.75",
        "202108": "70.36",
        "202109": "64.55",
        "202110": "57.36",
        "202111": "57.89",
        "202112": "58.27",
        "202201": "54.94",
        "202202": "58.48",
        "202203": "64.08",
        "202204": "69.46",
        "202205": "52.60",
        "202206": "45.17",
        "202207": "35.44",
        "202208": "37.65",
        "202209": "36.97",
        "202210": "34.83",
        "202211": "36.26",
        "202212": "41.04",
        "202301": "44.50",
        "202302": "45.80",
        "202303": "46.12",
        "202304": "47.54",
        "202305": "47.28",
        "202306": "47.41",
        "202307": "45.39",
        "202308": "48.07",
        "202309": "48.56",
        "202310": "46.81"
    },
    "quarters": {
        "20011": {
            "year_quarter": 20011,
            "year": 2001,
            "quarter": 1,
            "eps": 0.19,
            "eps_growth_year": -85.5,
            "eps_4q": -0.37,
            "eps_4q_growth_year": -113.94,
            "roe": 1.44,
            "roe_4q": 1.44,
            "gross_profit": 24932,
            "gross_margin": 4.01,
            "gross_margin_4q_avg": 4.01,
            "net_income": 20673,
            "net_income_4q": null,
            "revenue": 622447,
            "revenue_4q": null,
            "common_shares": 1100000,
            "book_valuer_per_share": 13.08,
            "book_valuer_per_share_4q_avg": 13.08,
            "equity": 1439333,
            "current_ratio": 159.32,
            "debt_ratio": 49.96,
            "inventory_turnover_ratio": 0.64,
            "account_receivable_turnover_ratio": null,
            "reinvestment_rate": null,
            "research_to_sale_ratio": null,
            "price_fair": 0,
            "eps_avg_yearly": 0,
            "eps_latest_yearly": 0,
            "eps_growth_yearly": 0
        },
        "20012": {
            "year_quarter": 20012,
            "year": 2001,
            "quarter": 2,
            "eps": -0.29,
            "eps_growth_year": -146.03,
            "eps_4q": -1.2,
            "eps_4q_growth_year": -144.69,
            "roe": -2.22,
            "roe_4q": -0.7800000000000002,
            "gross_profit": 32507,
            "gross_margin": 4.98,
            "gross_margin_4q_avg": 4.5,
            "net_income": -31297,
            "net_income_4q": null,
            "revenue": 652917,
            "revenue_4q": null,
            "common_shares": 1100000,
            "book_valuer_per_share": 12.55,
            "book_valuer_per_share_4q_avg": 12.82,
            "equity": 1380244,
            "current_ratio": 155.6,
            "debt_ratio": 51.38,
            "inventory_turnover_ratio": 0.76,
            "account_receivable_turnover_ratio": null,
            "reinvestment_rate": null,
            "research_to_sale_ratio": null,
            "price_fair": 0,
            "eps_avg_yearly": 0,
            "eps_latest_yearly": 0,
            "eps_growth_yearly": 0
        },
        "20013": {
            "year_quarter": 20013,
            "year": 2001,
            "quarter": 3,
            "eps": -0.48,
            "eps_growth_year": null,
            "eps_4q": -1.32,
            "eps_4q_growth_year": -172.34,
            "roe": -4.15,
            "roe_4q": -4.9300000000000015,
            "gross_profit": 58719,
            "gross_margin": 8.81,
            "gross_margin_4q_avg": 5.93,
            "net_income": -55898,
            "net_income_4q": null,
            "revenue": 666616,
            "revenue_4q": null,
            "common_shares": 1188000,
            "book_valuer_per_share": 11.05,
            "book_valuer_per_share_4q_avg": 12.23,
            "equity": 1312170,
            "current_ratio": 157.94,
            "debt_ratio": 50.29,
            "inventory_turnover_ratio": 0.89,
            "account_receivable_turnover_ratio": null,
            "reinvestment_rate": null,
            "research_to_sale_ratio": null,
            "price_fair": 0,
            "eps_avg_yearly": 0,
            "eps_latest_yearly": 0,
            "eps_growth_yearly": 0
        },
        "20014": {
            "year_quarter": 20014,
            "year": 2001,
            "quarter": 4,
            "eps": 0.65,
            "eps_growth_year": null,
            "eps_4q": 0.08,
            "eps_4q_growth_year": -83.81,
            "roe": 5.67,
            "roe_4q": 0.7399999999999993,
            "gross_profit": 75018,
            "gross_margin": 9.82,
            "gross_margin_4q_avg": 6.91,
            "net_income": 75985,
            "net_income_4q": null,
            "revenue": 764236,
            "revenue_4q": null,
            "common_shares": 1188000,
            "book_valuer_per_share": 11.52,
            "book_valuer_per_share_4q_avg": 12.05,
            "equity": 1368818,
            "current_ratio": 146.87,
            "debt_ratio": 53.91,
            "inventory_turnover_ratio": 1.12,
            "account_receivable_turnover_ratio": null,
            "reinvestment_rate": null,
            "research_to_sale_ratio": null,
            "price_fair": 0,
            "eps_avg_yearly": 0,
            "eps_latest_yearly": 0,
            "eps_growth_yearly": 0
        },
        "20021": {
            "year_quarter": 20021,
            "year": 2002,
            "quarter": 1,
            "eps": 0.67,
            "eps_growth_year": 252.63,
            "eps_4q": 0.56,
            "eps_4q_growth_year": null,
            "roe": 5.06,
            "roe_4q": 4.359999999999999,
            "gross_profit": 132892,
            "gross_margin": 14.75,
            "gross_margin_4q_avg": 9.59,
            "net_income": 70372,
            "net_income_4q": null,
            "revenue": 901084,
            "revenue_4q": null,
            "common_shares": 1145340,
            "book_valuer_per_share": 12.32,
            "book_valuer_per_share_4q_avg": 11.86,
            "equity": 1411592,
            "current_ratio": 144.43,
            "debt_ratio": 56.14,
            "inventory_turnover_ratio": 1.22,
            "account_receivable_turnover_ratio": null,
            "reinvestment_rate": null,
            "research_to_sale_ratio": null,
            "price_fair": 59.78,
            "eps_avg_yearly": 2.68,
            "eps_latest_yearly": 2.68,
            "eps_growth_yearly": 12.31
        },
        "20022": {
            "year_quarter": 20022,
            "year": 2002,
            "quarter": 2,
            "eps": 1.17,
            "eps_growth_year": null,
            "eps_4q": 1.99,
            "eps_4q_growth_year": null,
            "roe": 8.59,
            "roe_4q": 15.17,
            "gross_profit": 193110,
            "gross_margin": 18.3,
            "gross_margin_4q_avg": 12.92,
            "net_income": 129681,
            "net_income_4q": null,
            "revenue": 1055023,
            "revenue_4q": null,
            "common_shares": 1145340,
            "book_valuer_per_share": 14.04,
            "book_valuer_per_share_4q_avg": 12.23,
            "equity": 1608242,
            "current_ratio": 150.64,
            "debt_ratio": 53.46,
            "inventory_turnover_ratio": 1.51,
            "account_receivable_turnover_ratio": null,
            "reinvestment_rate": null,
            "research_to_sale_ratio": null,
            "price_fair": 128.8,
            "eps_avg_yearly": 3.68,
            "eps_latest_yearly": 4.68,
            "eps_growth_yearly": 155.41
        },
        "20023": {
            "year_quarter": 20023,
            "year": 2002,
            "quarter": 3,
            "eps": 0.77,
            "eps_growth_year": null,
            "eps_4q": 3.21,
            "eps_4q_growth_year": null,
            "roe": 5.19,
            "roe_4q": 24.509999999999998,
            "gross_profit": 225531,
            "gross_margin": 21.27,
            "gross_margin_4q_avg": 16.04,
            "net_income": 87045,
            "net_income_4q": null,
            "revenue": 1060475,
            "revenue_4q": null,
            "common_shares": 1200000,
            "book_valuer_per_share": 14.55,
            "book_valuer_per_share_4q_avg": 13.11,
            "equity": 1746040,
            "current_ratio": 158.71,
            "debt_ratio": 50.9,
            "inventory_turnover_ratio": 1.3,
            "account_receivable_turnover_ratio": null,
            "reinvestment_rate": null,
            "research_to_sale_ratio": null,
            "price_fair": 121.8,
            "eps_avg_yearly": 3.48,
            "eps_latest_yearly": 3.08,
            "eps_growth_yearly": 58.02
        },
        "20024": {
            "year_quarter": 20024,
            "year": 2002,
            "quarter": 4,
            "eps": 1.08,
            "eps_growth_year": 66.15,
            "eps_4q": 3.6,
            "eps_4q_growth_year": 4344.23,
            "roe": 6.78,
            "roe_4q": 25.62,
            "gross_profit": 195373,
            "gross_margin": 18.34,
            "gross_margin_4q_avg": 18.17,
            "net_income": 123159,
            "net_income_4q": null,
            "revenue": 1065220,
            "revenue_4q": null,
            "common_shares": 1200000,
            "book_valuer_per_share": 15.71,
            "book_valuer_per_share_4q_avg": 14.16,
            "equity": 1884621,
            "current_ratio": 165.71,
            "debt_ratio": 49.17,
            "inventory_turnover_ratio": 1.04,
            "account_receivable_turnover_ratio": null,
            "reinvestment_rate": 11.39,
            "research_to_sale_ratio": null,
            "price_fair": 129.15,
            "eps_avg_yearly": 3.69,
            "eps_latest_yearly": 4.32,
            "eps_growth_yearly": 83.78
        },
        "20031": {
            "year_quarter": 20031,
            "year": 2003,
            "quarter": 1,
            "eps": 1.28,
            "eps_growth_year": 91.04,
            "eps_4q": 4.13,
            "eps_4q_growth_year": 633.51,
            "roe": 7.76,
            "roe_4q": 28.32,
            "gross_profit": 245712,
            "gross_margin": 19.34,
            "gross_margin_4q_avg": 19.31,
            "net_income": 152563,
            "net_income_4q": null,
            "revenue": 1270156,
            "revenue_4q": null,
            "common_shares": 1200000,
            "book_valuer_per_share": 17.07,
            "book_valuer_per_share_4q_avg": 15.34,
            "equity": 2048151,
            "current_ratio": 162.38,
            "debt_ratio": 50.57,
            "inventory_turnover_ratio": 1.02,
            "account_receivable_turnover_ratio": null,
            "reinvestment_rate": 7.6,
            "research_to_sale_ratio": null,
            "price_fair": 139.16,
            "eps_avg_yearly": 3.98,
            "eps_latest_yearly": 5.12,
            "eps_growth_yearly": 81.84
        },
        "20032": {
            "year_quarter": 20032,
            "year": 2003,
            "quarter": 2,
            "eps": 0.9,
            "eps_growth_year": -23.08,
            "eps_4q": 3.6,
            "eps_4q_growth_year": 81.16,
            "roe": 5.92,
            "roe_4q": 25.650000000000002,
            "gross_profit": 190522,
            "gross_margin": 15.74,
            "gross_margin_4q_avg": 18.67,
            "net_income": 121007,
            "net_income_4q": null,
            "revenue": 1210080,
            "revenue_4q": null,
            "common_shares": 1200000,
            "book_valuer_per_share": 16.98,
            "book_valuer_per_share_4q_avg": 16.08,
            "equity": 2037946,
            "current_ratio": 154.82,
            "debt_ratio": 52.92,
            "inventory_turnover_ratio": 0.85,
            "account_receivable_turnover_ratio": null,
            "reinvestment_rate": 7,
            "research_to_sale_ratio": null,
            "price_fair": 136.97,
            "eps_avg_yearly": 3.91,
            "eps_latest_yearly": 3.6,
            "eps_growth_yearly": 48.4
        },
        "20033": {
            "year_quarter": 20033,
            "year": 2003,
            "quarter": 3,
            "eps": 0.86,
            "eps_growth_year": 11.69,
            "eps_4q": 3.8,
            "eps_4q_growth_year": 18.42,
            "roe": 5.53,
            "roe_4q": 25.990000000000002,
            "gross_profit": 167366,
            "gross_margin": 13.39,
            "gross_margin_4q_avg": 16.7,
            "net_income": 115915,
            "net_income_4q": null,
            "revenue": 1249594,
            "revenue_4q": null,
            "common_shares": 1355000,
            "book_valuer_per_share": 15.9,
            "book_valuer_per_share_4q_avg": 16.42,
            "equity": 2153861,
            "current_ratio": 171,
            "debt_ratio": 53.18,
            "inventory_turnover_ratio": 0.79,
            "account_receivable_turnover_ratio": null,
            "reinvestment_rate": 10.98,
            "research_to_sale_ratio": null,
            "price_fair": 134.6,
            "eps_avg_yearly": 3.85,
            "eps_latest_yearly": 3.44,
            "eps_growth_yearly": 38.95
        },
        "20034": {
            "year_quarter": 20034,
            "year": 2003,
            "quarter": 4,
            "eps": 1.05,
            "eps_growth_year": -2.78,
            "eps_4q": 3.91,
            "eps_4q_growth_year": 8.61,
            "roe": 6.13,
            "roe_4q": 25.339999999999996,
            "gross_profit": 245573,
            "gross_margin": 16.54,
            "gross_margin_4q_avg": 16.25,
            "net_income": 143121,
            "net_income_4q": null,
            "revenue": 1484538,
            "revenue_4q": null,
            "common_shares": 1445973,
            "book_valuer_per_share": 17.39,
            "book_valuer_per_share_4q_avg": 16.84,
            "equity": 2513842,
            "current_ratio": 173.57,
            "debt_ratio": 47.82,
            "inventory_turnover_ratio": 0.89,
            "account_receivable_turnover_ratio": null,
            "reinvestment_rate": 10.65,
            "research_to_sale_ratio": null,
            "price_fair": 136.15,
            "eps_avg_yearly": 3.89,
            "eps_latest_yearly": 4.2,
            "eps_growth_yearly": 45.13
        },
        "20041": {
            "year_quarter": 20041,
            "year": 2004,
            "quarter": 1,
            "eps": 2.91,
            "eps_growth_year": 127.34,
            "eps_4q": 5.48,
            "eps_4q_growth_year": 32.65,
            "roe": 15.52,
            "roe_4q": 33.1,
            "gross_profit": 549780,
            "gross_margin": 29.33,
            "gross_margin_4q_avg": 18.75,
            "net_income": 430203,
            "net_income_4q": null,
            "revenue": 1874654,
            "revenue_4q": null,
            "common_shares": 1482875,
            "book_valuer_per_share": 20.42,
            "book_valuer_per_share_4q_avg": 17.67,
            "equity": 3028677,
            "current_ratio": 177.18,
            "debt_ratio": 46.31,
            "inventory_turnover_ratio": 0.9,
            "account_receivable_turnover_ratio": null,
            "reinvestment_rate": 10.2,
            "research_to_sale_ratio": null,
            "price_fair": 166.29,
            "eps_avg_yearly": 4.75,
            "eps_latest_yearly": 11.64,
            "eps_growth_yearly": 118.84
        },
        "20042": {
            "year_quarter": 20042,
            "year": 2004,
            "quarter": 2,
            "eps": 1.7,
            "eps_growth_year": 88.89,
            "eps_4q": 5.8,
            "eps_4q_growth_year": 61.23,
            "roe": 9.25,
            "roe_4q": 36.43,
            "gross_profit": 527085,
            "gross_margin": 24.73,
            "gross_margin_4q_avg": 21,
            "net_income": 285694,
            "net_income_4q": null,
            "revenue": 2131621,
            "revenue_4q": null,
            "common_shares": 1690170,
            "book_valuer_per_share": 18.62,
            "book_valuer_per_share_4q_avg": 18.08,
            "equity": 3147922,
            "current_ratio": 162.05,
            "debt_ratio": 62.43,
            "inventory_turnover_ratio": 0.62,
            "account_receivable_turnover_ratio": null,
            "reinvestment_rate": 11.76,
            "research_to_sale_ratio": null,
            "price_fair": 173.46,
            "eps_avg_yearly": 4.96,
            "eps_latest_yearly": 6.8,
            "eps_growth_yearly": 90.33
        },
        "20043": {
            "year_quarter": 20043,
            "year": 2004,
            "quarter": 3,
            "eps": 1.76,
            "eps_growth_year": 104.65,
            "eps_4q": 6.86,
            "eps_4q_growth_year": 80.25,
            "roe": 8.95,
            "roe_4q": 39.85,
            "gross_profit": 424837,
            "gross_margin": 15.8,
            "gross_margin_4q_avg": 21.6,
            "net_income": 296703,
            "net_income_4q": null,
            "revenue": 2689322,
            "revenue_4q": null,
            "common_shares": 1696643,
            "book_valuer_per_share": 20.51,
            "book_valuer_per_share_4q_avg": 19.24,
            "equity": 3480598,
            "current_ratio": 168.39,
            "debt_ratio": 60.21,
            "inventory_turnover_ratio": 0.65,
            "account_receivable_turnover_ratio": null,
            "reinvestment_rate": 10.57,
            "research_to_sale_ratio": null,
            "price_fair": 180.09,
            "eps_avg_yearly": 5.15,
            "eps_latest_yearly": 7.04,
            "eps_growth_yearly": 83.4
        },
        "20044": {
            "year_quarter": 20044,
            "year": 2004,
            "quarter": 4,
            "eps": 1.62,
            "eps_growth_year": 54.29,
            "eps_4q": 7.61,
            "eps_4q_growth_year": 94.84,
            "roe": 7.53,
            "roe_4q": 41.25,
            "gross_profit": 360040,
            "gross_margin": 16.3,
            "gross_margin_4q_avg": 21.54,
            "net_income": 273704,
            "net_income_4q": null,
            "revenue": 2209359,
            "revenue_4q": null,
            "common_shares": 1705427,
            "book_valuer_per_share": 22.24,
            "book_valuer_per_share_4q_avg": 20.45,
            "equity": 3793396,
            "current_ratio": 195.91,
            "debt_ratio": 53.05,
            "inventory_turnover_ratio": 0.56,
            "account_receivable_turnover_ratio": null,
            "reinvestment_rate": 11.56,
            "research_to_sale_ratio": null,
            "price_fair": 183.98,
            "eps_avg_yearly": 5.26,
            "eps_latest_yearly": 6.48,
            "eps_growth_yearly": 73.8
        },
        "20051": {
            "year_quarter": 20051,
            "year": 2005,
            "quarter": 1,
            "eps": 1.18,
            "eps_growth_year": -59.45,
            "eps_4q": 6.22,
            "eps_4q_growth_year": 13.4,
            "roe": 5.16,
            "roe_4q": 30.89,
            "gross_profit": 294027,
            "gross_margin": 14.85,
            "gross_margin_4q_avg": 17.92,
            "net_income": 200620,
            "net_income_4q": null,
            "revenue": 1980376,
            "revenue_4q": null,
            "common_shares": 1705427,
            "book_valuer_per_share": 23.38,
            "book_valuer_per_share_4q_avg": 21.19,
            "equity": 3987997,
            "current_ratio": 227.86,
            "debt_ratio": 47.66,
            "inventory_turnover_ratio": 0.58,
            "account_receivable_turnover_ratio": null,
            "reinvestment_rate": 10.15,
            "research_to_sale_ratio": null,
            "price_fair": 182.54,
            "eps_avg_yearly": 5.22,
            "eps_latest_yearly": 4.72,
            "eps_growth_yearly": 59.76
        },
        "20052": {
            "year_quarter": 20052,
            "year": 2005,
            "quarter": 2,
            "eps": 0.31,
            "eps_growth_year": -81.76,
            "eps_4q": 4.9,
            "eps_4q_growth_year": -15.53,
            "roe": 1.35,
            "roe_4q": 22.99,
            "gross_profit": 222125,
            "gross_margin": 11.88,
            "gross_margin_4q_avg": 14.71,
            "net_income": 52072,
            "net_income_4q": null,
            "revenue": 1868983,
            "revenue_4q": null,
            "common_shares": 1705427,
            "book_valuer_per_share": 21.9,
            "book_valuer_per_share_4q_avg": 22.01,
            "equity": 3734588,
            "current_ratio": 196.46,
            "debt_ratio": 58.67,
            "inventory_turnover_ratio": 0.57,
            "account_receivable_turnover_ratio": null,
            "reinvestment_rate": 12.01,
            "research_to_sale_ratio": null,
            "price_fair": 172.6,
            "eps_avg_yearly": 4.93,
            "eps_latest_yearly": 1.24,
            "eps_growth_yearly": 34.43
        },
        "20053": {
            "year_quarter": 20053,
            "year": 2005,
            "quarter": 3,
            "eps": -0.98,
            "eps_growth_year": -155.68,
            "eps_4q": 1.58,
            "eps_4q_growth_year": -76.95,
            "roe": -5.55,
            "roe_4q": 8.490000000000002,
            "gross_profit": 5566,
            "gross_margin": 0.33,
            "gross_margin_4q_avg": 10.84,
            "net_income": -201715,
            "net_income_4q": null,
            "revenue": 1685528,
            "revenue_4q": null,
            "common_shares": 2054512,
            "book_valuer_per_share": 17.22,
            "book_valuer_per_share_4q_avg": 21.19,
            "equity": 3537012,
            "current_ratio": 188.74,
            "debt_ratio": 60.07,
            "inventory_turnover_ratio": 0.55,
            "account_receivable_turnover_ratio": null,
            "reinvestment_rate": 12.08,
            "research_to_sale_ratio": null,
            "price_fair": 172.6,
            "eps_avg_yearly": 4.93,
            "eps_latest_yearly": 1.24,
            "eps_growth_yearly": 34.43
        },
        "20054": {
            "year_quarter": 20054,
            "year": 2005,
            "quarter": 4,
            "eps": -0.22,
            "eps_growth_year": -113.58,
            "eps_4q": 0.03,
            "eps_4q_growth_year": -99.6,
            "roe": -1.29,
            "roe_4q": -0.33000000000000007,
            "gross_profit": 7310,
            "gross_margin": 0.47,
            "gross_margin_4q_avg": 6.88,
            "net_income": -45407,
            "net_income_4q": null,
            "revenue": 1568376,
            "revenue_4q": null,
            "common_shares": 2054512,
            "book_valuer_per_share": 16.99,
            "book_valuer_per_share_4q_avg": 19.87,
            "equity": 3503069,
            "current_ratio": 204.35,
            "debt_ratio": 59.64,
            "inventory_turnover_ratio": 0.54,
            "account_receivable_turnover_ratio": null,
            "reinvestment_rate": 21.27,
            "research_to_sale_ratio": null,
            "price_fair": 172.6,
            "eps_avg_yearly": 4.93,
            "eps_latest_yearly": 1.24,
            "eps_growth_yearly": 34.43
        },
        "20061": {
            "year_quarter": 20061,
            "year": 2006,
            "quarter": 1,
            "eps": 0.16,
            "eps_growth_year": -86.44,
            "eps_4q": -0.8,
            "eps_4q_growth_year": -112.82,
            "roe": 0.93,
            "roe_4q": -4.5600000000000005,
            "gross_profit": -24270,
            "gross_margin": -1.34,
            "gross_margin_4q_avg": 2.84,
            "net_income": 32622,
            "net_income_4q": null,
            "revenue": 1804571,
            "revenue_4q": null,
            "common_shares": 2054512,
            "book_valuer_per_share": 16.96,
            "book_valuer_per_share_4q_avg": 18.27,
            "equity": 3484436,
            "current_ratio": 221.78,
            "debt_ratio": 57.15,
            "inventory_turnover_ratio": 0.77,
            "account_receivable_turnover_ratio": null,
            "reinvestment_rate": 21.01,
            "research_to_sale_ratio": null,
            "price_fair": 178.66,
            "eps_avg_yearly": 5.1,
            "eps_latest_yearly": 1.24,
            "eps_growth_yearly": 36.13
        },
        "20062": {
            "year_quarter": 20062,
            "year": 2006,
            "quarter": 2,
            "eps": 0.98,
            "eps_growth_year": 216.13,
            "eps_4q": -0.08,
            "eps_4q_growth_year": -101.56,
            "roe": 5.64,
            "roe_4q": -0.27000000000000046,
            "gross_profit": 343102,
            "gross_margin": 14.99,
            "gross_margin_4q_avg": 3.61,
            "net_income": 198936,
            "net_income_4q": null,
            "revenue": 2288953,
            "revenue_4q": null,
            "common_shares": 2054512,
            "book_valuer_per_share": 17.38,
            "book_valuer_per_share_4q_avg": 17.14,
            "equity": 3571212,
            "current_ratio": 155.88,
            "debt_ratio": 54.74,
            "inventory_turnover_ratio": 1.09,
            "account_receivable_turnover_ratio": null,
            "reinvestment_rate": 20.77,
            "research_to_sale_ratio": null,
            "price_fair": 176.62,
            "eps_avg_yearly": 5.05,
            "eps_latest_yearly": 3.92,
            "eps_growth_yearly": 170.86
        },
        "20063": {
            "year_quarter": 20063,
            "year": 2006,
            "quarter": 3,
            "eps": 0.86,
            "eps_growth_year": null,
            "eps_4q": 1.73,
            "eps_4q_growth_year": 9.45,
            "roe": 5.02,
            "roe_4q": 10.3,
            "gross_profit": 281659,
            "gross_margin": 16.43,
            "gross_margin_4q_avg": 7.64,
            "net_income": 184075,
            "net_income_4q": null,
            "revenue": 1713930,
            "revenue_4q": null,
            "common_shares": 2157237,
            "book_valuer_per_share": 17.42,
            "book_valuer_per_share_4q_avg": 17.19,
            "equity": 3758356,
            "current_ratio": 160.76,
            "debt_ratio": 53.01,
            "inventory_turnover_ratio": 0.84,
            "account_receivable_turnover_ratio": null,
            "reinvestment_rate": 20.31,
            "research_to_sale_ratio": null,
            "price_fair": 177.58,
            "eps_avg_yearly": 5.07,
            "eps_latest_yearly": 3.44,
            "eps_growth_yearly": 177.61
        },
        "20064": {
            "year_quarter": 20064,
            "year": 2006,
            "quarter": 4,
            "eps": 0.69,
            "eps_growth_year": null,
            "eps_4q": 2.64,
            "eps_4q_growth_year": 8572.77,
            "roe": 3.8,
            "roe_4q": 15.39,
            "gross_profit": 189512,
            "gross_margin": 11.31,
            "gross_margin_4q_avg": 10.35,
            "net_income": 146764,
            "net_income_4q": null,
            "revenue": 1676120,
            "revenue_4q": null,
            "common_shares": 2157237,
            "book_valuer_per_share": 18.34,
            "book_valuer_per_share_4q_avg": 17.53,
            "equity": 3969607,
            "current_ratio": 199.5,
            "debt_ratio": 51.3,
            "inventory_turnover_ratio": 0.83,
            "account_receivable_turnover_ratio": null,
            "reinvestment_rate": 28.12,
            "research_to_sale_ratio": null,
            "price_fair": 173.38,
            "eps_avg_yearly": 4.95,
            "eps_latest_yearly": 2.76,
            "eps_growth_yearly": 159.14
        },
        "20071": {
            "year_quarter": 20071,
            "year": 2007,
            "quarter": 1,
            "eps": 0.8,
            "eps_growth_year": 400,
            "eps_4q": 3.26,
            "eps_4q_growth_year": null,
            "roe": 4.22,
            "roe_4q": 18.68,
            "gross_profit": 241326,
            "gross_margin": 11.53,
            "gross_margin_4q_avg": 13.57,
            "net_income": 172044,
            "net_income_4q": null,
            "revenue": 2093705,
            "revenue_4q": null,
            "common_shares": 2178687,
            "book_valuer_per_share": 19.18,
            "book_valuer_per_share_4q_avg": 18.08,
            "equity": 4178673,
            "current_ratio": 170.12,
            "debt_ratio": 53.59,
            "inventory_turnover_ratio": 1.08,
            "account_receivable_turnover_ratio": null,
            "reinvestment_rate": 29.34,
            "research_to_sale_ratio": null,
            "price_fair": 168.22,
            "eps_avg_yearly": 4.81,
            "eps_latest_yearly": 3.2,
            "eps_growth_yearly": 158.35
        },
        "20072": {
            "year_quarter": 20072,
            "year": 2007,
            "quarter": 2,
            "eps": 1.28,
            "eps_growth_year": 30.61,
            "eps_4q": 3.56,
            "eps_4q_growth_year": null,
            "roe": 6.72,
            "roe_4q": 19.759999999999998,
            "gross_profit": 303258,
            "gross_margin": 15.03,
            "gross_margin_4q_avg": 13.58,
            "net_income": 281874,
            "net_income_4q": null,
            "revenue": 2017768,
            "revenue_4q": null,
            "common_shares": 2222987,
            "book_valuer_per_share": 18.92,
            "book_valuer_per_share_4q_avg": 18.47,
            "equity": 4206052,
            "current_ratio": 144.29,
            "debt_ratio": 58.06,
            "inventory_turnover_ratio": 0.79,
            "account_receivable_turnover_ratio": null,
            "reinvestment_rate": 31.88,
            "research_to_sale_ratio": null,
            "price_fair": 172.31,
            "eps_avg_yearly": 4.92,
            "eps_latest_yearly": 5.12,
            "eps_growth_yearly": 185.95
        },
        "20073": {
            "year_quarter": 20073,
            "year": 2007,
            "quarter": 3,
            "eps": 1.4,
            "eps_growth_year": 62.79,
            "eps_4q": 4.1,
            "eps_4q_growth_year": 137.09,
            "roe": 6.98,
            "roe_4q": 21.72,
            "gross_profit": 222830,
            "gross_margin": 10.4,
            "gross_margin_4q_avg": 12.07,
            "net_income": 311348,
            "net_income_4q": null,
            "revenue": 2143147,
            "revenue_4q": null,
            "common_shares": 2360009,
            "book_valuer_per_share": 19.99,
            "book_valuer_per_share_4q_avg": 19.11,
            "equity": 4717162,
            "current_ratio": 141.83,
            "debt_ratio": 55.66,
            "inventory_turnover_ratio": 0.7,
            "account_receivable_turnover_ratio": null,
            "reinvestment_rate": 32.88,
            "research_to_sale_ratio": null,
            "price_fair": 178.12,
            "eps_avg_yearly": 5.09,
            "eps_latest_yearly": 5.6,
            "eps_growth_yearly": 190.2
        },
        "20074": {
            "year_quarter": 20074,
            "year": 2007,
            "quarter": 4,
            "eps": 0.14,
            "eps_growth_year": -79.71,
            "eps_4q": 3.59,
            "eps_4q_growth_year": 35.84,
            "roe": 0.65,
            "roe_4q": 18.57,
            "gross_profit": 368885,
            "gross_margin": 14.41,
            "gross_margin_4q_avg": 12.84,
            "net_income": 31040,
            "net_income_4q": null,
            "revenue": 2559438,
            "revenue_4q": null,
            "common_shares": 2420971,
            "book_valuer_per_share": 20.06,
            "book_valuer_per_share_4q_avg": 19.54,
            "equity": 4871413,
            "current_ratio": 137.8,
            "debt_ratio": 56.75,
            "inventory_turnover_ratio": 0.77,
            "account_receivable_turnover_ratio": null,
            "reinvestment_rate": 35.75,
            "research_to_sale_ratio": null,
            "price_fair": 168.32,
            "eps_avg_yearly": 4.81,
            "eps_latest_yearly": 0.56,
            "eps_growth_yearly": 155.71
        },
        "20081": {
            "year_quarter": 20081,
            "year": 2008,
            "quarter": 1,
            "eps": 1.96,
            "eps_growth_year": 145,
            "eps_4q": 4.47,
            "eps_4q_growth_year": 36.93,
            "roe": 9.03,
            "roe_4q": 23.38,
            "gross_profit": 614727,
            "gross_margin": 19.38,
            "gross_margin_4q_avg": 14.81,
            "net_income": 485608,
            "net_income_4q": null,
            "revenue": 3172104,
            "revenue_4q": null,
            "common_shares": 2562666,
            "book_valuer_per_share": 22.89,
            "book_valuer_per_share_4q_avg": 20.47,
            "equity": 5885549,
            "current_ratio": 151.54,
            "debt_ratio": 52.1,
            "inventory_turnover_ratio": 0.82,
            "account_receivable_turnover_ratio": null,
            "reinvestment_rate": 35.87,
            "research_to_sale_ratio": null,
            "price_fair": 158.09,
            "eps_avg_yearly": 4.52,
            "eps_latest_yearly": 7.84,
            "eps_growth_yearly": 501.2
        },
        "20082": {
            "year_quarter": 20082,
            "year": 2008,
            "quarter": 2,
            "eps": 1.61,
            "eps_growth_year": 25.78,
            "eps_4q": 4.81,
            "eps_4q_growth_year": 35.01,
            "roe": 6.9,
            "roe_4q": 23.56,
            "gross_profit": 830628,
            "gross_margin": 24.67,
            "gross_margin_4q_avg": 17.22,
            "net_income": 414906,
            "net_income_4q": null,
            "revenue": 3366501,
            "revenue_4q": null,
            "common_shares": 2648521,
            "book_valuer_per_share": 23.08,
            "book_valuer_per_share_4q_avg": 21.51,
            "equity": 6147953,
            "current_ratio": 142.43,
            "debt_ratio": 56.32,
            "inventory_turnover_ratio": 0.62,
            "account_receivable_turnover_ratio": null,
            "reinvestment_rate": 32.22,
            "research_to_sale_ratio": null,
            "price_fair": 157.12,
            "eps_avg_yearly": 4.49,
            "eps_latest_yearly": 6.44,
            "eps_growth_yearly": 508.5
        },
        "20083": {
            "year_quarter": 20083,
            "year": 2008,
            "quarter": 3,
            "eps": 0.01,
            "eps_growth_year": -99.29,
            "eps_4q": 3.47,
            "eps_4q_growth_year": -15.43,
            "roe": 0.07,
            "roe_4q": 16.65,
            "gross_profit": 303549,
            "gross_margin": 14.54,
            "gross_margin_4q_avg": 18.25,
            "net_income": 3994,
            "net_income_4q": null,
            "revenue": 2087022,
            "revenue_4q": null,
            "common_shares": 2683440,
            "book_valuer_per_share": 22.43,
            "book_valuer_per_share_4q_avg": 22.12,
            "equity": 6056901,
            "current_ratio": 143.77,
            "debt_ratio": 54.12,
            "inventory_turnover_ratio": 0.35,
            "account_receivable_turnover_ratio": null,
            "reinvestment_rate": 34.64,
            "research_to_sale_ratio": null,
            "price_fair": 138.28,
            "eps_avg_yearly": 3.95,
            "eps_latest_yearly": 0.04,
            "eps_growth_yearly": 476.84
        },
        "20084": {
            "year_quarter": 20084,
            "year": 2008,
            "quarter": 4,
            "eps": -1.69,
            "eps_growth_year": -1307.14,
            "eps_4q": 1.73,
            "eps_4q_growth_year": -51.97,
            "roe": -7.86,
            "roe_4q": 8.14,
            "gross_profit": -455833,
            "gross_margin": -40.55,
            "gross_margin_4q_avg": 4.51,
            "net_income": -443662,
            "net_income_4q": null,
            "revenue": 1124103,
            "revenue_4q": null,
            "common_shares": 2683440,
            "book_valuer_per_share": 19.37,
            "book_valuer_per_share_4q_avg": 21.94,
            "equity": 5232877,
            "current_ratio": 144.57,
            "debt_ratio": 54.4,
            "inventory_turnover_ratio": 0.32,
            "account_receivable_turnover_ratio": 1.97,
            "reinvestment_rate": 44.26,
            "research_to_sale_ratio": null,
            "price_fair": 130.9,
            "eps_avg_yearly": 3.74,
            "eps_latest_yearly": 0.04,
            "eps_growth_yearly": 519.23
        },
        "20091": {
            "year_quarter": 20091,
            "year": 2009,
            "quarter": 1,
            "eps": -2.28,
            "eps_growth_year": -216.33,
            "eps_4q": -2.38,
            "eps_4q_growth_year": -153.23,
            "roe": -12.45,
            "roe_4q": -13.339999999999998,
            "gross_profit": -873908,
            "gross_margin": -87.95,
            "gross_margin_4q_avg": -22.32,
            "net_income": -610180,
            "net_income_4q": null,
            "revenue": 993633,
            "revenue_4q": null,
            "common_shares": 2677570,
            "book_valuer_per_share": 16.92,
            "book_valuer_per_share_4q_avg": 20.45,
            "equity": 4568008,
            "current_ratio": 137.06,
            "debt_ratio": 54.08,
            "inventory_turnover_ratio": 0.46,
            "account_receivable_turnover_ratio": 0.9,
            "reinvestment_rate": 78.95,
            "research_to_sale_ratio": null,
            "price_fair": 127.78,
            "eps_avg_yearly": 3.65,
            "eps_latest_yearly": 0.04,
            "eps_growth_yearly": 576.31
        },
        "20092": {
            "year_quarter": 20092,
            "year": 2009,
            "quarter": 2,
            "eps": -0.3,
            "eps_growth_year": -118.63,
            "eps_4q": -4.23,
            "eps_4q_growth_year": -187.91,
            "roe": -1.73,
            "roe_4q": -21.97,
            "gross_profit": -123242,
            "gross_margin": -9.72,
            "gross_margin_4q_avg": -30.92,
            "net_income": -80286,
            "net_income_4q": null,
            "revenue": 1268464,
            "revenue_4q": null,
            "common_shares": 2677854,
            "book_valuer_per_share": 17.53,
            "book_valuer_per_share_4q_avg": 19.06,
            "equity": 4731797,
            "current_ratio": 133.34,
            "debt_ratio": 54.35,
            "inventory_turnover_ratio": 0.4,
            "account_receivable_turnover_ratio": 1.08,
            "reinvestment_rate": 83.38,
            "research_to_sale_ratio": null,
            "price_fair": 136.22,
            "eps_avg_yearly": 3.89,
            "eps_latest_yearly": 0.04,
            "eps_growth_yearly": 663.43
        },
        "20093": {
            "year_quarter": 20093,
            "year": 2009,
            "quarter": 3,
            "eps": 2.46,
            "eps_growth_year": 24500,
            "eps_4q": -1.72,
            "eps_4q_growth_year": -149.6,
            "roe": 12.98,
            "roe_4q": -9.059999999999999,
            "gross_profit": 669319,
            "gross_margin": 36.82,
            "gross_margin_4q_avg": -25.35,
            "net_income": 670068,
            "net_income_4q": null,
            "revenue": 1817698,
            "revenue_4q": null,
            "common_shares": 2711019,
            "book_valuer_per_share": 20.5,
            "book_valuer_per_share_4q_avg": 18.58,
            "equity": 5592456,
            "current_ratio": 145.58,
            "debt_ratio": 50.12,
            "inventory_turnover_ratio": 0.33,
            "account_receivable_turnover_ratio": 1.15,
            "reinvestment_rate": 42.35,
            "research_to_sale_ratio": null,
            "price_fair": 136.22,
            "eps_avg_yearly": 3.89,
            "eps_latest_yearly": 0.04,
            "eps_growth_yearly": 663.43
        },
        "20094": {
            "year_quarter": 20094,
            "year": 2009,
            "quarter": 4,
            "eps": -0.82,
            "eps_growth_year": null,
            "eps_4q": -0.91,
            "eps_4q_growth_year": -152.78,
            "roe": -3.92,
            "roe_4q": -5.119999999999999,
            "gross_profit": -270542,
            "gross_margin": -14.16,
            "gross_margin_4q_avg": -18.75,
            "net_income": -219960,
            "net_income_4q": null,
            "revenue": 1910335,
            "revenue_4q": null,
            "common_shares": 2721669,
            "book_valuer_per_share": 20.47,
            "book_valuer_per_share_4q_avg": 18.86,
            "equity": 5621998,
            "current_ratio": 139.68,
            "debt_ratio": 50.93,
            "inventory_turnover_ratio": 0.64,
            "account_receivable_turnover_ratio": 1.96,
            "reinvestment_rate": 159.75,
            "research_to_sale_ratio": null,
            "price_fair": 136.22,
            "eps_avg_yearly": 3.89,
            "eps_latest_yearly": 0.04,
            "eps_growth_yearly": 663.43
        },
        "20101": {
            "year_quarter": 20101,
            "year": 2010,
            "quarter": 1,
            "eps": 0.88,
            "eps_growth_year": null,
            "eps_4q": 2.22,
            "eps_4q_growth_year": null,
            "roe": 4.19,
            "roe_4q": 11.52,
            "gross_profit": 408899,
            "gross_margin": 19.05,
            "gross_margin_4q_avg": 8,
            "net_income": 240219,
            "net_income_4q": null,
            "revenue": 2146730,
            "revenue_4q": null,
            "common_shares": 2721906,
            "book_valuer_per_share": 21.32,
            "book_valuer_per_share_4q_avg": 19.96,
            "equity": 5851482,
            "current_ratio": 150.78,
            "debt_ratio": 49.87,
            "inventory_turnover_ratio": 0.55,
            "account_receivable_turnover_ratio": 1.03,
            "reinvestment_rate": 145.53,
            "research_to_sale_ratio": null,
            "price_fair": 136.22,
            "eps_avg_yearly": 3.89,
            "eps_latest_yearly": 0.04,
            "eps_growth_yearly": 663.43
        },
        "20102": {
            "year_quarter": 20102,
            "year": 2010,
            "quarter": 2,
            "eps": 0.17,
            "eps_growth_year": null,
            "eps_4q": 2.68,
            "eps_4q_growth_year": null,
            "roe": 0.79,
            "roe_4q": 14.040000000000001,
            "gross_profit": 263040,
            "gross_margin": 10.69,
            "gross_margin_4q_avg": 13.1,
            "net_income": 44633,
            "net_income_4q": null,
            "revenue": 2461177,
            "revenue_4q": null,
            "common_shares": 2721906,
            "book_valuer_per_share": 20.09,
            "book_valuer_per_share_4q_avg": 20.6,
            "equity": 5515099,
            "current_ratio": 147.88,
            "debt_ratio": 56.21,
            "inventory_turnover_ratio": 0.61,
            "account_receivable_turnover_ratio": 1.01,
            "reinvestment_rate": 154.6,
            "research_to_sale_ratio": null,
            "price_fair": 124.88,
            "eps_avg_yearly": 3.57,
            "eps_latest_yearly": 0.68,
            "eps_growth_yearly": 426.15
        },
        "20103": {
            "year_quarter": 20103,
            "year": 2010,
            "quarter": 3,
            "eps": 1.04,
            "eps_growth_year": -57.84,
            "eps_4q": 1.27,
            "eps_4q_growth_year": null,
            "roe": 4.93,
            "roe_4q": 5.99,
            "gross_profit": 195844,
            "gross_margin": 7.87,
            "gross_margin_4q_avg": 5.86,
            "net_income": 285539,
            "net_income_4q": null,
            "revenue": 2488373,
            "revenue_4q": null,
            "common_shares": 2721906,
            "book_valuer_per_share": 22.06,
            "book_valuer_per_share_4q_avg": 20.99,
            "equity": 6057554,
            "current_ratio": 155.67,
            "debt_ratio": 52.94,
            "inventory_turnover_ratio": 0.58,
            "account_receivable_turnover_ratio": 0.95,
            "reinvestment_rate": 157.76,
            "research_to_sale_ratio": null,
            "price_fair": 127.4,
            "eps_avg_yearly": 3.64,
            "eps_latest_yearly": 4.16,
            "eps_growth_yearly": 635.76
        },
        "20104": {
            "year_quarter": 20104,
            "year": 2010,
            "quarter": 4,
            "eps": 0.62,
            "eps_growth_year": null,
            "eps_4q": 2.71,
            "eps_4q_growth_year": null,
            "roe": 2.68,
            "roe_4q": 12.59,
            "gross_profit": 185915,
            "gross_margin": 7.3,
            "gross_margin_4q_avg": 11.23,
            "net_income": 165795,
            "net_income_4q": null,
            "revenue": 2546428,
            "revenue_4q": null,
            "common_shares": 2724936,
            "book_valuer_per_share": 22.96,
            "book_valuer_per_share_4q_avg": 21.61,
            "equity": 6305454,
            "current_ratio": 162.47,
            "debt_ratio": 50.98,
            "inventory_turnover_ratio": 0.62,
            "account_receivable_turnover_ratio": 0.94,
            "reinvestment_rate": 150.75,
            "research_to_sale_ratio": null,
            "price_fair": 126.42,
            "eps_avg_yearly": 3.61,
            "eps_latest_yearly": 2.48,
            "eps_growth_yearly": 627.51
        },
        "20111": {
            "year_quarter": 20111,
            "year": 2011,
            "quarter": 1,
            "eps": 0.36,
            "eps_growth_year": -59.09,
            "eps_4q": 2.15,
            "eps_4q_growth_year": -2.87,
            "roe": 1.51,
            "roe_4q": 9.91,
            "gross_profit": 241171,
            "gross_margin": 10.79,
            "gross_margin_4q_avg": 9.16,
            "net_income": 97283,
            "net_income_4q": null,
            "revenue": 2235621,
            "revenue_4q": null,
            "common_shares": 2772573,
            "book_valuer_per_share": 23.64,
            "book_valuer_per_share_4q_avg": 22.19,
            "equity": 6619141,
            "current_ratio": 174.62,
            "debt_ratio": 47.27,
            "inventory_turnover_ratio": 0.55,
            "account_receivable_turnover_ratio": 0.82,
            "reinvestment_rate": 160.9,
            "research_to_sale_ratio": null,
            "price_fair": 120.26,
            "eps_avg_yearly": 3.44,
            "eps_latest_yearly": 1.44,
            "eps_growth_yearly": 604.36
        },
        "20112": {
            "year_quarter": 20112,
            "year": 2011,
            "quarter": 2,
            "eps": 0.37,
            "eps_growth_year": 120.57,
            "eps_4q": 2.36,
            "eps_4q_growth_year": -12.06,
            "roe": 1.62,
            "roe_4q": 10.74,
            "gross_profit": 198945,
            "gross_margin": 10.26,
            "gross_margin_4q_avg": 9.06,
            "net_income": 103068,
            "net_income_4q": null,
            "revenue": 1938637,
            "revenue_4q": null,
            "common_shares": 2772573,
            "book_valuer_per_share": 21.87,
            "book_valuer_per_share_4q_avg": 22.63,
            "equity": 6119760,
            "current_ratio": 153.6,
            "debt_ratio": 50.19,
            "inventory_turnover_ratio": 0.48,
            "account_receivable_turnover_ratio": 0.81,
            "reinvestment_rate": 174.77,
            "research_to_sale_ratio": null,
            "price_fair": 107.52,
            "eps_avg_yearly": 3.07,
            "eps_latest_yearly": 1.48,
            "eps_growth_yearly": 581.47
        },
        "20113": {
            "year_quarter": 20113,
            "year": 2011,
            "quarter": 3,
            "eps": 0.18,
            "eps_growth_year": -82.66,
            "eps_4q": 1.52,
            "eps_4q_growth_year": 19.49,
            "roe": 0.71,
            "roe_4q": 6.52,
            "gross_profit": 111240,
            "gross_margin": 5.17,
            "gross_margin_4q_avg": 8.38,
            "net_income": 43031,
            "net_income_4q": null,
            "revenue": 2152364,
            "revenue_4q": null,
            "common_shares": 2772573,
            "book_valuer_per_share": 21.24,
            "book_valuer_per_share_4q_avg": 22.43,
            "equity": 5944086,
            "current_ratio": 152.46,
            "debt_ratio": 51.19,
            "inventory_turnover_ratio": 0.56,
            "account_receivable_turnover_ratio": 0.96,
            "reinvestment_rate": 187.12,
            "research_to_sale_ratio": null,
            "price_fair": 90.44,
            "eps_avg_yearly": 2.58,
            "eps_latest_yearly": 0.72,
            "eps_growth_yearly": 557.18
        },
        "20114": {
            "year_quarter": 20114,
            "year": 2011,
            "quarter": 4,
            "eps": -0.2,
            "eps_growth_year": -132.05,
            "eps_4q": 0.71,
            "eps_4q_growth_year": -73.76,
            "roe": -0.98,
            "roe_4q": 2.8600000000000003,
            "gross_profit": 4899,
            "gross_margin": 0.34,
            "gross_margin_4q_avg": 6.64,
            "net_income": -57667,
            "net_income_4q": null,
            "revenue": 1459462,
            "revenue_4q": null,
            "common_shares": 2772573,
            "book_valuer_per_share": 20.76,
            "book_valuer_per_share_4q_avg": 21.88,
            "equity": 5810564,
            "current_ratio": 151.34,
            "debt_ratio": 50.92,
            "inventory_turnover_ratio": 0.39,
            "account_receivable_turnover_ratio": 0.67,
            "reinvestment_rate": 190.59,
            "research_to_sale_ratio": null,
            "price_fair": 98.31,
            "eps_avg_yearly": 2.81,
            "eps_latest_yearly": 0.72,
            "eps_growth_yearly": 659.09
        },
        "20121": {
            "year_quarter": 20121,
            "year": 2012,
            "quarter": 1,
            "eps": 0.43,
            "eps_growth_year": 19.44,
            "eps_4q": 0.78,
            "eps_4q_growth_year": -63.76,
            "roe": 2.05,
            "roe_4q": 3.4,
            "gross_profit": 53772,
            "gross_margin": 2.85,
            "gross_margin_4q_avg": 4.66,
            "net_income": 121402,
            "net_income_4q": null,
            "revenue": 1889580,
            "revenue_4q": null,
            "common_shares": 2772573,
            "book_valuer_per_share": 21.55,
            "book_valuer_per_share_4q_avg": 21.36,
            "equity": 6031774,
            "current_ratio": 148.27,
            "debt_ratio": 51.43,
            "inventory_turnover_ratio": 0.47,
            "account_receivable_turnover_ratio": 0.9,
            "reinvestment_rate": 290.07,
            "research_to_sale_ratio": null,
            "price_fair": 76.3,
            "eps_avg_yearly": 2.18,
            "eps_latest_yearly": 0.72,
            "eps_growth_yearly": 91.48
        },
        "20122": {
            "year_quarter": 20122,
            "year": 2012,
            "quarter": 2,
            "eps": -0.56,
            "eps_growth_year": -248.62,
            "eps_4q": -0.15,
            "eps_4q_growth_year": -106.36,
            "roe": -2.76,
            "roe_4q": -0.98,
            "gross_profit": 4383,
            "gross_margin": 0.22,
            "gross_margin_4q_avg": 2.15,
            "net_income": -158505,
            "net_income_4q": null,
            "revenue": 2013153,
            "revenue_4q": null,
            "common_shares": 2772573,
            "book_valuer_per_share": 19.43,
            "book_valuer_per_share_4q_avg": 20.75,
            "equity": 5440860,
            "current_ratio": 134.46,
            "debt_ratio": 55.59,
            "inventory_turnover_ratio": 0.53,
            "account_receivable_turnover_ratio": 0.87,
            "reinvestment_rate": 1089.13,
            "research_to_sale_ratio": null,
            "price_fair": 55,
            "eps_avg_yearly": 1.57,
            "eps_latest_yearly": 0.72,
            "eps_growth_yearly": 114.75
        },
        "20123": {
            "year_quarter": 20123,
            "year": 2012,
            "quarter": 3,
            "eps": -0.06,
            "eps_growth_year": -135.65,
            "eps_4q": -0.39,
            "eps_4q_growth_year": -125.9,
            "roe": -0.31,
            "roe_4q": -2,
            "gross_profit": -123458,
            "gross_margin": -6.57,
            "gross_margin_4q_avg": -0.79,
            "net_income": -16710,
            "net_income_4q": null,
            "revenue": 1880222,
            "revenue_4q": null,
            "common_shares": 2772573,
            "book_valuer_per_share": 19.17,
            "book_valuer_per_share_4q_avg": 20.23,
            "equity": 5366431,
            "current_ratio": 133.17,
            "debt_ratio": 54.28,
            "inventory_turnover_ratio": 0.59,
            "account_receivable_turnover_ratio": 0.79,
            "reinvestment_rate": 1189.32,
            "research_to_sale_ratio": null,
            "price_fair": 63.93,
            "eps_avg_yearly": 1.83,
            "eps_latest_yearly": 0.72,
            "eps_growth_yearly": 200.13
        },
        "20124": {
            "year_quarter": 20124,
            "year": 2012,
            "quarter": 4,
            "eps": -0.58,
            "eps_growth_year": null,
            "eps_4q": -0.78,
            "eps_4q_growth_year": -209.6,
            "roe": -3.06,
            "roe_4q": -4.08,
            "gross_profit": -101646,
            "gross_margin": -5.1,
            "gross_margin_4q_avg": -2.15,
            "net_income": -162587,
            "net_income_4q": null,
            "revenue": 1994475,
            "revenue_4q": null,
            "common_shares": 2772573,
            "book_valuer_per_share": 18.78,
            "book_valuer_per_share_4q_avg": 19.73,
            "equity": 5257213,
            "current_ratio": 129.01,
            "debt_ratio": 57.54,
            "inventory_turnover_ratio": 0.63,
            "account_receivable_turnover_ratio": 0.79,
            "reinvestment_rate": 515.25,
            "research_to_sale_ratio": null,
            "price_fair": 63.93,
            "eps_avg_yearly": 1.83,
            "eps_latest_yearly": 0.72,
            "eps_growth_yearly": 200.13
        },
        "20131": {
            "year_quarter": 20131,
            "year": 2013,
            "quarter": 1,
            "eps": 0.52,
            "eps_growth_year": 20.93,
            "eps_4q": -0.69,
            "eps_4q_growth_year": -187.81,
            "roe": 2.69,
            "roe_4q": -3.44,
            "gross_profit": 225706,
            "gross_margin": 9.31,
            "gross_margin_4q_avg": -0.54,
            "net_income": 142168,
            "net_income_4q": null,
            "revenue": 2424882,
            "revenue_4q": null,
            "common_shares": 2768023,
            "book_valuer_per_share": 18.98,
            "book_valuer_per_share_4q_avg": 19.09,
            "equity": 5310827,
            "current_ratio": 126.34,
            "debt_ratio": 59.7,
            "inventory_turnover_ratio": 0.6,
            "account_receivable_turnover_ratio": 0.87,
            "reinvestment_rate": 195.61,
            "research_to_sale_ratio": null,
            "price_fair": 63.93,
            "eps_avg_yearly": 1.83,
            "eps_latest_yearly": 0.72,
            "eps_growth_yearly": 200.13
        },
        "20132": {
            "year_quarter": 20132,
            "year": 2013,
            "quarter": 2,
            "eps": 0.12,
            "eps_growth_year": null,
            "eps_4q": -0,
            "eps_4q_growth_year": null,
            "roe": 0.65,
            "roe_4q": -0.030000000000000193,
            "gross_profit": 102152,
            "gross_margin": 5.17,
            "gross_margin_4q_avg": 0.7,
            "net_income": 33629,
            "net_income_4q": null,
            "revenue": 1974860,
            "revenue_4q": null,
            "common_shares": 2768023,
            "book_valuer_per_share": 18.27,
            "book_valuer_per_share_4q_avg": 18.8,
            "equity": 5110925,
            "current_ratio": 133.77,
            "debt_ratio": 58.11,
            "inventory_turnover_ratio": 0.51,
            "account_receivable_turnover_ratio": 0.7,
            "reinvestment_rate": 175.97,
            "research_to_sale_ratio": null,
            "price_fair": 57.2,
            "eps_avg_yearly": 1.63,
            "eps_latest_yearly": 0.48,
            "eps_growth_yearly": 127.58
        },
        "20133": {
            "year_quarter": 20133,
            "year": 2013,
            "quarter": 3,
            "eps": 0.26,
            "eps_growth_year": null,
            "eps_4q": 0.32,
            "eps_4q_growth_year": null,
            "roe": 1.39,
            "roe_4q": 1.6700000000000004,
            "gross_profit": 37399,
            "gross_margin": 1.91,
            "gross_margin_4q_avg": 2.82,
            "net_income": 72302,
            "net_income_4q": null,
            "revenue": 1955668,
            "revenue_4q": null,
            "common_shares": 2769273,
            "book_valuer_per_share": 18.94,
            "book_valuer_per_share_4q_avg": 18.74,
            "equity": 5298969,
            "current_ratio": 135.55,
            "debt_ratio": 56.37,
            "inventory_turnover_ratio": 0.59,
            "account_receivable_turnover_ratio": 0.71,
            "reinvestment_rate": 327.54,
            "research_to_sale_ratio": null,
            "price_fair": 54.6,
            "eps_avg_yearly": 1.56,
            "eps_latest_yearly": 1.04,
            "eps_growth_yearly": 169.97
        },
        "20134": {
            "year_quarter": 20134,
            "year": 2013,
            "quarter": 4,
            "eps": 0.29,
            "eps_growth_year": null,
            "eps_4q": 1.2,
            "eps_4q_growth_year": null,
            "roe": 1.57,
            "roe_4q": 6.3,
            "gross_profit": 114029,
            "gross_margin": 5.03,
            "gross_margin_4q_avg": 5.36,
            "net_income": 84584,
            "net_income_4q": null,
            "revenue": 2268474,
            "revenue_4q": null,
            "common_shares": 2769413,
            "book_valuer_per_share": 19.66,
            "book_valuer_per_share_4q_avg": 18.96,
            "equity": 5501445,
            "current_ratio": 149.07,
            "debt_ratio": 55.47,
            "inventory_turnover_ratio": 0.75,
            "account_receivable_turnover_ratio": 0.82,
            "reinvestment_rate": 53.63,
            "research_to_sale_ratio": null,
            "price_fair": 53.04,
            "eps_avg_yearly": 1.52,
            "eps_latest_yearly": 1.16,
            "eps_growth_yearly": 156.21
        },
        "20141": {
            "year_quarter": 20141,
            "year": 2014,
            "quarter": 1,
            "eps": 0.22,
            "eps_growth_year": -57.69,
            "eps_4q": 0.9,
            "eps_4q_growth_year": null,
            "roe": 1.07,
            "roe_4q": 4.680000000000001,
            "gross_profit": 140310,
            "gross_margin": 6.53,
            "gross_margin_4q_avg": 4.66,
            "net_income": 58883,
            "net_income_4q": null,
            "revenue": 2150281,
            "revenue_4q": null,
            "common_shares": 2769939,
            "book_valuer_per_share": 19.55,
            "book_valuer_per_share_4q_avg": 19.11,
            "equity": 5471696,
            "current_ratio": 146.74,
            "debt_ratio": 55.46,
            "inventory_turnover_ratio": 0.74,
            "account_receivable_turnover_ratio": 0.74,
            "reinvestment_rate": 50.34,
            "research_to_sale_ratio": null,
            "price_fair": 50.82,
            "eps_avg_yearly": 1.45,
            "eps_latest_yearly": 0.88,
            "eps_growth_yearly": 130.93
        },
        "20142": {
            "year_quarter": 20142,
            "year": 2014,
            "quarter": 2,
            "eps": 0.37,
            "eps_growth_year": 208.33,
            "eps_4q": 1.14,
            "eps_4q_growth_year": null,
            "roe": 1.88,
            "roe_4q": 5.91,
            "gross_profit": 179608,
            "gross_margin": 7.17,
            "gross_margin_4q_avg": 5.16,
            "net_income": 100604,
            "net_income_4q": null,
            "revenue": 2504787,
            "revenue_4q": null,
            "common_shares": 2769939,
            "book_valuer_per_share": 18.78,
            "book_valuer_per_share_4q_avg": 19.23,
            "equity": 5254054,
            "current_ratio": 113.47,
            "debt_ratio": 61.44,
            "inventory_turnover_ratio": 0.77,
            "account_receivable_turnover_ratio": 0.76,
            "reinvestment_rate": 72.99,
            "research_to_sale_ratio": null,
            "price_fair": 53.62,
            "eps_avg_yearly": 1.53,
            "eps_latest_yearly": 1.48,
            "eps_growth_yearly": 190.48
        },
        "20143": {
            "year_quarter": 20143,
            "year": 2014,
            "quarter": 3,
            "eps": 0.22,
            "eps_growth_year": -15.38,
            "eps_4q": 1.1,
            "eps_4q_growth_year": 243.18,
            "roe": 1.12,
            "roe_4q": 5.640000000000001,
            "gross_profit": 150678,
            "gross_margin": 6.82,
            "gross_margin_4q_avg": 6.39,
            "net_income": 59732,
            "net_income_4q": null,
            "revenue": 2210636,
            "revenue_4q": null,
            "common_shares": 2777199,
            "book_valuer_per_share": 19.36,
            "book_valuer_per_share_4q_avg": 19.34,
            "equity": 5427080,
            "current_ratio": 140.73,
            "debt_ratio": 60.76,
            "inventory_turnover_ratio": 0.61,
            "account_receivable_turnover_ratio": 0.64,
            "reinvestment_rate": 150.32,
            "research_to_sale_ratio": null,
            "price_fair": 3.61,
            "eps_avg_yearly": 1.2,
            "eps_latest_yearly": 0.88,
            "eps_growth_yearly": -30.44
        },
        "20144": {
            "year_quarter": 20144,
            "year": 2014,
            "quarter": 4,
            "eps": 0.02,
            "eps_growth_year": -91.71,
            "eps_4q": 0.83,
            "eps_4q_growth_year": -30.58,
            "roe": 0.06,
            "roe_4q": 4.13,
            "gross_profit": 27569,
            "gross_margin": 1.54,
            "gross_margin_4q_avg": 5.52,
            "net_income": 3242,
            "net_income_4q": null,
            "revenue": 1787798,
            "revenue_4q": null,
            "common_shares": 2788380,
            "book_valuer_per_share": 19.47,
            "book_valuer_per_share_4q_avg": 19.29,
            "equity": 5475787,
            "current_ratio": 150.46,
            "debt_ratio": 58.17,
            "inventory_turnover_ratio": 0.5,
            "account_receivable_turnover_ratio": 0.59,
            "reinvestment_rate": 140.72,
            "research_to_sale_ratio": null,
            "price_fair": 2.89,
            "eps_avg_yearly": 0.96,
            "eps_latest_yearly": 0.08,
            "eps_growth_yearly": -50.65
        },
        "20151": {
            "year_quarter": 20151,
            "year": 2015,
            "quarter": 1,
            "eps": 1.03,
            "eps_growth_year": 368.18,
            "eps_4q": 1.64,
            "eps_4q_growth_year": 82.65,
            "roe": 5.07,
            "roe_4q": 8.129999999999999,
            "gross_profit": 28699,
            "gross_margin": 1.59,
            "gross_margin_4q_avg": 4.28,
            "net_income": 284439,
            "net_income_4q": null,
            "revenue": 1802885,
            "revenue_4q": null,
            "common_shares": 2788380,
            "book_valuer_per_share": 20.42,
            "book_valuer_per_share_4q_avg": 19.51,
            "equity": 5738514,
            "current_ratio": 156.02,
            "debt_ratio": 55.18,
            "inventory_turnover_ratio": 0.51,
            "account_receivable_turnover_ratio": 0.69,
            "reinvestment_rate": 88.55,
            "research_to_sale_ratio": null,
            "price_fair": 43.12,
            "eps_avg_yearly": 1.23,
            "eps_latest_yearly": 4.12,
            "eps_growth_yearly": 1986.12
        },
        "20152": {
            "year_quarter": 20152,
            "year": 2015,
            "quarter": 2,
            "eps": -0.5,
            "eps_growth_year": -235.14,
            "eps_4q": 0.77,
            "eps_4q_growth_year": -32.42,
            "roe": -2.57,
            "roe_4q": 3.6800000000000006,
            "gross_profit": -51731,
            "gross_margin": -2.81,
            "gross_margin_4q_avg": 1.79,
            "net_income": -140751,
            "net_income_4q": null,
            "revenue": 1844154,
            "revenue_4q": null,
            "common_shares": 2788380,
            "book_valuer_per_share": 18.57,
            "book_valuer_per_share_4q_avg": 19.46,
            "equity": 5221147,
            "current_ratio": 146.43,
            "debt_ratio": 58.06,
            "inventory_turnover_ratio": 0.58,
            "account_receivable_turnover_ratio": 0.73,
            "reinvestment_rate": 107.17,
            "research_to_sale_ratio": null,
            "price_fair": 42.16,
            "eps_avg_yearly": 1.2,
            "eps_latest_yearly": 4.12,
            "eps_growth_yearly": 2205.57
        },
        "20153": {
            "year_quarter": 20153,
            "year": 2015,
            "quarter": 3,
            "eps": -0.71,
            "eps_growth_year": -422.73,
            "eps_4q": -0.16,
            "eps_4q_growth_year": -114.6,
            "roe": -4.07,
            "roe_4q": -1.5100000000000002,
            "gross_profit": -219167,
            "gross_margin": -15.49,
            "gross_margin_4q_avg": -3.79,
            "net_income": -200572,
            "net_income_4q": null,
            "revenue": 1414785,
            "revenue_4q": null,
            "common_shares": 2788380,
            "book_valuer_per_share": 16.57,
            "book_valuer_per_share_4q_avg": 18.76,
            "equity": 4626218,
            "current_ratio": 145.19,
            "debt_ratio": 59.23,
            "inventory_turnover_ratio": 0.56,
            "account_receivable_turnover_ratio": 0.57,
            "reinvestment_rate": 155.21,
            "research_to_sale_ratio": null,
            "price_fair": 44.28,
            "eps_avg_yearly": 1.27,
            "eps_latest_yearly": 4.12,
            "eps_growth_yearly": 2506.94
        },
        "20154": {
            "year_quarter": 20154,
            "year": 2015,
            "quarter": 4,
            "eps": -1.27,
            "eps_growth_year": -5360.67,
            "eps_4q": -1.46,
            "eps_4q_growth_year": -275.65,
            "roe": -8.01,
            "roe_4q": -9.58,
            "gross_profit": -326174,
            "gross_margin": -23.5,
            "gross_margin_4q_avg": -10.05,
            "net_income": -351895,
            "net_income_4q": null,
            "revenue": 1387875,
            "revenue_4q": null,
            "common_shares": 2756380,
            "book_valuer_per_share": 14.98,
            "book_valuer_per_share_4q_avg": 17.64,
            "equity": 4160510,
            "current_ratio": 125.39,
            "debt_ratio": 61.08,
            "inventory_turnover_ratio": 0.73,
            "account_receivable_turnover_ratio": 0.61,
            "reinvestment_rate": null,
            "research_to_sale_ratio": null,
            "price_fair": 44.28,
            "eps_avg_yearly": 1.27,
            "eps_latest_yearly": 4.12,
            "eps_growth_yearly": 2506.94
        },
        "20161": {
            "year_quarter": 20161,
            "year": 2016,
            "quarter": 1,
            "eps": 0.9,
            "eps_growth_year": -12.62,
            "eps_4q": -1.59,
            "eps_4q_growth_year": -197.26,
            "roe": 5.58,
            "roe_4q": -9.07,
            "gross_profit": 216194,
            "gross_margin": 15.48,
            "gross_margin_4q_avg": -6.58,
            "net_income": 247654,
            "net_income_4q": null,
            "revenue": 1396297,
            "revenue_4q": null,
            "common_shares": 2766260,
            "book_valuer_per_share": 16.92,
            "book_valuer_per_share_4q_avg": 16.76,
            "equity": 4710233,
            "current_ratio": 131.35,
            "debt_ratio": 56.6,
            "inventory_turnover_ratio": 0.64,
            "account_receivable_turnover_ratio": 0.68,
            "reinvestment_rate": 659.36,
            "research_to_sale_ratio": null,
            "price_fair": 44.28,
            "eps_avg_yearly": 1.27,
            "eps_latest_yearly": 4.12,
            "eps_growth_yearly": 2506.94
        },
        "20162": {
            "year_quarter": 20162,
            "year": 2016,
            "quarter": 2,
            "eps": 0.37,
            "eps_growth_year": null,
            "eps_4q": -0.71,
            "eps_4q_growth_year": -192.56,
            "roe": 2.23,
            "roe_4q": -4.27,
            "gross_profit": 201800,
            "gross_margin": 13.12,
            "gross_margin_4q_avg": -2.6,
            "net_income": 103300,
            "net_income_4q": null,
            "revenue": 1538232,
            "revenue_4q": null,
            "common_shares": 2766260,
            "book_valuer_per_share": 16.37,
            "book_valuer_per_share_4q_avg": 16.21,
            "equity": 4554598,
            "current_ratio": 117.3,
            "debt_ratio": 56.9,
            "inventory_turnover_ratio": 0.72,
            "account_receivable_turnover_ratio": 0.76,
            "reinvestment_rate": 121.98,
            "research_to_sale_ratio": null,
            "price_fair": 45.11,
            "eps_avg_yearly": 1.29,
            "eps_latest_yearly": 1.48,
            "eps_growth_yearly": 2202.22
        },
        "20163": {
            "year_quarter": 20163,
            "year": 2016,
            "quarter": 3,
            "eps": 0.87,
            "eps_growth_year": null,
            "eps_4q": 0.87,
            "eps_4q_growth_year": null,
            "roe": 5.13,
            "roe_4q": 4.93,
            "gross_profit": 207667,
            "gross_margin": 14.01,
            "gross_margin_4q_avg": 4.78,
            "net_income": 242065,
            "net_income_4q": null,
            "revenue": 1482618,
            "revenue_4q": null,
            "common_shares": 2766260,
            "book_valuer_per_share": 17.54,
            "book_valuer_per_share_4q_avg": 16.45,
            "equity": 4878158,
            "current_ratio": 112.9,
            "debt_ratio": 56.98,
            "inventory_turnover_ratio": 0.59,
            "account_receivable_turnover_ratio": 0.73,
            "reinvestment_rate": 132.96,
            "research_to_sale_ratio": null,
            "price_fair": 52.78,
            "eps_avg_yearly": 1.51,
            "eps_latest_yearly": 3.48,
            "eps_growth_yearly": 2036.05
        },
        "20164": {
            "year_quarter": 20164,
            "year": 2016,
            "quarter": 4,
            "eps": 0.52,
            "eps_growth_year": null,
            "eps_4q": 2.5,
            "eps_4q_growth_year": null,
            "roe": 3,
            "roe_4q": 15.94,
            "gross_profit": 291328,
            "gross_margin": 14.61,
            "gross_margin_4q_avg": 14.31,
            "net_income": 156765,
            "net_income_4q": null,
            "revenue": 1994539,
            "revenue_4q": null,
            "common_shares": 2991876,
            "book_valuer_per_share": 18.53,
            "book_valuer_per_share_4q_avg": 17.34,
            "equity": 5572937,
            "current_ratio": 139.25,
            "debt_ratio": 53.25,
            "inventory_turnover_ratio": 0.74,
            "account_receivable_turnover_ratio": 0.94,
            "reinvestment_rate": 85.89,
            "research_to_sale_ratio": null,
            "price_fair": 54.6,
            "eps_avg_yearly": 1.56,
            "eps_latest_yearly": 2.08,
            "eps_growth_yearly": 1836.32
        },
        "20171": {
            "year_quarter": 20171,
            "year": 2017,
            "quarter": 1,
            "eps": 1.19,
            "eps_growth_year": 32.22,
            "eps_4q": 2.82,
            "eps_4q_growth_year": null,
            "roe": 6.16,
            "roe_4q": 16.52,
            "gross_profit": 407232,
            "gross_margin": 18.51,
            "gross_margin_4q_avg": 15.06,
            "net_income": 364616,
            "net_income_4q": null,
            "revenue": 2200495,
            "revenue_4q": null,
            "common_shares": 3061937,
            "book_valuer_per_share": 19.78,
            "book_valuer_per_share_4q_avg": 18.06,
            "equity": 6258930,
            "current_ratio": 138.95,
            "debt_ratio": 53.11,
            "inventory_turnover_ratio": 0.71,
            "account_receivable_turnover_ratio": 0.91,
            "reinvestment_rate": 71.85,
            "research_to_sale_ratio": null,
            "price_fair": 63.93,
            "eps_avg_yearly": 1.83,
            "eps_latest_yearly": 4.76,
            "eps_growth_yearly": 1726.25
        },
        "20172": {
            "year_quarter": 20172,
            "year": 2017,
            "quarter": 2,
            "eps": 0.53,
            "eps_growth_year": 43.24,
            "eps_4q": 3.01,
            "eps_4q_growth_year": null,
            "roe": 2.68,
            "roe_4q": 16.97,
            "gross_profit": 258975,
            "gross_margin": 11.57,
            "gross_margin_4q_avg": 14.68,
            "net_income": 162224,
            "net_income_4q": null,
            "revenue": 2238297,
            "revenue_4q": null,
            "common_shares": 3061937,
            "book_valuer_per_share": 18.38,
            "book_valuer_per_share_4q_avg": 18.56,
            "equity": 5830798,
            "current_ratio": 122.76,
            "debt_ratio": 58.38,
            "inventory_turnover_ratio": 0.65,
            "account_receivable_turnover_ratio": 0.87,
            "reinvestment_rate": 94.01,
            "research_to_sale_ratio": null,
            "price_fair": 68.72,
            "eps_avg_yearly": 1.96,
            "eps_latest_yearly": 2.12,
            "eps_growth_yearly": 1733.4
        },
        "20173": {
            "year_quarter": 20173,
            "year": 2017,
            "quarter": 3,
            "eps": 0.79,
            "eps_growth_year": -9.2,
            "eps_4q": 3.01,
            "eps_4q_growth_year": 244.62,
            "roe": 4.13,
            "roe_4q": 15.97,
            "gross_profit": 205994,
            "gross_margin": 10.24,
            "gross_margin_4q_avg": 13.73,
            "net_income": 245721,
            "net_income_4q": null,
            "revenue": 2011690,
            "revenue_4q": null,
            "common_shares": 3061937,
            "book_valuer_per_share": 19.1,
            "book_valuer_per_share_4q_avg": 18.95,
            "equity": 6054834,
            "current_ratio": 123.67,
            "debt_ratio": 55.86,
            "inventory_turnover_ratio": 0.56,
            "account_receivable_turnover_ratio": 0.79,
            "reinvestment_rate": 87.68,
            "research_to_sale_ratio": null,
            "price_fair": 74.9,
            "eps_avg_yearly": 2.14,
            "eps_latest_yearly": 3.16,
            "eps_growth_yearly": 1710.86
        },
        "20174": {
            "year_quarter": 20174,
            "year": 2017,
            "quarter": 4,
            "eps": 0.98,
            "eps_growth_year": 89.03,
            "eps_4q": 3.48,
            "eps_4q_growth_year": 39.32,
            "roe": 4.8,
            "roe_4q": 17.77,
            "gross_profit": 241598,
            "gross_margin": 12.71,
            "gross_margin_4q_avg": 13.26,
            "net_income": 300971,
            "net_income_4q": null,
            "revenue": 1901430,
            "revenue_4q": null,
            "common_shares": 3061937,
            "book_valuer_per_share": 20.48,
            "book_valuer_per_share_4q_avg": 19.44,
            "equity": 6478329,
            "current_ratio": 122.43,
            "debt_ratio": 53.12,
            "inventory_turnover_ratio": 0.56,
            "account_receivable_turnover_ratio": 0.8,
            "reinvestment_rate": 124.31,
            "research_to_sale_ratio": null,
            "price_fair": 82.95,
            "eps_avg_yearly": 2.37,
            "eps_latest_yearly": 3.92,
            "eps_growth_yearly": 1715.03
        },
        "20181": {
            "year_quarter": 20181,
            "year": 2018,
            "quarter": 1,
            "eps": 3.09,
            "eps_growth_year": 159.66,
            "eps_4q": 5.38,
            "eps_4q_growth_year": 90.72,
            "roe": 14.06,
            "roe_4q": 25.669999999999998,
            "gross_profit": 457092,
            "gross_margin": 19.36,
            "gross_margin_4q_avg": 13.47,
            "net_income": 970287,
            "net_income_4q": null,
            "revenue": 2361158,
            "revenue_4q": null,
            "common_shares": 3061937,
            "book_valuer_per_share": 23.16,
            "book_valuer_per_share_4q_avg": 20.28,
            "equity": 7324411,
            "current_ratio": 134.07,
            "debt_ratio": 51.04,
            "inventory_turnover_ratio": 0.69,
            "account_receivable_turnover_ratio": 0.98,
            "reinvestment_rate": 8.56,
            "research_to_sale_ratio": null,
            "price_fair": 116.43,
            "eps_avg_yearly": 3.33,
            "eps_latest_yearly": 12.36,
            "eps_growth_yearly": 1794.85
        },
        "20182": {
            "year_quarter": 20182,
            "year": 2018,
            "quarter": 2,
            "eps": -0.05,
            "eps_growth_year": -109.43,
            "eps_4q": 4.75,
            "eps_4q_growth_year": 57.72,
            "roe": -0.31,
            "roe_4q": 22.68,
            "gross_profit": 206368,
            "gross_margin": 9.43,
            "gross_margin_4q_avg": 12.94,
            "net_income": -22387,
            "net_income_4q": null,
            "revenue": 2188190,
            "revenue_4q": null,
            "common_shares": 3098076,
            "book_valuer_per_share": 21.31,
            "book_valuer_per_share_4q_avg": 21.01,
            "equity": 7019822,
            "current_ratio": 121.32,
            "debt_ratio": 56.24,
            "inventory_turnover_ratio": 0.71,
            "account_receivable_turnover_ratio": 0.81,
            "reinvestment_rate": -0.21,
            "research_to_sale_ratio": null,
            "price_fair": 122.31,
            "eps_avg_yearly": 3.49,
            "eps_latest_yearly": 12.36,
            "eps_growth_yearly": 1933.22
        },
        "20183": {
            "year_quarter": 20183,
            "year": 2018,
            "quarter": 3,
            "eps": 1.48,
            "eps_growth_year": 87.34,
            "eps_4q": 5.44,
            "eps_4q_growth_year": 81,
            "roe": 6.39,
            "roe_4q": 24.94,
            "gross_profit": 288599,
            "gross_margin": 12.15,
            "gross_margin_4q_avg": 13.41,
            "net_income": 468164,
            "net_income_4q": null,
            "revenue": 2375016,
            "revenue_4q": null,
            "common_shares": 3102813,
            "book_valuer_per_share": 23.25,
            "book_valuer_per_share_4q_avg": 22.05,
            "equity": 7639685,
            "current_ratio": 115.1,
            "debt_ratio": 53.93,
            "inventory_turnover_ratio": 0.66,
            "account_receivable_turnover_ratio": 0.82,
            "reinvestment_rate": -34.85,
            "research_to_sale_ratio": null,
            "price_fair": 131.46,
            "eps_avg_yearly": 3.76,
            "eps_latest_yearly": 12.36,
            "eps_growth_yearly": 2142.76
        },
        "20184": {
            "year_quarter": 20184,
            "year": 2018,
            "quarter": 4,
            "eps": -1.32,
            "eps_growth_year": -233.66,
            "eps_4q": 3.15,
            "eps_4q_growth_year": -9.53,
            "roe": -5.59,
            "roe_4q": 14.55,
            "gross_profit": -80338,
            "gross_margin": -4.2,
            "gross_margin_4q_avg": 9.19,
            "net_income": -416052,
            "net_income_4q": null,
            "revenue": 1911955,
            "revenue_4q": null,
            "common_shares": 3106877,
            "book_valuer_per_share": 21.6,
            "book_valuer_per_share_4q_avg": 22.33,
            "equity": 7235129,
            "current_ratio": 105.86,
            "debt_ratio": 58.14,
            "inventory_turnover_ratio": 0.53,
            "account_receivable_turnover_ratio": 0.7,
            "reinvestment_rate": -28.68,
            "research_to_sale_ratio": null,
            "price_fair": 145.76,
            "eps_avg_yearly": 4.16,
            "eps_latest_yearly": 12.36,
            "eps_growth_yearly": 2421.25
        },
        "20191": {
            "year_quarter": 20191,
            "year": 2019,
            "quarter": 1,
            "eps": 0.49,
            "eps_growth_year": -84.14,
            "eps_4q": 0.6,
            "eps_4q_growth_year": -88.79,
            "roe": 2.18,
            "roe_4q": 2.67,
            "gross_profit": 66699,
            "gross_margin": 3.35,
            "gross_margin_4q_avg": 5.18,
            "net_income": 160417,
            "net_income_4q": null,
            "revenue": 1988951,
            "revenue_4q": null,
            "common_shares": 3106877,
            "book_valuer_per_share": 22.32,
            "book_valuer_per_share_4q_avg": 22.12,
            "equity": 7454616,
            "current_ratio": 134.93,
            "debt_ratio": 57.53,
            "inventory_turnover_ratio": 0.46,
            "account_receivable_turnover_ratio": 0.79,
            "reinvestment_rate": -26.04,
            "research_to_sale_ratio": null,
            "price_fair": 145.95,
            "eps_avg_yearly": 4.17,
            "eps_latest_yearly": 12.36,
            "eps_growth_yearly": 198.91
        },
        "20192": {
            "year_quarter": 20192,
            "year": 2019,
            "quarter": 2,
            "eps": -0.44,
            "eps_growth_year": null,
            "eps_4q": 0.22,
            "eps_4q_growth_year": -95.37,
            "roe": -1.94,
            "roe_4q": 1.04,
            "gross_profit": 57229,
            "gross_margin": 2.9,
            "gross_margin_4q_avg": 3.55,
            "net_income": -138173,
            "net_income_4q": null,
            "revenue": 1973940,
            "revenue_4q": null,
            "common_shares": 3106877,
            "book_valuer_per_share": 20.14,
            "book_valuer_per_share_4q_avg": 21.83,
            "equity": 6771273,
            "current_ratio": 147.55,
            "debt_ratio": 59.71,
            "inventory_turnover_ratio": 0.47,
            "account_receivable_turnover_ratio": 0.8,
            "reinvestment_rate": -20.76,
            "research_to_sale_ratio": null,
            "price_fair": 145.95,
            "eps_avg_yearly": 4.17,
            "eps_latest_yearly": 12.36,
            "eps_growth_yearly": 198.91
        },
        "20193": {
            "year_quarter": 20193,
            "year": 2019,
            "quarter": 3,
            "eps": 0.49,
            "eps_growth_year": -66.89,
            "eps_4q": -0.77,
            "eps_4q_growth_year": -114.1,
            "roe": 2.24,
            "roe_4q": -3.1099999999999994,
            "gross_profit": 67289,
            "gross_margin": 3.11,
            "gross_margin_4q_avg": 1.29,
            "net_income": 152179,
            "net_income_4q": null,
            "revenue": 2166876,
            "revenue_4q": null,
            "common_shares": 3106877,
            "book_valuer_per_share": 20.26,
            "book_valuer_per_share_4q_avg": 21.08,
            "equity": 6828080,
            "current_ratio": 148.42,
            "debt_ratio": 59.52,
            "inventory_turnover_ratio": 0.56,
            "account_receivable_turnover_ratio": 0.84,
            "reinvestment_rate": 3.72,
            "research_to_sale_ratio": null,
            "price_fair": 145.95,
            "eps_avg_yearly": 4.17,
            "eps_latest_yearly": 12.36,
            "eps_growth_yearly": 198.91
        },
        "20194": {
            "year_quarter": 20194,
            "year": 2019,
            "quarter": 4,
            "eps": -0.16,
            "eps_growth_year": null,
            "eps_4q": 0.39,
            "eps_4q_growth_year": -87.67,
            "roe": -0.83,
            "roe_4q": 1.6500000000000004,
            "gross_profit": -14656,
            "gross_margin": -0.62,
            "gross_margin_4q_avg": 2.19,
            "net_income": -56307,
            "net_income_4q": null,
            "revenue": 2348018,
            "revenue_4q": null,
            "common_shares": 3106877,
            "book_valuer_per_share": 20.23,
            "book_valuer_per_share_4q_avg": 20.74,
            "equity": 6810786,
            "current_ratio": 137.24,
            "debt_ratio": 57.67,
            "inventory_turnover_ratio": 0.66,
            "account_receivable_turnover_ratio": 0.91,
            "reinvestment_rate": 5.84,
            "research_to_sale_ratio": null,
            "price_fair": 145.95,
            "eps_avg_yearly": 4.17,
            "eps_latest_yearly": 12.36,
            "eps_growth_yearly": 198.91
        },
        "20201": {
            "year_quarter": 20201,
            "year": 2020,
            "quarter": 1,
            "eps": -0.35,
            "eps_growth_year": -171.43,
            "eps_4q": -0.46,
            "eps_4q_growth_year": -176.18,
            "roe": -1.7,
            "roe_4q": -2.2299999999999995,
            "gross_profit": 80474,
            "gross_margin": 3.75,
            "gross_margin_4q_avg": 2.29,
            "net_income": -112714,
            "net_income_4q": null,
            "revenue": 2146812,
            "revenue_4q": null,
            "common_shares": 3106877,
            "book_valuer_per_share": 18.98,
            "book_valuer_per_share_4q_avg": 19.9,
            "equity": 6420726,
            "current_ratio": 128.27,
            "debt_ratio": 61.41,
            "inventory_turnover_ratio": 0.59,
            "account_receivable_turnover_ratio": 0.85,
            "reinvestment_rate": 5.87,
            "research_to_sale_ratio": null,
            "price_fair": 145.95,
            "eps_avg_yearly": 4.17,
            "eps_latest_yearly": 12.36,
            "eps_growth_yearly": 198.91
        },
        "20202": {
            "year_quarter": 20202,
            "year": 2020,
            "quarter": 2,
            "eps": 0.67,
            "eps_growth_year": null,
            "eps_4q": 0.65,
            "eps_4q_growth_year": 194.08,
            "roe": 3.27,
            "roe_4q": 2.9800000000000004,
            "gross_profit": 77760,
            "gross_margin": 3.55,
            "gross_margin_4q_avg": 2.45,
            "net_income": 209733,
            "net_income_4q": null,
            "revenue": 2190440,
            "revenue_4q": null,
            "common_shares": 3071877,
            "book_valuer_per_share": 19.16,
            "book_valuer_per_share_4q_avg": 19.66,
            "equity": 6407149,
            "current_ratio": 126.76,
            "debt_ratio": 61.74,
            "inventory_turnover_ratio": 0.61,
            "account_receivable_turnover_ratio": 0.83,
            "reinvestment_rate": 26.43,
            "research_to_sale_ratio": null,
            "price_fair": 159.4,
            "eps_avg_yearly": 4.55,
            "eps_latest_yearly": 12.36,
            "eps_growth_yearly": 260.97
        },
        "20203": {
            "year_quarter": 20203,
            "year": 2020,
            "quarter": 3,
            "eps": 1.89,
            "eps_growth_year": 285.71,
            "eps_4q": 2.04,
            "eps_4q_growth_year": null,
            "roe": 8.83,
            "roe_4q": 9.57,
            "gross_profit": 265506,
            "gross_margin": 9.41,
            "gross_margin_4q_avg": 4.02,
            "net_income": 590465,
            "net_income_4q": null,
            "revenue": 2821307,
            "revenue_4q": null,
            "common_shares": 3071877,
            "book_valuer_per_share": 20.95,
            "book_valuer_per_share_4q_avg": 19.83,
            "equity": 6968285,
            "current_ratio": 126.27,
            "debt_ratio": 62.74,
            "inventory_turnover_ratio": 0.69,
            "account_receivable_turnover_ratio": 0.94,
            "reinvestment_rate": 22.36,
            "research_to_sale_ratio": null,
            "price_fair": 179.8,
            "eps_avg_yearly": 5.14,
            "eps_latest_yearly": 7.56,
            "eps_growth_yearly": 287.8
        },
        "20204": {
            "year_quarter": 20204,
            "year": 2020,
            "quarter": 4,
            "eps": 0.5,
            "eps_growth_year": null,
            "eps_4q": 2.69,
            "eps_4q_growth_year": 592.56,
            "roe": 2.1,
            "roe_4q": 12.5,
            "gross_profit": 388956,
            "gross_margin": 14.44,
            "gross_margin_4q_avg": 7.79,
            "net_income": 158249,
            "net_income_4q": null,
            "revenue": 2693752,
            "revenue_4q": null,
            "common_shares": 3082226,
            "book_valuer_per_share": 24.89,
            "book_valuer_per_share_4q_avg": 21,
            "equity": 8101430,
            "current_ratio": 140.61,
            "debt_ratio": 59.28,
            "inventory_turnover_ratio": 0.59,
            "account_receivable_turnover_ratio": 0.8,
            "reinvestment_rate": 30.73,
            "research_to_sale_ratio": null,
            "price_fair": 179.4,
            "eps_avg_yearly": 5.13,
            "eps_latest_yearly": 2,
            "eps_growth_yearly": 268.77
        },
        "20211": {
            "year_quarter": 20211,
            "year": 2021,
            "quarter": 1,
            "eps": 2,
            "eps_growth_year": null,
            "eps_4q": 5.04,
            "eps_4q_growth_year": null,
            "roe": 7.3,
            "roe_4q": 21.5,
            "gross_profit": 590699,
            "gross_margin": 18.26,
            "gross_margin_4q_avg": 11.42,
            "net_income": 618879,
            "net_income_4q": null,
            "revenue": 3234422,
            "revenue_4q": null,
            "common_shares": 3082861,
            "book_valuer_per_share": 27.33,
            "book_valuer_per_share_4q_avg": 23.08,
            "equity": 8857091,
            "current_ratio": 145.8,
            "debt_ratio": 57.83,
            "inventory_turnover_ratio": 0.69,
            "account_receivable_turnover_ratio": 0.88,
            "reinvestment_rate": 35.09,
            "research_to_sale_ratio": null,
            "price_fair": 195.6,
            "eps_avg_yearly": 5.59,
            "eps_latest_yearly": 8,
            "eps_growth_yearly": 366.57
        },
        "20212": {
            "year_quarter": 20212,
            "year": 2021,
            "quarter": 2,
            "eps": 3.04,
            "eps_growth_year": 353.73,
            "eps_4q": 7.19,
            "eps_4q_growth_year": 1013.85,
            "roe": 9.56,
            "roe_4q": 27.79,
            "gross_profit": 937650,
            "gross_margin": 24.23,
            "gross_margin_4q_avg": 16.59,
            "net_income": 956420,
            "net_income_4q": null,
            "revenue": 3870316,
            "revenue_4q": null,
            "common_shares": 3193527,
            "book_valuer_per_share": 33.48,
            "book_valuer_per_share_4q_avg": 26.66,
            "equity": 11150238,
            "current_ratio": 160.99,
            "debt_ratio": 52.55,
            "inventory_turnover_ratio": 0.74,
            "account_receivable_turnover_ratio": 0.91,
            "reinvestment_rate": 24.27,
            "research_to_sale_ratio": null,
            "price_fair": 245.8,
            "eps_avg_yearly": 7.02,
            "eps_latest_yearly": 12.16,
            "eps_growth_yearly": 427.98
        },
        "20213": {
            "year_quarter": 20213,
            "year": 2021,
            "quarter": 3,
            "eps": 1.81,
            "eps_growth_year": -4.23,
            "eps_4q": 7.16,
            "eps_4q_growth_year": 251.41,
            "roe": 5.4,
            "roe_4q": 24.360000000000003,
            "gross_profit": 1013732,
            "gross_margin": 26.7,
            "gross_margin_4q_avg": 20.91,
            "net_income": 595310,
            "net_income_4q": null,
            "revenue": 3796545,
            "revenue_4q": null,
            "common_shares": 3211463,
            "book_valuer_per_share": 32.42,
            "book_valuer_per_share_4q_avg": 29.53,
            "equity": 10895463,
            "current_ratio": 154.55,
            "debt_ratio": 55.09,
            "inventory_turnover_ratio": 0.62,
            "account_receivable_turnover_ratio": 0.83,
            "reinvestment_rate": 22.66,
            "research_to_sale_ratio": null,
            "price_fair": 266.2,
            "eps_avg_yearly": 7.61,
            "eps_latest_yearly": 7.24,
            "eps_growth_yearly": 376.82
        },
        "20214": {
            "year_quarter": 20214,
            "year": 2021,
            "quarter": 4,
            "eps": 1.79,
            "eps_growth_year": 258.89,
            "eps_4q": 8.47,
            "eps_4q_growth_year": 214.89,
            "roe": 5.33,
            "roe_4q": 27.59,
            "gross_profit": 574988,
            "gross_margin": 17.96,
            "gross_margin_4q_avg": 21.79,
            "net_income": 600229,
            "net_income_4q": null,
            "revenue": 3201759,
            "revenue_4q": null,
            "common_shares": 3211463,
            "book_valuer_per_share": 33.91,
            "book_valuer_per_share_4q_avg": 31.79,
            "equity": 11607770,
            "current_ratio": 155,
            "debt_ratio": 55.22,
            "inventory_turnover_ratio": 0.46,
            "account_receivable_turnover_ratio": 0.71,
            "reinvestment_rate": -41.56,
            "research_to_sale_ratio": null,
            "price_fair": 282.4,
            "eps_avg_yearly": 8.07,
            "eps_latest_yearly": 7.16,
            "eps_growth_yearly": 362.45
        },
        "20221": {
            "year_quarter": 20221,
            "year": 2022,
            "quarter": 1,
            "eps": 0.73,
            "eps_growth_year": -63.5,
            "eps_4q": 7.28,
            "eps_4q_growth_year": 44.37,
            "roe": 1.96,
            "roe_4q": 22.25,
            "gross_profit": 404602,
            "gross_margin": 8.76,
            "gross_margin_4q_avg": 19.41,
            "net_income": 231545,
            "net_income_4q": null,
            "revenue": 4618502,
            "revenue_4q": null,
            "common_shares": 3211463,
            "book_valuer_per_share": 35.36,
            "book_valuer_per_share_4q_avg": 33.79,
            "equity": 12071075,
            "current_ratio": 146.01,
            "debt_ratio": 55.39,
            "inventory_turnover_ratio": 0.66,
            "account_receivable_turnover_ratio": 0.96,
            "reinvestment_rate": 2.53,
            "research_to_sale_ratio": null,
            "price_fair": 235.2,
            "eps_avg_yearly": 6.72,
            "eps_latest_yearly": 2.92,
            "eps_growth_yearly": 205.58
        },
        "20222": {
            "year_quarter": 20222,
            "year": 2022,
            "quarter": 2,
            "eps": 0.43,
            "eps_growth_year": -85.86,
            "eps_4q": 4.75,
            "eps_4q_growth_year": -33.89,
            "roe": 1.33,
            "roe_4q": 14.020000000000001,
            "gross_profit": 499523,
            "gross_margin": 12.12,
            "gross_margin_4q_avg": 16.39,
            "net_income": 147948,
            "net_income_4q": null,
            "revenue": 4120146,
            "revenue_4q": null,
            "common_shares": 3211463,
            "book_valuer_per_share": 29.58,
            "book_valuer_per_share_4q_avg": 32.82,
            "equity": 10197127,
            "current_ratio": 132.34,
            "debt_ratio": 61.19,
            "inventory_turnover_ratio": 0.56,
            "account_receivable_turnover_ratio": 0.83,
            "reinvestment_rate": 8.43,
            "research_to_sale_ratio": null,
            "price_fair": 213.33,
            "eps_avg_yearly": 6.1,
            "eps_latest_yearly": 1.72,
            "eps_growth_yearly": 159.33
        },
        "20223": {
            "year_quarter": 20223,
            "year": 2022,
            "quarter": 3,
            "eps": -0.48,
            "eps_growth_year": -126.52,
            "eps_4q": 2.46,
            "eps_4q_growth_year": -65.61,
            "roe": -1.55,
            "roe_4q": 7.07,
            "gross_profit": 141605,
            "gross_margin": 3.32,
            "gross_margin_4q_avg": 10.54,
            "net_income": -152377,
            "net_income_4q": null,
            "revenue": 4264391,
            "revenue_4q": null,
            "common_shares": 3211463,
            "book_valuer_per_share": 27.36,
            "book_valuer_per_share_4q_avg": 31.55,
            "equity": 9485322,
            "current_ratio": 134.38,
            "debt_ratio": 61.22,
            "inventory_turnover_ratio": 0.65,
            "account_receivable_turnover_ratio": 0.92,
            "reinvestment_rate": 21.21,
            "research_to_sale_ratio": null,
            "price_fair": 213.33,
            "eps_avg_yearly": 6.1,
            "eps_latest_yearly": 1.72,
            "eps_growth_yearly": 159.33
        },
        "20224": {
            "year_quarter": 20224,
            "year": 2022,
            "quarter": 4,
            "eps": 0.56,
            "eps_growth_year": -68.93,
            "eps_4q": 1.23,
            "eps_4q_growth_year": -85.53,
            "roe": 1.95,
            "roe_4q": 3.69,
            "gross_profit": 143174,
            "gross_margin": 3.45,
            "gross_margin_4q_avg": 6.91,
            "net_income": 190452,
            "net_income_4q": null,
            "revenue": 4152493,
            "revenue_4q": null,
            "common_shares": 3211463,
            "book_valuer_per_share": 29.15,
            "book_valuer_per_share_4q_avg": 30.36,
            "equity": 10075360,
            "current_ratio": 135.08,
            "debt_ratio": 58.77,
            "inventory_turnover_ratio": 0.71,
            "account_receivable_turnover_ratio": 0.89,
            "reinvestment_rate": 21.9,
            "research_to_sale_ratio": null,
            "price_fair": 213.33,
            "eps_avg_yearly": 6.1,
            "eps_latest_yearly": 1.72,
            "eps_growth_yearly": 159.33
        },
        "20231": {
            "year_quarter": 20231,
            "year": 2023,
            "quarter": 1,
            "eps": 1.38,
            "eps_growth_year": 89.04,
            "eps_4q": 1.87,
            "eps_4q_growth_year": -74.27,
            "roe": 4.42,
            "roe_4q": 6.15,
            "gross_profit": 533783,
            "gross_margin": 14.69,
            "gross_margin_4q_avg": 8.4,
            "net_income": 458980,
            "net_income_4q": null,
            "revenue": 3633765,
            "revenue_4q": null,
            "common_shares": 3211463,
            "book_valuer_per_share": 30.99,
            "book_valuer_per_share_4q_avg": 29.27,
            "equity": 10683098,
            "current_ratio": 142.17,
            "debt_ratio": 57.8,
            "inventory_turnover_ratio": 0.56,
            "account_receivable_turnover_ratio": 0.83,
            "reinvestment_rate": 19.36,
            "research_to_sale_ratio": null,
            "price_fair": 211.09,
            "eps_avg_yearly": 6.03,
            "eps_latest_yearly": 5.52,
            "eps_growth_yearly": 206.71
        },
        "20232": {
            "year_quarter": 20232,
            "year": 2023,
            "quarter": 2,
            "eps": 1.36,
            "eps_growth_year": 216.28,
            "eps_4q": 2.81,
            "eps_4q_growth_year": -40.84,
            "roe": 4.29,
            "roe_4q": 9.11,
            "gross_profit": 218678,
            "gross_margin": 5.65,
            "gross_margin_4q_avg": 6.78,
            "net_income": 459846,
            "net_income_4q": null,
            "revenue": 3868377,
            "revenue_4q": null,
            "common_shares": 3211463,
            "book_valuer_per_share": 31.43,
            "book_valuer_per_share_4q_avg": 29.73,
            "equity": 10778066,
            "current_ratio": 136.81,
            "debt_ratio": 59.46,
            "inventory_turnover_ratio": 0.62,
            "account_receivable_turnover_ratio": 0.93,
            "reinvestment_rate": 19.27,
            "research_to_sale_ratio": null,
            "price_fair": 209.02,
            "eps_avg_yearly": 5.97,
            "eps_latest_yearly": 5.44,
            "eps_growth_yearly": 185.46
        }
    },
    "months": {
        "2001-06": {
            "month": "2001-06",
            "price": "6.88",
            "revenue": 175288
        },
        "2001-07": {
            "month": "2001-07",
            "price": "5.70",
            "revenue": 210745
        },
        "2001-08": {
            "month": "2001-08",
            "price": "5.25",
            "revenue": 241884
        },
        "2001-09": {
            "month": "2001-09",
            "price": "4.95",
            "revenue": 213986
        },
        "2001-10": {
            "month": "2001-10",
            "price": "5.26",
            "revenue": 276230
        },
        "2001-11": {
            "month": "2001-11",
            "price": "5.38",
            "revenue": 274046
        },
        "2001-12": {
            "month": "2001-12",
            "price": "5.98",
            "revenue": 213960
        },
        "2002-01": {
            "month": "2002-01",
            "price": "6.35",
            "revenue": 288804
        },
        "2002-02": {
            "month": "2002-02",
            "price": "7.14",
            "revenue": 241361
        },
        "2002-03": {
            "month": "2002-03",
            "price": "11.50",
            "revenue": 370919
        },
        "2002-04": {
            "month": "2002-04",
            "price": "18.50",
            "revenue": 365339
        },
        "2002-05": {
            "month": "2002-05",
            "price": "20.66",
            "revenue": 371270
        },
        "2002-06": {
            "month": "2002-06",
            "price": "29.50",
            "revenue": 318415
        },
        "2002-07": {
            "month": "2002-07",
            "price": "29.98",
            "revenue": 321868
        },
        "2002-08": {
            "month": "2002-08",
            "price": "28.98",
            "revenue": 432516
        },
        "2002-09": {
            "month": "2002-09",
            "price": "26.02",
            "revenue": 306091
        },
        "2002-10": {
            "month": "2002-10",
            "price": "24.65",
            "revenue": 373434
        },
        "2002-11": {
            "month": "2002-11",
            "price": "28.20",
            "revenue": 333296
        },
        "2002-12": {
            "month": "2002-12",
            "price": "27.64",
            "revenue": 358490
        },
        "2003-01": {
            "month": "2003-01",
            "price": "34.08",
            "revenue": 384944
        },
        "2003-02": {
            "month": "2003-02",
            "price": "32.72",
            "revenue": 432208
        },
        "2003-03": {
            "month": "2003-03",
            "price": "28.50",
            "revenue": 453004
        },
        "2003-04": {
            "month": "2003-04",
            "price": "28.22",
            "revenue": 414048
        },
        "2003-05": {
            "month": "2003-05",
            "price": "26.85",
            "revenue": 371628
        },
        "2003-06": {
            "month": "2003-06",
            "price": "29.26",
            "revenue": 424403
        },
        "2003-07": {
            "month": "2003-07",
            "price": "34.58",
            "revenue": 429897
        },
        "2003-08": {
            "month": "2003-08",
            "price": "33.74",
            "revenue": 402922
        },
        "2003-09": {
            "month": "2003-09",
            "price": "31.10",
            "revenue": 416774
        },
        "2003-10": {
            "month": "2003-10",
            "price": "33.10",
            "revenue": 455794
        },
        "2003-11": {
            "month": "2003-11",
            "price": "32.64",
            "revenue": 443141
        },
        "2003-12": {
            "month": "2003-12",
            "price": "33.83",
            "revenue": 585603
        },
        "2004-01": {
            "month": "2004-01",
            "price": "40.01",
            "revenue": 483009
        },
        "2004-02": {
            "month": "2004-02",
            "price": "41.40",
            "revenue": 688180
        },
        "2004-03": {
            "month": "2004-03",
            "price": "56.73",
            "revenue": 703465
        },
        "2004-04": {
            "month": "2004-04",
            "price": "56.99",
            "revenue": 717058
        },
        "2004-05": {
            "month": "2004-05",
            "price": "51.91",
            "revenue": 673291
        },
        "2004-06": {
            "month": "2004-06",
            "price": "47.39",
            "revenue": 741273
        },
        "2004-07": {
            "month": "2004-07",
            "price": "47.80",
            "revenue": 893421
        },
        "2004-08": {
            "month": "2004-08",
            "price": "47.73",
            "revenue": 907224
        },
        "2004-09": {
            "month": "2004-09",
            "price": "57.12",
            "revenue": 888676
        },
        "2004-10": {
            "month": "2004-10",
            "price": "54.44",
            "revenue": 914838
        },
        "2004-11": {
            "month": "2004-11",
            "price": "49.62",
            "revenue": 793504
        },
        "2004-12": {
            "month": "2004-12",
            "price": "50.29",
            "revenue": 501016
        },
        "2005-01": {
            "month": "2005-01",
            "price": "48.32",
            "revenue": 621414
        },
        "2005-02": {
            "month": "2005-02",
            "price": "48.18",
            "revenue": 530511
        },
        "2005-03": {
            "month": "2005-03",
            "price": "44.87",
            "revenue": 828450
        },
        "2005-04": {
            "month": "2005-04",
            "price": "38.11",
            "revenue": 656739
        },
        "2005-05": {
            "month": "2005-05",
            "price": "32.97",
            "revenue": 604311
        },
        "2005-06": {
            "month": "2005-06",
            "price": "33.81",
            "revenue": 607934
        },
        "2005-07": {
            "month": "2005-07",
            "price": "26.77",
            "revenue": 502905
        },
        "2005-08": {
            "month": "2005-08",
            "price": "26.36",
            "revenue": 544618
        },
        "2005-09": {
            "month": "2005-09",
            "price": "22.03",
            "revenue": 638005
        },
        "2005-10": {
            "month": "2005-10",
            "price": "16.93",
            "revenue": 585329
        },
        "2005-11": {
            "month": "2005-11",
            "price": "14.36",
            "revenue": 503910
        },
        "2005-12": {
            "month": "2005-12",
            "price": "14.51",
            "revenue": 479137
        },
        "2006-01": {
            "month": "2006-01",
            "price": "14.68",
            "revenue": 406811
        },
        "2006-02": {
            "month": "2006-02",
            "price": "17.31",
            "revenue": 516036
        },
        "2006-03": {
            "month": "2006-03",
            "price": "17.16",
            "revenue": 881725
        },
        "2006-04": {
            "month": "2006-04",
            "price": "24.94",
            "revenue": 805417
        },
        "2006-05": {
            "month": "2006-05",
            "price": "24.47",
            "revenue": 749274
        },
        "2006-06": {
            "month": "2006-06",
            "price": "20.48",
            "revenue": 734261
        },
        "2006-07": {
            "month": "2006-07",
            "price": "20.55",
            "revenue": 561711
        },
        "2006-08": {
            "month": "2006-08",
            "price": "18.48",
            "revenue": 602260
        },
        "2006-09": {
            "month": "2006-09",
            "price": "18.05",
            "revenue": 549959
        },
        "2006-10": {
            "month": "2006-10",
            "price": "20.93",
            "revenue": 538521
        },
        "2006-11": {
            "month": "2006-11",
            "price": "20.88",
            "revenue": 541434
        },
        "2006-12": {
            "month": "2006-12",
            "price": "21.35",
            "revenue": 596165
        },
        "2007-01": {
            "month": "2007-01",
            "price": "22.02",
            "revenue": 728939
        },
        "2007-02": {
            "month": "2007-02",
            "price": "23.34",
            "revenue": 537304
        },
        "2007-03": {
            "month": "2007-03",
            "price": "24.33",
            "revenue": 827462
        },
        "2007-04": {
            "month": "2007-04",
            "price": "28.36",
            "revenue": 703345
        },
        "2007-05": {
            "month": "2007-05",
            "price": "26.97",
            "revenue": 713998
        },
        "2007-06": {
            "month": "2007-06",
            "price": "25.85",
            "revenue": 600425
        },
        "2007-07": {
            "month": "2007-07",
            "price": "27.50",
            "revenue": 571811
        },
        "2007-08": {
            "month": "2007-08",
            "price": "23.67",
            "revenue": 689286
        },
        "2007-09": {
            "month": "2007-09",
            "price": "26.88",
            "revenue": 882050
        },
        "2007-10": {
            "month": "2007-10",
            "price": "31.08",
            "revenue": 904576
        },
        "2007-11": {
            "month": "2007-11",
            "price": "32.65",
            "revenue": 827724
        },
        "2007-12": {
            "month": "2007-12",
            "price": "31.96",
            "revenue": 827139
        },
        "2008-01": {
            "month": "2008-01",
            "price": "31.20",
            "revenue": 805862
        },
        "2008-02": {
            "month": "2008-02",
            "price": "34.09",
            "revenue": 1012195
        },
        "2008-03": {
            "month": "2008-03",
            "price": "41.46",
            "revenue": 1289103
        },
        "2008-04": {
            "month": "2008-04",
            "price": "48.85",
            "revenue": 1006554
        },
        "2008-05": {
            "month": "2008-05",
            "price": "52.49",
            "revenue": 1184829
        },
        "2008-06": {
            "month": "2008-06",
            "price": "42.75",
            "revenue": 1099961
        },
        "2008-07": {
            "month": "2008-07",
            "price": "36.76",
            "revenue": 756163
        },
        "2008-08": {
            "month": "2008-08",
            "price": "29.54",
            "revenue": 690876
        },
        "2008-09": {
            "month": "2008-09",
            "price": "22.24",
            "revenue": 611470
        },
        "2008-10": {
            "month": "2008-10",
            "price": "14.78",
            "revenue": 503059
        },
        "2008-11": {
            "month": "2008-11",
            "price": "13.68",
            "revenue": 275708
        },
        "2008-12": {
            "month": "2008-12",
            "price": "13.49",
            "revenue": 292677
        },
        "2009-01": {
            "month": "2009-01",
            "price": "14.38",
            "revenue": 286209
        },
        "2009-02": {
            "month": "2009-02",
            "price": "13.89",
            "revenue": 370817
        },
        "2009-03": {
            "month": "2009-03",
            "price": "14.51",
            "revenue": 324155
        },
        "2009-04": {
            "month": "2009-04",
            "price": "19.06",
            "revenue": 313581
        },
        "2009-05": {
            "month": "2009-05",
            "price": "20.19",
            "revenue": 354866
        },
        "2009-06": {
            "month": "2009-06",
            "price": "24.18",
            "revenue": 526100
        },
        "2009-07": {
            "month": "2009-07",
            "price": "25.47",
            "revenue": 500734
        },
        "2009-08": {
            "month": "2009-08",
            "price": "28.78",
            "revenue": 495509
        },
        "2009-09": {
            "month": "2009-09",
            "price": "25.83",
            "revenue": 677535
        },
        "2009-10": {
            "month": "2009-10",
            "price": "27.38",
            "revenue": 464430
        },
        "2009-11": {
            "month": "2009-11",
            "price": "27.72",
            "revenue": 483971
        },
        "2009-12": {
            "month": "2009-12",
            "price": "30.07",
            "revenue": 738794
        },
        "2010-01": {
            "month": "2010-01",
            "price": "34.64",
            "revenue": 715850
        },
        "2010-02": {
            "month": "2010-02",
            "price": "31.21",
            "revenue": 433836
        },
        "2010-03": {
            "month": "2010-03",
            "price": "34.10",
            "revenue": 851415
        },
        "2010-04": {
            "month": "2010-04",
            "price": "34.77",
            "revenue": 986309
        },
        "2010-05": {
            "month": "2010-05",
            "price": "28.86",
            "revenue": 656778
        },
        "2010-06": {
            "month": "2010-06",
            "price": "24.92",
            "revenue": 616997
        },
        "2010-07": {
            "month": "2010-07",
            "price": "25.67",
            "revenue": 781321
        },
        "2010-08": {
            "month": "2010-08",
            "price": "28.45",
            "revenue": 882855
        },
        "2010-09": {
            "month": "2010-09",
            "price": "30.16",
            "revenue": 619986
        },
        "2010-10": {
            "month": "2010-10",
            "price": "29.63",
            "revenue": 874915
        },
        "2010-11": {
            "month": "2010-11",
            "price": "29.05",
            "revenue": 618643
        },
        "2010-12": {
            "month": "2010-12",
            "price": "30.83",
            "revenue": 869144
        },
        "2011-01": {
            "month": "2011-01",
            "price": "34.42",
            "revenue": 638475
        },
        "2011-02": {
            "month": "2011-02",
            "price": "35.50",
            "revenue": 602463
        },
        "2011-03": {
            "month": "2011-03",
            "price": "31.85",
            "revenue": 803024
        },
        "2011-04": {
            "month": "2011-04",
            "price": "32.03",
            "revenue": 513648
        },
        "2011-05": {
            "month": "2011-05",
            "price": "30.15",
            "revenue": 665487
        },
        "2011-06": {
            "month": "2011-06",
            "price": "30.15",
            "revenue": 575403
        },
        "2011-07": {
            "month": "2011-07",
            "price": "29.79",
            "revenue": 678933
        },
        "2011-08": {
            "month": "2011-08",
            "price": "25.98",
            "revenue": 725804
        },
        "2011-09": {
            "month": "2011-09",
            "price": "25.47",
            "revenue": 662702
        },
        "2011-10": {
            "month": "2011-10",
            "price": "21.67",
            "revenue": 457736
        },
        "2011-11": {
            "month": "2011-11",
            "price": "19.16",
            "revenue": 414511
        },
        "2011-12": {
            "month": "2011-12",
            "price": "17.05",
            "revenue": 535168
        },
        "2012-01": {
            "month": "2012-01",
            "price": "18.52",
            "revenue": 440430
        },
        "2012-02": {
            "month": "2012-02",
            "price": "23.41",
            "revenue": 598550
        },
        "2012-03": {
            "month": "2012-03",
            "price": "23.33",
            "revenue": 724778
        },
        "2012-04": {
            "month": "2012-04",
            "price": "20.44",
            "revenue": 673106
        },
        "2012-05": {
            "month": "2012-05",
            "price": "20.25",
            "revenue": 554378
        },
        "2012-06": {
            "month": "2012-06",
            "price": "20.04",
            "revenue": 685501
        },
        "2012-07": {
            "month": "2012-07",
            "price": "18.79",
            "revenue": 623109
        },
        "2012-08": {
            "month": "2012-08",
            "price": "18.31",
            "revenue": 529383
        },
        "2012-09": {
            "month": "2012-09",
            "price": "18.36",
            "revenue": 619538
        },
        "2012-10": {
            "month": "2012-10",
            "price": "17.73",
            "revenue": 449782
        },
        "2012-11": {
            "month": "2012-11",
            "price": "17.29",
            "revenue": 725180
        },
        "2012-12": {
            "month": "2012-12",
            "price": "19.70",
            "revenue": 703186
        },
        "2013-01": {
            "month": "2013-01",
            "price": "21.88",
            "revenue": 919607
        },
        "2013-02": {
            "month": "2013-02",
            "price": "21.75",
            "revenue": 483833
        },
        "2013-03": {
            "month": "2013-03",
            "price": "20.00",
            "revenue": 1031098
        },
        "2013-04": {
            "month": "2013-04",
            "price": "18.70",
            "revenue": 517753
        },
        "2013-05": {
            "month": "2013-05",
            "price": "18.92",
            "revenue": 712744
        },
        "2013-06": {
            "month": "2013-06",
            "price": "18.53",
            "revenue": 779745
        },
        "2013-07": {
            "month": "2013-07",
            "price": "17.81",
            "revenue": 686822
        },
        "2013-08": {
            "month": "2013-08",
            "price": "18.55",
            "revenue": 737914
        },
        "2013-09": {
            "month": "2013-09",
            "price": "19.40",
            "revenue": 574946
        },
        "2013-10": {
            "month": "2013-10",
            "price": "18.88",
            "revenue": 778790
        },
        "2013-11": {
            "month": "2013-11",
            "price": "18.24",
            "revenue": 705499
        },
        "2013-12": {
            "month": "2013-12",
            "price": "19.01",
            "revenue": 829051
        },
        "2014-01": {
            "month": "2014-01",
            "price": "19.54",
            "revenue": 645977
        },
        "2014-02": {
            "month": "2014-02",
            "price": "18.91",
            "revenue": 559100
        },
        "2014-03": {
            "month": "2014-03",
            "price": "19.08",
            "revenue": 977046
        },
        "2014-04": {
            "month": "2014-04",
            "price": "19.67",
            "revenue": 817621
        },
        "2014-05": {
            "month": "2014-05",
            "price": "19.29",
            "revenue": 877875
        },
        "2014-06": {
            "month": "2014-06",
            "price": "19.02",
            "revenue": 840197
        },
        "2014-07": {
            "month": "2014-07",
            "price": "19.05",
            "revenue": 790566
        },
        "2014-08": {
            "month": "2014-08",
            "price": "18.56",
            "revenue": 758339
        },
        "2014-09": {
            "month": "2014-09",
            "price": "18.49",
            "revenue": 717781
        },
        "2014-10": {
            "month": "2014-10",
            "price": "17.40",
            "revenue": 695244
        },
        "2014-11": {
            "month": "2014-11",
            "price": "17.11",
            "revenue": 653551
        },
        "2014-12": {
            "month": "2014-12",
            "price": "17.67",
            "revenue": 528569
        },
        "2015-01": {
            "month": "2015-01",
            "price": "17.73",
            "revenue": 757475
        },
        "2015-02": {
            "month": "2015-02",
            "price": "17.62",
            "revenue": 419730
        },
        "2015-03": {
            "month": "2015-03",
            "price": "17.43",
            "revenue": 657292
        },
        "2015-04": {
            "month": "2015-04",
            "price": "17.62",
            "revenue": 687301
        },
        "2015-05": {
            "month": "2015-05",
            "price": "18.20",
            "revenue": 598848
        },
        "2015-06": {
            "month": "2015-06",
            "price": "17.14",
            "revenue": 611447
        },
        "2015-07": {
            "month": "2015-07",
            "price": "15.76",
            "revenue": 610716
        },
        "2015-08": {
            "month": "2015-08",
            "price": "12.96",
            "revenue": 382704
        },
        "2015-09": {
            "month": "2015-09",
            "price": "13.06",
            "revenue": 465549
        },
        "2015-10": {
            "month": "2015-10",
            "price": "14.16",
            "revenue": 469736
        },
        "2015-11": {
            "month": "2015-11",
            "price": "13.32",
            "revenue": 524347
        },
        "2015-12": {
            "month": "2015-12",
            "price": "12.34",
            "revenue": 460119
        },
        "2016-01": {
            "month": "2016-01",
            "price": "12.13",
            "revenue": 457393
        },
        "2016-02": {
            "month": "2016-02",
            "price": "13.62",
            "revenue": 353644
        },
        "2016-03": {
            "month": "2016-03",
            "price": "14.71",
            "revenue": 615706
        },
        "2016-04": {
            "month": "2016-04",
            "price": "15.19",
            "revenue": 549347
        },
        "2016-05": {
            "month": "2016-05",
            "price": "14.77",
            "revenue": 545862
        },
        "2016-06": {
            "month": "2016-06",
            "price": "15.01",
            "revenue": 482454
        },
        "2016-07": {
            "month": "2016-07",
            "price": "15.85",
            "revenue": 494070
        },
        "2016-08": {
            "month": "2016-08",
            "price": "16.98",
            "revenue": 524694
        },
        "2016-09": {
            "month": "2016-09",
            "price": "17.36",
            "revenue": 506530
        },
        "2016-10": {
            "month": "2016-10",
            "price": "17.38",
            "revenue": 611012
        },
        "2016-11": {
            "month": "2016-11",
            "price": "20.46",
            "revenue": 709854
        },
        "2016-12": {
            "month": "2016-12",
            "price": "22.43",
            "revenue": 719811
        },
        "2017-01": {
            "month": "2017-01",
            "price": "22.02",
            "revenue": 663811
        },
        "2017-02": {
            "month": "2017-02",
            "price": "23.51",
            "revenue": 682114
        },
        "2017-03": {
            "month": "2017-03",
            "price": "23.37",
            "revenue": 876400
        },
        "2017-04": {
            "month": "2017-04",
            "price": "22.80",
            "revenue": 594617
        },
        "2017-05": {
            "month": "2017-05",
            "price": "22.95",
            "revenue": 754510
        },
        "2017-06": {
            "month": "2017-06",
            "price": "24.39",
            "revenue": 941095
        },
        "2017-07": {
            "month": "2017-07",
            "price": "28.45",
            "revenue": 920354
        },
        "2017-08": {
            "month": "2017-08",
            "price": "31.65",
            "revenue": 925926
        },
        "2017-09": {
            "month": "2017-09",
            "price": "29.45",
            "revenue": 840472
        },
        "2017-10": {
            "month": "2017-10",
            "price": "29.78",
            "revenue": 482057
        },
        "2017-11": {
            "month": "2017-11",
            "price": "28.41",
            "revenue": 712962
        },
        "2017-12": {
            "month": "2017-12",
            "price": "26.90",
            "revenue": 706170
        },
        "2018-01": {
            "month": "2018-01",
            "price": "29.27",
            "revenue": 703222
        },
        "2018-02": {
            "month": "2018-02",
            "price": "30.54",
            "revenue": 443538
        },
        "2018-03": {
            "month": "2018-03",
            "price": "31.02",
            "revenue": 1214255
        },
        "2018-04": {
            "month": "2018-04",
            "price": "44.67",
            "revenue": 706009
        },
        "2018-05": {
            "month": "2018-05",
            "price": "40.74",
            "revenue": 796903
        },
        "2018-06": {
            "month": "2018-06",
            "price": "40.63",
            "revenue": 685460
        },
        "2018-07": {
            "month": "2018-07",
            "price": "37.84",
            "revenue": 809001
        },
        "2018-08": {
            "month": "2018-08",
            "price": "36.56",
            "revenue": 803203
        },
        "2018-09": {
            "month": "2018-09",
            "price": "38.62",
            "revenue": 762772
        },
        "2018-10": {
            "month": "2018-10",
            "price": "36.79",
            "revenue": 738232
        },
        "2018-11": {
            "month": "2018-11",
            "price": "33.20",
            "revenue": 665211
        },
        "2018-12": {
            "month": "2018-12",
            "price": "31.55",
            "revenue": 506000
        },
        "2019-01": {
            "month": "2019-01",
            "price": "31.08",
            "revenue": 651691
        },
        "2019-02": {
            "month": "2019-02",
            "price": "32.02",
            "revenue": 644497
        },
        "2019-03": {
            "month": "2019-03",
            "price": "33.03",
            "revenue": 692765
        },
        "2019-04": {
            "month": "2019-04",
            "price": "31.20",
            "revenue": 634968
        },
        "2019-05": {
            "month": "2019-05",
            "price": "30.56",
            "revenue": 718047
        },
        "2019-06": {
            "month": "2019-06",
            "price": "31.13",
            "revenue": 623817
        },
        "2019-07": {
            "month": "2019-07",
            "price": "31.25",
            "revenue": 761800
        },
        "2019-08": {
            "month": "2019-08",
            "price": "27.70",
            "revenue": 729698
        },
        "2019-09": {
            "month": "2019-09",
            "price": "28.43",
            "revenue": 676434
        },
        "2019-10": {
            "month": "2019-10",
            "price": "28.58",
            "revenue": 834461
        },
        "2019-11": {
            "month": "2019-11",
            "price": "28.10",
            "revenue": 623098
        },
        "2019-12": {
            "month": "2019-12",
            "price": "29.69",
            "revenue": 888980
        },
        "2020-01": {
            "month": "2020-01",
            "price": "31.72",
            "revenue": 666556
        },
        "2020-02": {
            "month": "2020-02",
            "price": "29.83",
            "revenue": 716266
        },
        "2020-03": {
            "month": "2020-03",
            "price": "23.96",
            "revenue": 763992
        },
        "2020-04": {
            "month": "2020-04",
            "price": "22.55",
            "revenue": 732784
        },
        "2020-05": {
            "month": "2020-05",
            "price": "24.29",
            "revenue": 682896
        },
        "2020-06": {
            "month": "2020-06",
            "price": "25.54",
            "revenue": 774760
        },
        "2020-07": {
            "month": "2020-07",
            "price": "25.37",
            "revenue": 1010454
        },
        "2020-08": {
            "month": "2020-08",
            "price": "28.50",
            "revenue": 953174
        },
        "2020-09": {
            "month": "2020-09",
            "price": "31.76",
            "revenue": 857680
        },
        "2020-10": {
            "month": "2020-10",
            "price": "31.82",
            "revenue": 789674
        },
        "2020-11": {
            "month": "2020-11",
            "price": "33.53",
            "revenue": 842678
        },
        "2020-12": {
            "month": "2020-12",
            "price": "38.90",
            "revenue": 1061397
        },
        "2021-01": {
            "month": "2021-01",
            "price": "36.57",
            "revenue": 1267366
        },
        "2021-02": {
            "month": "2021-02",
            "price": "37.14",
            "revenue": 875359
        },
        "2021-03": {
            "month": "2021-03",
            "price": "39.46",
            "revenue": 1091697
        },
        "2021-04": {
            "month": "2021-04",
            "price": "54.51",
            "revenue": 1187740
        },
        "2021-05": {
            "month": "2021-05",
            "price": "64.19",
            "revenue": 1372935
        },
        "2021-06": {
            "month": "2021-06",
            "price": "67.41",
            "revenue": 1309641
        },
        "2021-07": {
            "month": "2021-07",
            "price": "77.75",
            "revenue": 1311866
        },
        "2021-08": {
            "month": "2021-08",
            "price": "70.36",
            "revenue": 1210203
        },
        "2021-09": {
            "month": "2021-09",
            "price": "64.55",
            "revenue": 1274385
        },
        "2021-10": {
            "month": "2021-10",
            "price": "57.36",
            "revenue": 1104580
        },
        "2021-11": {
            "month": "2021-11",
            "price": "57.89",
            "revenue": 1042099
        },
        "2021-12": {
            "month": "2021-12",
            "price": "58.27",
            "revenue": 1055080
        },
        "2022-01": {
            "month": "2022-01",
            "price": "54.94",
            "revenue": 1278804
        },
        "2022-02": {
            "month": "2022-02",
            "price": "58.48",
            "revenue": 1270565
        },
        "2022-03": {
            "month": "2022-03",
            "price": "64.08",
            "revenue": 2069133
        },
        "2022-04": {
            "month": "2022-04",
            "price": "69.46",
            "revenue": 1542909
        },
        "2022-05": {
            "month": "2022-05",
            "price": "52.60",
            "revenue": 1241539
        },
        "2022-06": {
            "month": "2022-06",
            "price": "45.17",
            "revenue": 1335698
        },
        "2022-07": {
            "month": "2022-07",
            "price": "35.44",
            "revenue": 1106608
        },
        "2022-08": {
            "month": "2022-08",
            "price": "37.65",
            "revenue": 1832460
        },
        "2022-09": {
            "month": "2022-09",
            "price": "36.97",
            "revenue": 1325323
        },
        "2022-10": {
            "month": "2022-10",
            "price": "34.83",
            "revenue": 1490179
        },
        "2022-11": {
            "month": "2022-11",
            "price": "36.26",
            "revenue": 1387190
        },
        "2022-12": {
            "month": "2022-12",
            "price": "41.04",
            "revenue": 1275125
        },
        "2023-01": {
            "month": "2023-01",
            "price": "44.50",
            "revenue": 816066
        },
        "2023-02": {
            "month": "2023-02",
            "price": "45.80",
            "revenue": 1179500
        },
        "2023-03": {
            "month": "2023-03",
            "price": "46.12",
            "revenue": 1638200
        },
        "2023-04": {
            "month": "2023-04",
            "price": "47.54",
            "revenue": 1350916
        },
        "2023-05": {
            "month": "2023-05",
            "price": "47.28",
            "revenue": 1260934
        },
        "2023-06": {
            "month": "2023-06",
            "price": "47.41",
            "revenue": 1256646
        },
        "2023-07": {
            "month": "2023-07",
            "price": "45.39",
            "revenue": 1448602
        },
        "2023-08": {
            "month": "2023-08",
            "price": "48.07",
            "revenue": 1533901
        },
        "2023-09": {
            "month": "2023-09",
            "price": "48.56",
            "revenue": 1461510
        }
    }
}
