{
    "summary": {
        "stock_name": "新鋼",
        "stock_id": "2032",
        "category": "鋼鐵",
        "main_business": "不銹鋼板、捲裁切<br>不銹鋼板表面處理",
        "website_url": "http://www.sinkang.com.tw",
        "ceo": "成主賜",
        "pe_ratio": -105,
        "report_year_from": 2001,
        "report_year_to": 2023,
        "age": 22,
        "eps_negative_percentage": 13,
        "eps_growth_avg": {
            "last_all": 10.34,
            "last_2y": 26.47,
            "last_4y": 39.52,
            "last_8y": 23.33,
            "last_12y": 22.78,
            "last_16y": 7.27,
            "last_20y": 10.34,
            "at_2006_last_3y": -4.16,
            "at_2007_last_3y": -45.92,
            "at_2008_last_3y": -95.72,
            "at_2009_last_3y": -93.59,
            "at_2010_last_3y": -29.06,
            "at_2011_last_3y": -29.6,
            "at_2012_last_3y": -4.6,
            "at_2013_last_3y": 21.55,
            "at_2014_last_3y": 4.13,
            "at_2015_last_3y": 17.02,
            "at_2016_last_3y": 48.27,
            "at_2017_last_3y": 3.1,
            "at_2018_last_3y": 0.07,
            "at_2019_last_3y": 34.37,
            "at_2020_last_3y": 23.56,
            "at_2021_last_3y": 68.73,
            "at_2022_last_3y": 44.85,
            "at_2023_last_3y": 44.85,
            "at_2006_last_all": 21.88,
            "at_2007_last_all": 0.07,
            "at_2008_last_all": -16.61,
            "at_2009_last_all": -16.61,
            "at_2010_last_all": 0.05,
            "at_2011_last_all": -11.05,
            "at_2012_last_all": -12.6,
            "at_2013_last_all": -1.34,
            "at_2014_last_all": 1.53,
            "at_2015_last_all": -1.7,
            "at_2016_last_all": 6.13,
            "at_2017_last_all": -0.07,
            "at_2018_last_all": 1.14,
            "at_2019_last_all": 7.32,
            "at_2020_last_all": 10.23,
            "at_2021_last_all": 15.22,
            "at_2022_last_all": 10.34,
            "at_2023_last_all": 10.34
        },
        "latest_eps": -0.17,
        "latest_price": 17.9,
        "latest_roe": -1.34,
        "latest_gross_margin": 0.18,
        "latest_equity": 1670391,
        "latest_revenue": 737416,
        "latest_gross_profit": 1327,
        "latest_net_income": -7672,
        "latest_debt_ratio": 16.73,
        "latest_current_ratio": 674.78,
        "latest_account_receivable_turnover_ratio": 1.16,
        "latest_inventory_turnover_ratio": 2.24,
        "latest_reinvestment_rate": -0.95,
        "latest_research_to_sale_ratio": null
    },
    "eps_dividends": {
        "1993": {
            "cash": 0,
            "stock": 1,
            "eps": 0
        },
        "1994": {
            "cash": 1,
            "stock": 1,
            "eps": 0
        },
        "1995": {
            "cash": 1,
            "stock": 1,
            "eps": 0
        },
        "1996": {
            "cash": 2,
            "stock": 1,
            "eps": 0
        },
        "1997": {
            "cash": 0,
            "stock": 0,
            "eps": 0
        },
        "2000": {
            "cash": 1,
            "stock": 1,
            "eps": 0
        },
        "2001": {
            "cash": 1,
            "stock": 0,
            "eps": 0.56
        },
        "2002": {
            "cash": 1,
            "stock": 0,
            "eps": 1.26
        },
        "2003": {
            "cash": 1,
            "stock": 0,
            "eps": 1.74
        },
        "2004": {
            "cash": 1,
            "stock": 1,
            "eps": 2.6
        },
        "2005": {
            "cash": 2,
            "stock": 1,
            "eps": -0.36
        },
        "2006": {
            "cash": 0,
            "stock": 0,
            "eps": 4.6
        },
        "2007": {
            "cash": 1,
            "stock": 3,
            "eps": 0.59
        },
        "2008": {
            "cash": 1,
            "stock": 0,
            "eps": -1.59
        },
        "2009": {
            "cash": 0,
            "stock": 0,
            "eps": 0.5
        },
        "2010": {
            "cash": 0,
            "stock": 0,
            "eps": 1.07
        },
        "2011": {
            "cash": 0,
            "stock": 0,
            "eps": 0.12
        },
        "2012": {
            "cash": 0,
            "stock": 0,
            "eps": 0.09
        },
        "2013": {
            "cash": 0,
            "stock": 0,
            "eps": 0.33
        },
        "2014": {
            "cash": 1,
            "stock": 0,
            "eps": 0.43
        },
        "2015": {
            "cash": 0,
            "stock": 0,
            "eps": 0.27
        },
        "2016": {
            "cash": 0,
            "stock": 0,
            "eps": 0.57
        },
        "2017": {
            "cash": 0,
            "stock": 0,
            "eps": 0.11
        },
        "2018": {
            "cash": 0,
            "stock": 0,
            "eps": 0.13
        },
        "2019": {
            "cash": 0,
            "stock": 0,
            "eps": 0.37
        },
        "2020": {
            "cash": 0,
            "stock": 0,
            "eps": 0.58
        },
        "2021": {
            "cash": 1,
            "stock": 0,
            "eps": 1.28
        },
        "2022": {
            "cash": 1,
            "stock": 0,
            "eps": 0.29
        },
        "2023": {
            "cash": 0,
            "stock": 0,
            "eps": -0.06
        }
    },
    "dividends": {
        "1993-06-04": {
            "cash": 0,
            "stock": 1.2
        },
        "1994-06-02": {
            "cash": 0.5,
            "stock": 0.5
        },
        "1995-06-08": {
            "cash": 1.25,
            "stock": 1.25
        },
        "1996-06-25": {
            "cash": 1.5,
            "stock": 0.5
        },
        "1997-06-25": {
            "cash": 0,
            "stock": 0.25
        },
        "2000-06-07": {
            "cash": 0.5,
            "stock": 1
        },
        "2001-06-20": {
            "cash": 0.7,
            "stock": 0.3
        },
        "2002-06-19": {
            "cash": 0.5,
            "stock": 0.3
        },
        "2003-03-26": {
            "cash": 1,
            "stock": 0.2
        },
        "2004-03-25": {
            "cash": 0.5,
            "stock": 1
        },
        "2005-03-24": {
            "cash": 1.5,
            "stock": 0.5
        },
        "2007-03-22": {
            "cash": 0.5,
            "stock": 2.5
        },
        "2008-04-25": {
            "cash": 0.5,
            "stock": 0
        },
        "2010-03-18": {
            "cash": 0.2,
            "stock": 0
        },
        "2011-01-01": {
            "cash": 0.1,
            "stock": 0.1
        },
        "2011-03-17": {
            "cash": 0.4,
            "stock": 0.2
        },
        "2014-06-23": {
            "cash": 0.75,
            "stock": 0
        },
        "2015-07-31": {
            "cash": 0.25,
            "stock": 0
        },
        "2016-07-22": {
            "cash": 0.2,
            "stock": 0
        },
        "2017-07-21": {
            "cash": 0.4,
            "stock": 0
        },
        "2018-08-03": {
            "cash": 0.1,
            "stock": 0
        },
        "2019-08-02": {
            "cash": 0.13,
            "stock": 0
        },
        "2020-08-06": {
            "cash": 0.35,
            "stock": 0
        },
        "2021-08-18": {
            "cash": 0.53,
            "stock": 0
        },
        "2022-07-22": {
            "cash": 1.18,
            "stock": 0
        },
        "2023-03-16": {
            "cash": 0.2,
            "stock": 0
        }
    },
    "prices": {
        "200101": "8.41",
        "200102": "9.54",
        "200103": "9.46",
        "200104": "9.27",
        "200105": "9.00",
        "200106": "8.83",
        "200107": "8.00",
        "200108": "7.40",
        "200109": "7.11",
        "200110": "7.00",
        "200111": "7.11",
        "200112": "7.60",
        "200201": "7.83",
        "200202": "7.87",
        "200203": "9.40",
        "200204": "10.97",
        "200205": "12.72",
        "200206": "18.27",
        "200207": "17.09",
        "200208": "17.15",
        "200209": "13.88",
        "200210": "13.10",
        "200211": "14.73",
        "200212": "14.92",
        "200301": "19.04",
        "200302": "23.07",
        "200303": "18.30",
        "200304": "20.69",
        "200305": "20.82",
        "200306": "23.34",
        "200307": "24.45",
        "200308": "25.25",
        "200309": "21.70",
        "200310": "21.28",
        "200311": "19.68",
        "200312": "20.44",
        "200401": "22.96",
        "200402": "25.79",
        "200403": "32.36",
        "200404": "28.41",
        "200405": "21.91",
        "200406": "22.54",
        "200407": "22.52",
        "200408": "21.46",
        "200409": "25.70",
        "200410": "24.94",
        "200411": "21.95",
        "200412": "22.39",
        "200501": "21.64",
        "200502": "21.52",
        "200503": "19.87",
        "200504": "18.20",
        "200505": "15.75",
        "200506": "16.96",
        "200507": "15.29",
        "200508": "14.44",
        "200509": "13.43",
        "200510": "10.61",
        "200511": "9.49",
        "200512": "9.87",
        "200601": "10.11",
        "200602": "14.89",
        "200603": "15.01",
        "200604": "17.72",
        "200605": "16.40",
        "200606": "14.27",
        "200607": "15.30",
        "200608": "17.24",
        "200609": "17.75",
        "200610": "26.54",
        "200611": "28.95",
        "200612": "29.04",
        "200701": "31.78",
        "200702": "35.97",
        "200703": "35.25",
        "200704": "39.34",
        "200705": "37.33",
        "200706": "36.14",
        "200707": "35.20",
        "200708": "29.48",
        "200709": "28.47",
        "200710": "27.65",
        "200711": "21.26",
        "200712": "17.39",
        "200801": "17.48",
        "200802": "19.10",
        "200803": "24.10",
        "200804": "23.55",
        "200805": "22.57",
        "200806": "17.47",
        "200807": "14.83",
        "200808": "14.20",
        "200809": "10.90",
        "200810": "7.73",
        "200811": "7.14",
        "200812": "7.12",
        "200901": "8.11",
        "200902": "7.86",
        "200903": "8.51",
        "200904": "11.64",
        "200905": "13.69",
        "200906": "15.21",
        "200907": "15.24",
        "200908": "15.38",
        "200909": "14.82",
        "200910": "15.28",
        "200911": "15.09",
        "200912": "16.98",
        "201001": "22.72",
        "201002": "21.22",
        "201003": "22.96",
        "201004": "23.84",
        "201005": "19.81",
        "201006": "17.08",
        "201007": "17.58",
        "201008": "18.93",
        "201009": "18.73",
        "201010": "18.40",
        "201011": "17.61",
        "201012": "18.11",
        "201101": "19.79",
        "201102": "20.65",
        "201103": "18.66",
        "201104": "18.15",
        "201105": "17.19",
        "201106": "16.21",
        "201107": "15.16",
        "201108": "14.57",
        "201109": "12.64",
        "201110": "11.11",
        "201111": "10.53",
        "201112": "9.64",
        "201201": "10.15",
        "201202": "12.89",
        "201203": "12.51",
        "201204": "10.31",
        "201205": "10.06",
        "201206": "9.98",
        "201207": "9.90",
        "201208": "9.87",
        "201209": "11.27",
        "201210": "10.93",
        "201211": "10.27",
        "201212": "11.22",
        "201301": "11.92",
        "201302": "11.53",
        "201303": "10.75",
        "201304": "10.36",
        "201305": "10.57",
        "201306": "10.40",
        "201307": "10.23",
        "201308": "10.47",
        "201309": "11.10",
        "201310": "10.69",
        "201311": "10.39",
        "201312": "10.81",
        "201401": "11.47",
        "201402": "11.11",
        "201403": "11.65",
        "201404": "12.38",
        "201405": "12.75",
        "201406": "12.49",
        "201407": "12.15",
        "201408": "12.63",
        "201409": "12.45",
        "201410": "11.33",
        "201411": "10.82",
        "201412": "10.95",
        "201501": "11.03",
        "201502": "10.91",
        "201503": "10.72",
        "201504": "10.75",
        "201505": "10.82",
        "201506": "10.20",
        "201507": "9.80",
        "201508": "8.84",
        "201509": "8.73",
        "201510": "9.07",
        "201511": "8.58",
        "201512": "8.23",
        "201601": "7.94",
        "201602": "8.98",
        "201603": "9.85",
        "201604": "10.44",
        "201605": "9.48",
        "201606": "9.24",
        "201607": "10.24",
        "201608": "10.24",
        "201609": "9.96",
        "201610": "9.94",
        "201611": "10.88",
        "201612": "10.74",
        "201701": "10.45",
        "201702": "11.05",
        "201703": "10.88",
        "201704": "10.36",
        "201705": "9.91",
        "201706": "9.87",
        "201707": "9.90",
        "201708": "10.12",
        "201709": "10.04",
        "201710": "9.85",
        "201711": "10.11",
        "201712": "9.98",
        "201801": "10.65",
        "201802": "10.46",
        "201803": "10.47",
        "201804": "10.62",
        "201805": "10.30",
        "201806": "10.20",
        "201807": "9.82",
        "201808": "9.81",
        "201809": "9.79",
        "201810": "9.32",
        "201811": "9.01",
        "201812": "9.06",
        "201901": "8.91",
        "201902": "9.01",
        "201903": "9.15",
        "201904": "8.86",
        "201905": "8.85",
        "201906": "8.77",
        "201907": "8.90",
        "201908": "9.06",
        "201909": "9.44",
        "201910": "9.21",
        "201911": "9.19",
        "201912": "9.15",
        "202001": "9.15",
        "202002": "8.84",
        "202003": "7.72",
        "202004": "7.94",
        "202005": "8.30",
        "202006": "8.56",
        "202007": "8.45",
        "202008": "8.85",
        "202009": "10.15",
        "202010": "9.86",
        "202011": "10.46",
        "202012": "13.15",
        "202101": "13.89",
        "202102": "13.64",
        "202103": "14.07",
        "202104": "18.78",
        "202105": "19.23",
        "202106": "21.44",
        "202107": "37.23",
        "202108": "32.05",
        "202109": "29.54",
        "202110": "25.03",
        "202111": "23.84",
        "202112": "23.75",
        "202201": "22.06",
        "202202": "23.49",
        "202203": "32.95",
        "202204": "32.96",
        "202205": "26.77",
        "202206": "23.35",
        "202207": "18.57",
        "202208": "19.72",
        "202209": "19.45",
        "202210": "17.11",
        "202211": "17.82",
        "202212": "19.65",
        "202301": "20.44",
        "202302": "21.06",
        "202303": "20.11",
        "202304": "19.31",
        "202305": "18.27"
    },
    "quarters": {
        "20011": {
            "year_quarter": 20011,
            "year": 2001,
            "quarter": 1,
            "eps": 0.15,
            "eps_growth_year": -78.57,
            "eps_4q": 0.8,
            "eps_4q_growth_year": -59.84,
            "roe": 1,
            "roe_4q": 1,
            "gross_profit": 43163,
            "gross_margin": 10.22,
            "gross_margin_4q_avg": 10.22,
            "net_income": 10847,
            "revenue": 422164,
            "common_shares": 734141,
            "book_valuer_per_share": 14.84,
            "book_valuer_per_share_4q_avg": 14.84,
            "equity": 1089530,
            "current_ratio": 168,
            "debt_ratio": 38.6,
            "inventory_turnover_ratio": 1.53,
            "account_receivable_turnover_ratio": null,
            "reinvestment_rate": null,
            "research_to_sale_ratio": null,
            "price_fair": 0,
            "eps_avg_yearly": 0,
            "eps_latest_yearly": 0,
            "eps_growth_yearly": 0
        },
        "20012": {
            "year_quarter": 20012,
            "year": 2001,
            "quarter": 2,
            "eps": 0.19,
            "eps_growth_year": -59.57,
            "eps_4q": 0.55,
            "eps_4q_growth_year": -73.75,
            "roe": 1.33,
            "roe_4q": 2.33,
            "gross_profit": 38024,
            "gross_margin": 9.73,
            "gross_margin_4q_avg": 9.98,
            "net_income": 14189,
            "revenue": 390654,
            "common_shares": 734140,
            "book_valuer_per_share": 14.31,
            "book_valuer_per_share_4q_avg": 14.58,
            "equity": 1050286,
            "current_ratio": 188.7,
            "debt_ratio": 39.9,
            "inventory_turnover_ratio": 1.31,
            "account_receivable_turnover_ratio": null,
            "reinvestment_rate": null,
            "research_to_sale_ratio": null,
            "price_fair": 0,
            "eps_avg_yearly": 0,
            "eps_latest_yearly": 0,
            "eps_growth_yearly": 0
        },
        "20013": {
            "year_quarter": 20013,
            "year": 2001,
            "quarter": 3,
            "eps": 0.13,
            "eps_growth_year": -67.5,
            "eps_4q": 0.29,
            "eps_4q_growth_year": -85.9,
            "roe": 0.91,
            "roe_4q": 3.24,
            "gross_profit": 29968,
            "gross_margin": 8.23,
            "gross_margin_4q_avg": 9.39,
            "net_income": 9577,
            "revenue": 364338,
            "common_shares": 756165,
            "book_valuer_per_share": 14.02,
            "book_valuer_per_share_4q_avg": 14.39,
            "equity": 1059997,
            "current_ratio": 194.6,
            "debt_ratio": 39.07,
            "inventory_turnover_ratio": 1.17,
            "account_receivable_turnover_ratio": null,
            "reinvestment_rate": null,
            "research_to_sale_ratio": null,
            "price_fair": 0,
            "eps_avg_yearly": 0,
            "eps_latest_yearly": 0,
            "eps_growth_yearly": 0
        },
        "20014": {
            "year_quarter": 20014,
            "year": 2001,
            "quarter": 4,
            "eps": 0.09,
            "eps_growth_year": null,
            "eps_4q": 0.56,
            "eps_4q_growth_year": -56.29,
            "roe": 0.63,
            "roe_4q": 3.87,
            "gross_profit": 32967,
            "gross_margin": 8.17,
            "gross_margin_4q_avg": 9.09,
            "net_income": 6697,
            "revenue": 403700,
            "common_shares": 756164,
            "book_valuer_per_share": 14.11,
            "book_valuer_per_share_4q_avg": 14.32,
            "equity": 1066693,
            "current_ratio": 193.76,
            "debt_ratio": 39.36,
            "inventory_turnover_ratio": 1.37,
            "account_receivable_turnover_ratio": null,
            "reinvestment_rate": null,
            "research_to_sale_ratio": null,
            "price_fair": 0,
            "eps_avg_yearly": 0,
            "eps_latest_yearly": 0,
            "eps_growth_yearly": 0
        },
        "20021": {
            "year_quarter": 20021,
            "year": 2002,
            "quarter": 1,
            "eps": 0.24,
            "eps_growth_year": 60,
            "eps_4q": 0.66,
            "eps_4q_growth_year": -18.1,
            "roe": 1.64,
            "roe_4q": 4.51,
            "gross_profit": 49605,
            "gross_margin": 10.51,
            "gross_margin_4q_avg": 9.16,
            "net_income": 17565,
            "revenue": 471863,
            "common_shares": 756164,
            "book_valuer_per_share": 14.23,
            "book_valuer_per_share_4q_avg": 14.17,
            "equity": 1076039,
            "current_ratio": 193.89,
            "debt_ratio": 40.1,
            "inventory_turnover_ratio": 1.63,
            "account_receivable_turnover_ratio": null,
            "reinvestment_rate": null,
            "research_to_sale_ratio": null,
            "price_fair": 33.6,
            "eps_avg_yearly": 0.96,
            "eps_latest_yearly": 0.96,
            "eps_growth_yearly": 666.67
        },
        "20022": {
            "year_quarter": 20022,
            "year": 2002,
            "quarter": 2,
            "eps": 0.64,
            "eps_growth_year": 236.84,
            "eps_4q": 1.09,
            "eps_4q_growth_year": 99.14,
            "roe": 4.39,
            "roe_4q": 7.569999999999999,
            "gross_profit": 95903,
            "gross_margin": 15.88,
            "gross_margin_4q_avg": 10.7,
            "net_income": 47695,
            "revenue": 604054,
            "common_shares": 756164,
            "book_valuer_per_share": 14.52,
            "book_valuer_per_share_4q_avg": 14.22,
            "equity": 1097969,
            "current_ratio": 177.87,
            "debt_ratio": 43.99,
            "inventory_turnover_ratio": 1.96,
            "account_receivable_turnover_ratio": null,
            "reinvestment_rate": null,
            "research_to_sale_ratio": null,
            "price_fair": 61.6,
            "eps_avg_yearly": 1.76,
            "eps_latest_yearly": 2.56,
            "eps_growth_yearly": 666.67
        },
        "20023": {
            "year_quarter": 20023,
            "year": 2002,
            "quarter": 3,
            "eps": 0.35,
            "eps_growth_year": 169.23,
            "eps_4q": 1.28,
            "eps_4q_growth_year": 347.11,
            "roe": 2.44,
            "roe_4q": 9.100000000000001,
            "gross_profit": 56577,
            "gross_margin": 13.3,
            "gross_margin_4q_avg": 11.97,
            "net_income": 27093,
            "revenue": 425309,
            "common_shares": 778849,
            "book_valuer_per_share": 14.45,
            "book_valuer_per_share_4q_avg": 14.33,
            "equity": 1125314,
            "current_ratio": 185.26,
            "debt_ratio": 42.82,
            "inventory_turnover_ratio": 1.18,
            "account_receivable_turnover_ratio": null,
            "reinvestment_rate": null,
            "research_to_sale_ratio": null,
            "price_fair": 57.4,
            "eps_avg_yearly": 1.64,
            "eps_latest_yearly": 1.4,
            "eps_growth_yearly": 384.03
        },
        "20024": {
            "year_quarter": 20024,
            "year": 2002,
            "quarter": 4,
            "eps": 0.03,
            "eps_growth_year": -66.67,
            "eps_4q": 1.11,
            "eps_4q_growth_year": 100.66,
            "roe": 0.23,
            "roe_4q": 8.7,
            "gross_profit": 32954,
            "gross_margin": 6.35,
            "gross_margin_4q_avg": 11.51,
            "net_income": 2556,
            "revenue": 518576,
            "common_shares": 778849,
            "book_valuer_per_share": 14.54,
            "book_valuer_per_share_4q_avg": 14.44,
            "equity": 1132761,
            "current_ratio": 199.05,
            "debt_ratio": 40.66,
            "inventory_turnover_ratio": 1.5,
            "account_receivable_turnover_ratio": null,
            "reinvestment_rate": -14.37,
            "research_to_sale_ratio": null,
            "price_fair": 44.1,
            "eps_avg_yearly": 1.26,
            "eps_latest_yearly": 0.12,
            "eps_growth_yearly": 196.59
        },
        "20031": {
            "year_quarter": 20031,
            "year": 2003,
            "quarter": 1,
            "eps": 0.85,
            "eps_growth_year": 254.17,
            "eps_4q": 1.84,
            "eps_4q_growth_year": 180.81,
            "roe": 5.68,
            "roe_4q": 12.739999999999998,
            "gross_profit": 114464,
            "gross_margin": 17.72,
            "gross_margin_4q_avg": 13.31,
            "net_income": 66221,
            "revenue": 645972,
            "common_shares": 778850,
            "book_valuer_per_share": 15.39,
            "book_valuer_per_share_4q_avg": 14.73,
            "equity": 1198981,
            "current_ratio": 196.49,
            "debt_ratio": 41.73,
            "inventory_turnover_ratio": 1.8,
            "account_receivable_turnover_ratio": null,
            "reinvestment_rate": -10.47,
            "research_to_sale_ratio": null,
            "price_fair": 59.08,
            "eps_avg_yearly": 1.69,
            "eps_latest_yearly": 3.4,
            "eps_growth_yearly": 2343.94
        },
        "20032": {
            "year_quarter": 20032,
            "year": 2003,
            "quarter": 2,
            "eps": 0.17,
            "eps_growth_year": -73.44,
            "eps_4q": 1.39,
            "eps_4q_growth_year": 26.9,
            "roe": 1.15,
            "roe_4q": 9.5,
            "gross_profit": 45073,
            "gross_margin": 8.08,
            "gross_margin_4q_avg": 11.36,
            "net_income": 13377,
            "revenue": 557691,
            "common_shares": 778849,
            "book_valuer_per_share": 14.53,
            "book_valuer_per_share_4q_avg": 14.73,
            "equity": 1131583,
            "current_ratio": 182.21,
            "debt_ratio": 44.11,
            "inventory_turnover_ratio": 1.57,
            "account_receivable_turnover_ratio": null,
            "reinvestment_rate": -8.9,
            "research_to_sale_ratio": null,
            "price_fair": 53.2,
            "eps_avg_yearly": 1.52,
            "eps_latest_yearly": 0.68,
            "eps_growth_yearly": 1899.95
        },
        "20033": {
            "year_quarter": 20033,
            "year": 2003,
            "quarter": 3,
            "eps": 0.27,
            "eps_growth_year": -22.86,
            "eps_4q": 1.29,
            "eps_4q_growth_year": 0.92,
            "roe": 1.9,
            "roe_4q": 8.96,
            "gross_profit": 39038,
            "gross_margin": 6.51,
            "gross_margin_4q_avg": 9.67,
            "net_income": 21719,
            "revenue": 600103,
            "common_shares": 794426,
            "book_valuer_per_share": 14.52,
            "book_valuer_per_share_4q_avg": 14.75,
            "equity": 1153432,
            "current_ratio": 172.96,
            "debt_ratio": 46.49,
            "inventory_turnover_ratio": 1.53,
            "account_receivable_turnover_ratio": null,
            "reinvestment_rate": -8.04,
            "research_to_sale_ratio": null,
            "price_fair": 51,
            "eps_avg_yearly": 1.46,
            "eps_latest_yearly": 1.08,
            "eps_growth_yearly": 1662.14
        },
        "20034": {
            "year_quarter": 20034,
            "year": 2003,
            "quarter": 4,
            "eps": 0.45,
            "eps_growth_year": 1400,
            "eps_4q": 1.73,
            "eps_4q_growth_year": 55.12,
            "roe": 3.05,
            "roe_4q": 11.78,
            "gross_profit": 72095,
            "gross_margin": 10.06,
            "gross_margin_4q_avg": 10.59,
            "net_income": 35675,
            "revenue": 716669,
            "common_shares": 794426,
            "book_valuer_per_share": 14.97,
            "book_valuer_per_share_4q_avg": 14.85,
            "equity": 1189094,
            "current_ratio": 166.65,
            "debt_ratio": 47.5,
            "inventory_turnover_ratio": 1.71,
            "account_receivable_turnover_ratio": null,
            "reinvestment_rate": 0.9,
            "research_to_sale_ratio": null,
            "price_fair": 52.5,
            "eps_avg_yearly": 1.5,
            "eps_latest_yearly": 1.8,
            "eps_growth_yearly": 1487.71
        },
        "20041": {
            "year_quarter": 20041,
            "year": 2004,
            "quarter": 1,
            "eps": 1.07,
            "eps_growth_year": 25.88,
            "eps_4q": 1.96,
            "eps_4q_growth_year": 6.49,
            "roe": 6.89,
            "roe_4q": 12.99,
            "gross_profit": 138183,
            "gross_margin": 17.02,
            "gross_margin_4q_avg": 10.42,
            "net_income": 84863,
            "revenue": 811646,
            "common_shares": 794427,
            "book_valuer_per_share": 16.04,
            "book_valuer_per_share_4q_avg": 15.02,
            "equity": 1273941,
            "current_ratio": 161.08,
            "debt_ratio": 50.28,
            "inventory_turnover_ratio": 1.4,
            "account_receivable_turnover_ratio": null,
            "reinvestment_rate": 1.92,
            "research_to_sale_ratio": null,
            "price_fair": 63.31,
            "eps_avg_yearly": 1.81,
            "eps_latest_yearly": 4.28,
            "eps_growth_yearly": 1383.64
        },
        "20042": {
            "year_quarter": 20042,
            "year": 2004,
            "quarter": 2,
            "eps": 0.37,
            "eps_growth_year": 117.65,
            "eps_4q": 2.18,
            "eps_4q_growth_year": 57.21,
            "roe": 2.29,
            "roe_4q": 14.13,
            "gross_profit": 43163,
            "gross_margin": 5.68,
            "gross_margin_4q_avg": 9.82,
            "net_income": 29038,
            "revenue": 760400,
            "common_shares": 794426,
            "book_valuer_per_share": 15.86,
            "book_valuer_per_share_4q_avg": 15.35,
            "equity": 1259569,
            "current_ratio": 162.87,
            "debt_ratio": 49.62,
            "inventory_turnover_ratio": 1.27,
            "account_receivable_turnover_ratio": null,
            "reinvestment_rate": 3.17,
            "research_to_sale_ratio": null,
            "price_fair": 62.16,
            "eps_avg_yearly": 1.78,
            "eps_latest_yearly": 1.48,
            "eps_growth_yearly": 1219.11
        },
        "20043": {
            "year_quarter": 20043,
            "year": 2004,
            "quarter": 3,
            "eps": 0.48,
            "eps_growth_year": 77.78,
            "eps_4q": 2.18,
            "eps_4q_growth_year": 68.94,
            "roe": 3.29,
            "roe_4q": 15.52,
            "gross_profit": 76154,
            "gross_margin": 8.3,
            "gross_margin_4q_avg": 10.27,
            "net_income": 42194,
            "revenue": 917277,
            "common_shares": 873869,
            "book_valuer_per_share": 14.9,
            "book_valuer_per_share_4q_avg": 15.44,
            "equity": 1301763,
            "current_ratio": 165.99,
            "debt_ratio": 48.51,
            "inventory_turnover_ratio": 1.65,
            "account_receivable_turnover_ratio": null,
            "reinvestment_rate": 6.46,
            "research_to_sale_ratio": null,
            "price_fair": 62.62,
            "eps_avg_yearly": 1.79,
            "eps_latest_yearly": 1.92,
            "eps_growth_yearly": 1119.09
        },
        "20044": {
            "year_quarter": 20044,
            "year": 2004,
            "quarter": 4,
            "eps": 0.68,
            "eps_growth_year": 51.11,
            "eps_4q": 2.46,
            "eps_4q_growth_year": 42.13,
            "roe": 4.48,
            "roe_4q": 16.95,
            "gross_profit": 97646,
            "gross_margin": 9.78,
            "gross_margin_4q_avg": 10.2,
            "net_income": 59767,
            "revenue": 998384,
            "common_shares": 873869,
            "book_valuer_per_share": 15.64,
            "book_valuer_per_share_4q_avg": 15.61,
            "equity": 1366933,
            "current_ratio": 165.56,
            "debt_ratio": 49,
            "inventory_turnover_ratio": 1.77,
            "account_receivable_turnover_ratio": null,
            "reinvestment_rate": 6.88,
            "research_to_sale_ratio": null,
            "price_fair": 65.33,
            "eps_avg_yearly": 1.87,
            "eps_latest_yearly": 2.72,
            "eps_growth_yearly": 1039.72
        },
        "20051": {
            "year_quarter": 20051,
            "year": 2005,
            "quarter": 1,
            "eps": 0.33,
            "eps_growth_year": -69.16,
            "eps_4q": 1.81,
            "eps_4q_growth_year": -7.61,
            "roe": 2.11,
            "roe_4q": 12.169999999999998,
            "gross_profit": 61184,
            "gross_margin": 6.39,
            "gross_margin_4q_avg": 7.54,
            "net_income": 29152,
            "revenue": 957336,
            "common_shares": 873869,
            "book_valuer_per_share": 15.98,
            "book_valuer_per_share_4q_avg": 15.6,
            "equity": 1396085,
            "current_ratio": 196.68,
            "debt_ratio": 48.18,
            "inventory_turnover_ratio": 1.7,
            "account_receivable_turnover_ratio": null,
            "reinvestment_rate": 7.24,
            "research_to_sale_ratio": null,
            "price_fair": 63.86,
            "eps_avg_yearly": 1.82,
            "eps_latest_yearly": 1.32,
            "eps_growth_yearly": 943.91
        },
        "20052": {
            "year_quarter": 20052,
            "year": 2005,
            "quarter": 2,
            "eps": -0.26,
            "eps_growth_year": -170.27,
            "eps_4q": 1.24,
            "eps_4q_growth_year": -43.09,
            "roe": -1.71,
            "roe_4q": 8.170000000000002,
            "gross_profit": 17890,
            "gross_margin": 2.21,
            "gross_margin_4q_avg": 6.67,
            "net_income": -22575,
            "revenue": 810005,
            "common_shares": 873869,
            "book_valuer_per_share": 14.16,
            "book_valuer_per_share_4q_avg": 15.17,
            "equity": 1237024,
            "current_ratio": 174.25,
            "debt_ratio": 54.56,
            "inventory_turnover_ratio": 1.37,
            "account_receivable_turnover_ratio": null,
            "reinvestment_rate": 8.72,
            "research_to_sale_ratio": null,
            "price_fair": 63.86,
            "eps_avg_yearly": 1.82,
            "eps_latest_yearly": 1.32,
            "eps_growth_yearly": 943.91
        },
        "20053": {
            "year_quarter": 20053,
            "year": 2005,
            "quarter": 3,
            "eps": -0.37,
            "eps_growth_year": -177.08,
            "eps_4q": 0.35,
            "eps_4q_growth_year": -83.85,
            "roe": -2.79,
            "roe_4q": 2.0900000000000003,
            "gross_profit": -12383,
            "gross_margin": -1.32,
            "gross_margin_4q_avg": 4.27,
            "net_income": -34022,
            "revenue": 941531,
            "common_shares": 917563,
            "book_valuer_per_share": 13.11,
            "book_valuer_per_share_4q_avg": 14.72,
            "equity": 1203150,
            "current_ratio": 178.99,
            "debt_ratio": 53.45,
            "inventory_turnover_ratio": 1.66,
            "account_receivable_turnover_ratio": null,
            "reinvestment_rate": 8.59,
            "research_to_sale_ratio": null,
            "price_fair": 63.86,
            "eps_avg_yearly": 1.82,
            "eps_latest_yearly": 1.32,
            "eps_growth_yearly": 943.91
        },
        "20054": {
            "year_quarter": 20054,
            "year": 2005,
            "quarter": 4,
            "eps": -0.06,
            "eps_growth_year": -108.82,
            "eps_4q": -0.35,
            "eps_4q_growth_year": -114.2,
            "roe": -0.42,
            "roe_4q": -2.81,
            "gross_profit": 22174,
            "gross_margin": 2.54,
            "gross_margin_4q_avg": 2.46,
            "net_income": -5082,
            "revenue": 871921,
            "common_shares": 917562,
            "book_valuer_per_share": 13.06,
            "book_valuer_per_share_4q_avg": 14.08,
            "equity": 1198867,
            "current_ratio": 199.74,
            "debt_ratio": 51.5,
            "inventory_turnover_ratio": 1.71,
            "account_receivable_turnover_ratio": null,
            "reinvestment_rate": 9.05,
            "research_to_sale_ratio": null,
            "price_fair": 63.86,
            "eps_avg_yearly": 1.82,
            "eps_latest_yearly": 1.32,
            "eps_growth_yearly": 943.91
        },
        "20061": {
            "year_quarter": 20061,
            "year": 2006,
            "quarter": 1,
            "eps": 0.5,
            "eps_growth_year": 51.52,
            "eps_4q": -0.17,
            "eps_4q_growth_year": -109.59,
            "roe": 3.75,
            "roe_4q": -1.17,
            "gross_profit": 73583,
            "gross_margin": 7.62,
            "gross_margin_4q_avg": 2.76,
            "net_income": 45766,
            "revenue": 965388,
            "common_shares": 917563,
            "book_valuer_per_share": 13.56,
            "book_valuer_per_share_4q_avg": 13.47,
            "equity": 1243858,
            "current_ratio": 198.91,
            "debt_ratio": 50.15,
            "inventory_turnover_ratio": 1.93,
            "account_receivable_turnover_ratio": null,
            "reinvestment_rate": 8.83,
            "research_to_sale_ratio": null,
            "price_fair": 66.38,
            "eps_avg_yearly": 1.9,
            "eps_latest_yearly": 1.32,
            "eps_growth_yearly": 967.01
        },
        "20062": {
            "year_quarter": 20062,
            "year": 2006,
            "quarter": 2,
            "eps": 0.91,
            "eps_growth_year": null,
            "eps_4q": 0.98,
            "eps_4q_growth_year": -20.9,
            "roe": 6.51,
            "roe_4q": 7.05,
            "gross_profit": 143038,
            "gross_margin": 12.33,
            "gross_margin_4q_avg": 5.29,
            "net_income": 83729,
            "revenue": 1160481,
            "common_shares": 917562,
            "book_valuer_per_share": 14.49,
            "book_valuer_per_share_4q_avg": 13.56,
            "equity": 1329820,
            "current_ratio": 195.26,
            "debt_ratio": 50.32,
            "inventory_turnover_ratio": 1.95,
            "account_receivable_turnover_ratio": null,
            "reinvestment_rate": 9.78,
            "research_to_sale_ratio": null,
            "price_fair": 69.53,
            "eps_avg_yearly": 1.99,
            "eps_latest_yearly": 3.64,
            "eps_growth_yearly": 938.79
        },
        "20063": {
            "year_quarter": 20063,
            "year": 2006,
            "quarter": 3,
            "eps": 1.62,
            "eps_growth_year": null,
            "eps_4q": 2.98,
            "eps_4q_growth_year": 745.25,
            "roe": 10.6,
            "roe_4q": 20.439999999999998,
            "gross_profit": 226676,
            "gross_margin": 14.51,
            "gross_margin_4q_avg": 9.25,
            "net_income": 148473,
            "revenue": 1562125,
            "common_shares": 917563,
            "book_valuer_per_share": 16.03,
            "book_valuer_per_share_4q_avg": 14.29,
            "equity": 1470671,
            "current_ratio": 199.94,
            "debt_ratio": 49.68,
            "inventory_turnover_ratio": 2.16,
            "account_receivable_turnover_ratio": null,
            "reinvestment_rate": 8.29,
            "research_to_sale_ratio": null,
            "price_fair": 84.35,
            "eps_avg_yearly": 2.41,
            "eps_latest_yearly": 6.48,
            "eps_growth_yearly": 979.9
        },
        "20064": {
            "year_quarter": 20064,
            "year": 2006,
            "quarter": 4,
            "eps": 1.57,
            "eps_growth_year": null,
            "eps_4q": 4.61,
            "eps_4q_growth_year": null,
            "roe": 9.31,
            "roe_4q": 30.17,
            "gross_profit": 174865,
            "gross_margin": 10.71,
            "gross_margin_4q_avg": 11.29,
            "net_income": 143725,
            "revenue": 1632098,
            "common_shares": 917562,
            "book_valuer_per_share": 17.6,
            "book_valuer_per_share_4q_avg": 15.42,
            "equity": 1615913,
            "current_ratio": 202.55,
            "debt_ratio": 50.59,
            "inventory_turnover_ratio": 2.02,
            "account_receivable_turnover_ratio": null,
            "reinvestment_rate": 6.81,
            "research_to_sale_ratio": null,
            "price_fair": 102.32,
            "eps_avg_yearly": 2.92,
            "eps_latest_yearly": 6.28,
            "eps_growth_yearly": 1009.35
        },
        "20071": {
            "year_quarter": 20071,
            "year": 2007,
            "quarter": 1,
            "eps": 1.12,
            "eps_growth_year": 124,
            "eps_4q": 5.23,
            "eps_4q_growth_year": null,
            "roe": 6.15,
            "roe_4q": 32.57,
            "gross_profit": 158384,
            "gross_margin": 8.32,
            "gross_margin_4q_avg": 11.47,
            "net_income": 102531,
            "revenue": 1903396,
            "common_shares": 917563,
            "book_valuer_per_share": 18.72,
            "book_valuer_per_share_4q_avg": 16.71,
            "equity": 1717516,
            "current_ratio": 173.98,
            "debt_ratio": 51.02,
            "inventory_turnover_ratio": 2.13,
            "account_receivable_turnover_ratio": null,
            "reinvestment_rate": 6.35,
            "research_to_sale_ratio": null,
            "price_fair": 105.47,
            "eps_avg_yearly": 3.01,
            "eps_latest_yearly": 4.48,
            "eps_growth_yearly": 88.68
        },
        "20072": {
            "year_quarter": 20072,
            "year": 2007,
            "quarter": 2,
            "eps": 1.34,
            "eps_growth_year": 47.25,
            "eps_4q": 5.63,
            "eps_4q_growth_year": 472.88,
            "roe": 7.04,
            "roe_4q": 33.1,
            "gross_profit": 190836,
            "gross_margin": 11.39,
            "gross_margin_4q_avg": 11.23,
            "net_income": 123353,
            "revenue": 1675714,
            "common_shares": 917562,
            "book_valuer_per_share": 19.47,
            "book_valuer_per_share_4q_avg": 17.96,
            "equity": 1786473,
            "current_ratio": 166.31,
            "debt_ratio": 52.32,
            "inventory_turnover_ratio": 1.44,
            "account_receivable_turnover_ratio": null,
            "reinvestment_rate": 4.66,
            "research_to_sale_ratio": null,
            "price_fair": 119.12,
            "eps_avg_yearly": 3.4,
            "eps_latest_yearly": 5.36,
            "eps_growth_yearly": 121.9
        },
        "20073": {
            "year_quarter": 20073,
            "year": 2007,
            "quarter": 3,
            "eps": -1.89,
            "eps_growth_year": -216.67,
            "eps_4q": 1.33,
            "eps_4q_growth_year": -55.23,
            "roe": -12.88,
            "roe_4q": 9.620000000000001,
            "gross_profit": -173709,
            "gross_margin": -12.51,
            "gross_margin_4q_avg": 4.48,
            "net_income": -216722,
            "revenue": 1388132,
            "common_shares": 1146953,
            "book_valuer_per_share": 13.77,
            "book_valuer_per_share_4q_avg": 17.39,
            "equity": 1579764,
            "current_ratio": 225.49,
            "debt_ratio": 47.63,
            "inventory_turnover_ratio": 1.59,
            "account_receivable_turnover_ratio": null,
            "reinvestment_rate": 6.36,
            "research_to_sale_ratio": null,
            "price_fair": 126.51,
            "eps_avg_yearly": 3.61,
            "eps_latest_yearly": 5.36,
            "eps_growth_yearly": 111.59
        },
        "20074": {
            "year_quarter": 20074,
            "year": 2007,
            "quarter": 4,
            "eps": 0.02,
            "eps_growth_year": -98.73,
            "eps_4q": 0.1,
            "eps_4q_growth_year": -97.73,
            "roe": 0.13,
            "roe_4q": 0.4400000000000004,
            "gross_profit": 14459,
            "gross_margin": 1.04,
            "gross_margin_4q_avg": 2.06,
            "net_income": 2172,
            "revenue": 1386967,
            "common_shares": 1266953,
            "book_valuer_per_share": 14.09,
            "book_valuer_per_share_4q_avg": 16.51,
            "equity": 1785380,
            "current_ratio": 283.77,
            "debt_ratio": 41,
            "inventory_turnover_ratio": 1.84,
            "account_receivable_turnover_ratio": null,
            "reinvestment_rate": 4.3,
            "research_to_sale_ratio": null,
            "price_fair": 132.86,
            "eps_avg_yearly": 3.8,
            "eps_latest_yearly": 5.36,
            "eps_growth_yearly": 96.08
        },
        "20081": {
            "year_quarter": 20081,
            "year": 2008,
            "quarter": 1,
            "eps": 0.44,
            "eps_growth_year": -60.71,
            "eps_4q": -0.28,
            "eps_4q_growth_year": -105.39,
            "roe": 3.07,
            "roe_4q": -2.6400000000000015,
            "gross_profit": 55002,
            "gross_margin": 3.41,
            "gross_margin_4q_avg": 0.83,
            "net_income": 55586,
            "revenue": 1612560,
            "common_shares": 1266953,
            "book_valuer_per_share": 14.53,
            "book_valuer_per_share_4q_avg": 15.47,
            "equity": 1840967,
            "current_ratio": 289.2,
            "debt_ratio": 40.52,
            "inventory_turnover_ratio": 1.97,
            "account_receivable_turnover_ratio": null,
            "reinvestment_rate": 3.77,
            "research_to_sale_ratio": null,
            "price_fair": 124.04,
            "eps_avg_yearly": 3.54,
            "eps_latest_yearly": 1.76,
            "eps_growth_yearly": 880.97
        },
        "20082": {
            "year_quarter": 20082,
            "year": 2008,
            "quarter": 2,
            "eps": -0.32,
            "eps_growth_year": -123.88,
            "eps_4q": -1.58,
            "eps_4q_growth_year": -128.01,
            "roe": -2.28,
            "roe_4q": -11.96,
            "gross_profit": 18674,
            "gross_margin": 1.46,
            "gross_margin_4q_avg": -1.65,
            "net_income": -40767,
            "revenue": 1281141,
            "common_shares": 1266953,
            "book_valuer_per_share": 13.69,
            "book_valuer_per_share_4q_avg": 14.02,
            "equity": 1734353,
            "current_ratio": 239.66,
            "debt_ratio": 46.76,
            "inventory_turnover_ratio": 1.33,
            "account_receivable_turnover_ratio": null,
            "reinvestment_rate": 3.86,
            "research_to_sale_ratio": null,
            "price_fair": 132.07,
            "eps_avg_yearly": 3.77,
            "eps_latest_yearly": 1.76,
            "eps_growth_yearly": 1007.93
        },
        "20083": {
            "year_quarter": 20083,
            "year": 2008,
            "quarter": 3,
            "eps": -0.83,
            "eps_growth_year": null,
            "eps_4q": -0.69,
            "eps_4q_growth_year": -151.94,
            "roe": -6.22,
            "roe_4q": -5.3,
            "gross_profit": -85551,
            "gross_margin": -7.06,
            "gross_margin_4q_avg": -0.29,
            "net_income": -104703,
            "revenue": 1212428,
            "common_shares": 1266953,
            "book_valuer_per_share": 12.86,
            "book_valuer_per_share_4q_avg": 13.79,
            "equity": 1629629,
            "current_ratio": 260.57,
            "debt_ratio": 44.58,
            "inventory_turnover_ratio": 1.34,
            "account_receivable_turnover_ratio": null,
            "reinvestment_rate": 1.74,
            "research_to_sale_ratio": null,
            "price_fair": 140.18,
            "eps_avg_yearly": 4.01,
            "eps_latest_yearly": 1.76,
            "eps_growth_yearly": 1119.06
        },
        "20084": {
            "year_quarter": 20084,
            "year": 2008,
            "quarter": 4,
            "eps": -0.88,
            "eps_growth_year": -4500,
            "eps_4q": -1.59,
            "eps_4q_growth_year": -1623.5,
            "roe": -7.05,
            "roe_4q": -12.479999999999999,
            "gross_profit": -169772,
            "gross_margin": -20.27,
            "gross_margin_4q_avg": -5.62,
            "net_income": -111075,
            "revenue": 837722,
            "common_shares": 1266953,
            "book_valuer_per_share": 12,
            "book_valuer_per_share_4q_avg": 13.27,
            "equity": 1520181,
            "current_ratio": 296.51,
            "debt_ratio": 35.41,
            "inventory_turnover_ratio": 1.51,
            "account_receivable_turnover_ratio": 2.25,
            "reinvestment_rate": -2.44,
            "research_to_sale_ratio": null,
            "price_fair": 146.6,
            "eps_avg_yearly": 4.19,
            "eps_latest_yearly": 1.76,
            "eps_growth_yearly": 1255.11
        },
        "20091": {
            "year_quarter": 20091,
            "year": 2009,
            "quarter": 1,
            "eps": -0.18,
            "eps_growth_year": -140.91,
            "eps_4q": -2.2,
            "eps_4q_growth_year": null,
            "roe": -1.51,
            "roe_4q": -17.060000000000002,
            "gross_profit": -12571,
            "gross_margin": -1.81,
            "gross_margin_4q_avg": -6.92,
            "net_income": -22809,
            "revenue": 695885,
            "common_shares": 1266953,
            "book_valuer_per_share": 11.82,
            "book_valuer_per_share_4q_avg": 12.59,
            "equity": 1497371,
            "current_ratio": 398.17,
            "debt_ratio": 29.64,
            "inventory_turnover_ratio": 1.78,
            "account_receivable_turnover_ratio": 1.05,
            "reinvestment_rate": -8.71,
            "research_to_sale_ratio": null,
            "price_fair": 163.33,
            "eps_avg_yearly": 4.67,
            "eps_latest_yearly": 1.76,
            "eps_growth_yearly": 1498.61
        },
        "20092": {
            "year_quarter": 20092,
            "year": 2009,
            "quarter": 2,
            "eps": 0.27,
            "eps_growth_year": null,
            "eps_4q": -1.61,
            "eps_4q_growth_year": null,
            "roe": 2.26,
            "roe_4q": -12.52,
            "gross_profit": 74362,
            "gross_margin": 7.2,
            "gross_margin_4q_avg": -5.49,
            "net_income": 34210,
            "revenue": 1032688,
            "common_shares": 1266953,
            "book_valuer_per_share": 12.09,
            "book_valuer_per_share_4q_avg": 12.19,
            "equity": 1531575,
            "current_ratio": 300.25,
            "debt_ratio": 32.44,
            "inventory_turnover_ratio": 2.91,
            "account_receivable_turnover_ratio": 1.57,
            "reinvestment_rate": -7.78,
            "research_to_sale_ratio": null,
            "price_fair": 163.33,
            "eps_avg_yearly": 4.67,
            "eps_latest_yearly": 1.76,
            "eps_growth_yearly": 1498.61
        },
        "20093": {
            "year_quarter": 20093,
            "year": 2009,
            "quarter": 3,
            "eps": 0.33,
            "eps_growth_year": null,
            "eps_4q": -0.46,
            "eps_4q_growth_year": null,
            "roe": 2.67,
            "roe_4q": -3.63,
            "gross_profit": 105387,
            "gross_margin": 10.54,
            "gross_margin_4q_avg": -1.09,
            "net_income": 41518,
            "revenue": 999641,
            "common_shares": 1266953,
            "book_valuer_per_share": 12.42,
            "book_valuer_per_share_4q_avg": 12.08,
            "equity": 1573094,
            "current_ratio": 219.47,
            "debt_ratio": 37.81,
            "inventory_turnover_ratio": 1.85,
            "account_receivable_turnover_ratio": 1.33,
            "reinvestment_rate": -5.74,
            "research_to_sale_ratio": null,
            "price_fair": 146.6,
            "eps_avg_yearly": 4.19,
            "eps_latest_yearly": 1.32,
            "eps_growth_yearly": 1297.22
        },
        "20094": {
            "year_quarter": 20094,
            "year": 2009,
            "quarter": 4,
            "eps": 0.08,
            "eps_growth_year": null,
            "eps_4q": 0.49,
            "eps_4q_growth_year": null,
            "roe": 0.61,
            "roe_4q": 4.029999999999999,
            "gross_profit": 29409,
            "gross_margin": 2.59,
            "gross_margin_4q_avg": 4.63,
            "net_income": 9585,
            "revenue": 1133415,
            "common_shares": 1266953,
            "book_valuer_per_share": 12.49,
            "book_valuer_per_share_4q_avg": 12.21,
            "equity": 1582658,
            "current_ratio": 232.53,
            "debt_ratio": 36.16,
            "inventory_turnover_ratio": 1.85,
            "account_receivable_turnover_ratio": 2.74,
            "reinvestment_rate": 74.08,
            "research_to_sale_ratio": null,
            "price_fair": 129.68,
            "eps_avg_yearly": 3.71,
            "eps_latest_yearly": 0.32,
            "eps_growth_yearly": 1097.19
        },
        "20101": {
            "year_quarter": 20101,
            "year": 2010,
            "quarter": 1,
            "eps": 0.36,
            "eps_growth_year": null,
            "eps_4q": 1.04,
            "eps_4q_growth_year": null,
            "roe": 2.87,
            "roe_4q": 8.41,
            "gross_profit": 85079,
            "gross_margin": 7.14,
            "gross_margin_4q_avg": 6.87,
            "net_income": 46038,
            "revenue": 1191209,
            "common_shares": 1266953,
            "book_valuer_per_share": 12.86,
            "book_valuer_per_share_4q_avg": 12.47,
            "equity": 1628696,
            "current_ratio": 218.9,
            "debt_ratio": 38.61,
            "inventory_turnover_ratio": 1.96,
            "account_receivable_turnover_ratio": 1.38,
            "reinvestment_rate": 73.2,
            "research_to_sale_ratio": null,
            "price_fair": 120.87,
            "eps_avg_yearly": 3.45,
            "eps_latest_yearly": 1.44,
            "eps_growth_yearly": 1130.84
        },
        "20102": {
            "year_quarter": 20102,
            "year": 2010,
            "quarter": 2,
            "eps": 0.21,
            "eps_growth_year": -22.98,
            "eps_4q": 0.97,
            "eps_4q_growth_year": null,
            "roe": 1.62,
            "roe_4q": 7.7700000000000005,
            "gross_profit": 74434,
            "gross_margin": 5.73,
            "gross_margin_4q_avg": 6.5,
            "net_income": 26348,
            "revenue": 1299235,
            "common_shares": 1266953,
            "book_valuer_per_share": 12.86,
            "book_valuer_per_share_4q_avg": 12.66,
            "equity": 1629704,
            "current_ratio": 211.52,
            "debt_ratio": 40.36,
            "inventory_turnover_ratio": 1.91,
            "account_receivable_turnover_ratio": 1.42,
            "reinvestment_rate": 85.28,
            "research_to_sale_ratio": null,
            "price_fair": 109.98,
            "eps_avg_yearly": 3.14,
            "eps_latest_yearly": 0.84,
            "eps_growth_yearly": 1075.87
        },
        "20103": {
            "year_quarter": 20103,
            "year": 2010,
            "quarter": 3,
            "eps": 0.18,
            "eps_growth_year": -44.73,
            "eps_4q": 0.83,
            "eps_4q_growth_year": null,
            "roe": 1.41,
            "roe_4q": 6.510000000000001,
            "gross_profit": 66125,
            "gross_margin": 4.7,
            "gross_margin_4q_avg": 5.04,
            "net_income": 23107,
            "revenue": 1406508,
            "common_shares": 1266953,
            "book_valuer_per_share": 13.05,
            "book_valuer_per_share_4q_avg": 12.82,
            "equity": 1652811,
            "current_ratio": 219.17,
            "debt_ratio": 39.46,
            "inventory_turnover_ratio": 1.89,
            "account_receivable_turnover_ratio": 1.47,
            "reinvestment_rate": 178.44,
            "research_to_sale_ratio": null,
            "price_fair": 87.58,
            "eps_avg_yearly": 2.5,
            "eps_latest_yearly": 0.72,
            "eps_growth_yearly": 1034.85
        },
        "20104": {
            "year_quarter": 20104,
            "year": 2010,
            "quarter": 4,
            "eps": 0.32,
            "eps_growth_year": 303.86,
            "eps_4q": 1.08,
            "eps_4q_growth_year": 118.27,
            "roe": 2.45,
            "roe_4q": 8.350000000000001,
            "gross_profit": 57918,
            "gross_margin": 4.31,
            "gross_margin_4q_avg": 5.47,
            "net_income": 40934,
            "revenue": 1343297,
            "common_shares": 1266953,
            "book_valuer_per_share": 13.37,
            "book_valuer_per_share_4q_avg": 13.04,
            "equity": 1693689,
            "current_ratio": 236.36,
            "debt_ratio": 37.65,
            "inventory_turnover_ratio": 1.79,
            "account_receivable_turnover_ratio": 1.36,
            "reinvestment_rate": 1961.53,
            "research_to_sale_ratio": null,
            "price_fair": 68.13,
            "eps_avg_yearly": 1.95,
            "eps_latest_yearly": 1.28,
            "eps_growth_yearly": 1070.79
        },
        "20111": {
            "year_quarter": 20111,
            "year": 2011,
            "quarter": 1,
            "eps": 0.29,
            "eps_growth_year": -19.44,
            "eps_4q": 1,
            "eps_4q_growth_year": -3.29,
            "roe": 2.14,
            "roe_4q": 7.62,
            "gross_profit": 78972,
            "gross_margin": 5.77,
            "gross_margin_4q_avg": 5.13,
            "net_income": 36637,
            "revenue": 1368387,
            "common_shares": 1266953,
            "book_valuer_per_share": 13.66,
            "book_valuer_per_share_4q_avg": 13.24,
            "equity": 1730326,
            "current_ratio": 234.7,
            "debt_ratio": 38.06,
            "inventory_turnover_ratio": 1.77,
            "account_receivable_turnover_ratio": 1.4,
            "reinvestment_rate": null,
            "research_to_sale_ratio": null,
            "price_fair": 55.22,
            "eps_avg_yearly": 1.58,
            "eps_latest_yearly": 1.16,
            "eps_growth_yearly": 1079.36
        },
        "20112": {
            "year_quarter": 20112,
            "year": 2011,
            "quarter": 2,
            "eps": -0.25,
            "eps_growth_year": -217.85,
            "eps_4q": 0.53,
            "eps_4q_growth_year": -45.21,
            "roe": -1.88,
            "roe_4q": 4.12,
            "gross_profit": -25181,
            "gross_margin": -2.17,
            "gross_margin_4q_avg": 3.15,
            "net_income": -31671,
            "revenue": 1162411,
            "common_shares": 1266953,
            "book_valuer_per_share": 13.01,
            "book_valuer_per_share_4q_avg": 13.27,
            "equity": 1647977,
            "current_ratio": 236.14,
            "debt_ratio": 37.7,
            "inventory_turnover_ratio": 1.64,
            "account_receivable_turnover_ratio": 1.26,
            "reinvestment_rate": null,
            "research_to_sale_ratio": null,
            "price_fair": 38.68,
            "eps_avg_yearly": 1.11,
            "eps_latest_yearly": 1.16,
            "eps_growth_yearly": 1204.46
        },
        "20113": {
            "year_quarter": 20113,
            "year": 2011,
            "quarter": 3,
            "eps": 0.06,
            "eps_growth_year": -67.1,
            "eps_4q": 0.42,
            "eps_4q_growth_year": -49.94,
            "roe": 0.47,
            "roe_4q": 3.1800000000000006,
            "gross_profit": 32338,
            "gross_margin": 2.53,
            "gross_margin_4q_avg": 2.61,
            "net_income": 7754,
            "revenue": 1276158,
            "common_shares": 1292293,
            "book_valuer_per_share": 12.81,
            "book_valuer_per_share_4q_avg": 13.21,
            "equity": 1655710,
            "current_ratio": 247.7,
            "debt_ratio": 35.86,
            "inventory_turnover_ratio": 1.8,
            "account_receivable_turnover_ratio": 1.5,
            "reinvestment_rate": 1653.89,
            "research_to_sale_ratio": null,
            "price_fair": 38.68,
            "eps_avg_yearly": 1.11,
            "eps_latest_yearly": 1.16,
            "eps_growth_yearly": 1204.46
        },
        "20114": {
            "year_quarter": 20114,
            "year": 2011,
            "quarter": 4,
            "eps": 0.02,
            "eps_growth_year": -93.17,
            "eps_4q": 0.12,
            "eps_4q_growth_year": -88.81,
            "roe": 0.17,
            "roe_4q": 0.9000000000000004,
            "gross_profit": 16618,
            "gross_margin": 1.38,
            "gross_margin_4q_avg": 1.88,
            "net_income": 2851,
            "revenue": 1207780,
            "common_shares": 1292292,
            "book_valuer_per_share": 12.81,
            "book_valuer_per_share_4q_avg": 13.07,
            "equity": 1655700,
            "current_ratio": 266.55,
            "debt_ratio": 33.98,
            "inventory_turnover_ratio": 1.92,
            "account_receivable_turnover_ratio": 1.37,
            "reinvestment_rate": 1417.21,
            "research_to_sale_ratio": null,
            "price_fair": 34.69,
            "eps_avg_yearly": 0.99,
            "eps_latest_yearly": 0.08,
            "eps_growth_yearly": 1041
        },
        "20121": {
            "year_quarter": 20121,
            "year": 2012,
            "quarter": 1,
            "eps": 0.12,
            "eps_growth_year": -58.62,
            "eps_4q": -0.05,
            "eps_4q_growth_year": -104.75,
            "roe": 0.9,
            "roe_4q": -0.33999999999999986,
            "gross_profit": 43956,
            "gross_margin": 4.48,
            "gross_margin_4q_avg": 1.56,
            "net_income": 14914,
            "revenue": 980233,
            "common_shares": 1292292,
            "book_valuer_per_share": 12.93,
            "book_valuer_per_share_4q_avg": 12.89,
            "equity": 1670613,
            "current_ratio": 292.72,
            "debt_ratio": 31.89,
            "inventory_turnover_ratio": 1.5,
            "account_receivable_turnover_ratio": 1.18,
            "reinvestment_rate": null,
            "research_to_sale_ratio": null,
            "price_fair": 29.71,
            "eps_avg_yearly": 0.85,
            "eps_latest_yearly": 0.48,
            "eps_growth_yearly": 329.89
        },
        "20122": {
            "year_quarter": 20122,
            "year": 2012,
            "quarter": 2,
            "eps": -0.09,
            "eps_growth_year": null,
            "eps_4q": 0.11,
            "eps_4q_growth_year": -80.04,
            "roe": -0.7,
            "roe_4q": 0.8400000000000001,
            "gross_profit": 10222,
            "gross_margin": 0.92,
            "gross_margin_4q_avg": 2.33,
            "net_income": -11608,
            "revenue": 1111766,
            "common_shares": 1292292,
            "book_valuer_per_share": 12.74,
            "book_valuer_per_share_4q_avg": 12.82,
            "equity": 1646082,
            "current_ratio": 294.19,
            "debt_ratio": 31.72,
            "inventory_turnover_ratio": 1.77,
            "account_receivable_turnover_ratio": 1.45,
            "reinvestment_rate": 9175.02,
            "research_to_sale_ratio": null,
            "price_fair": 29.71,
            "eps_avg_yearly": 0.85,
            "eps_latest_yearly": 0.48,
            "eps_growth_yearly": 329.89
        },
        "20123": {
            "year_quarter": 20123,
            "year": 2012,
            "quarter": 3,
            "eps": -0,
            "eps_growth_year": -104.4,
            "eps_4q": 0.04,
            "eps_4q_growth_year": -89.27,
            "roe": -0.02,
            "roe_4q": 0.3500000000000001,
            "gross_profit": 29271,
            "gross_margin": 2.61,
            "gross_margin_4q_avg": 2.35,
            "net_income": -345,
            "revenue": 1121071,
            "common_shares": 1305215,
            "book_valuer_per_share": 12.61,
            "book_valuer_per_share_4q_avg": 12.77,
            "equity": 1645738,
            "current_ratio": 364.36,
            "debt_ratio": 27.53,
            "inventory_turnover_ratio": 2.19,
            "account_receivable_turnover_ratio": 1.44,
            "reinvestment_rate": 184.46,
            "research_to_sale_ratio": null,
            "price_fair": 29.71,
            "eps_avg_yearly": 0.85,
            "eps_latest_yearly": 0.48,
            "eps_growth_yearly": 329.89
        },
        "20124": {
            "year_quarter": 20124,
            "year": 2012,
            "quarter": 4,
            "eps": 0.06,
            "eps_growth_year": 164.73,
            "eps_4q": 0.08,
            "eps_4q_growth_year": -32.7,
            "roe": 0.46,
            "roe_4q": 0.6400000000000001,
            "gross_profit": 29622,
            "gross_margin": 3.08,
            "gross_margin_4q_avg": 2.77,
            "net_income": 7623,
            "revenue": 962171,
            "common_shares": 1305215,
            "book_valuer_per_share": 12.67,
            "book_valuer_per_share_4q_avg": 12.74,
            "equity": 1653252,
            "current_ratio": 394.11,
            "debt_ratio": 26.38,
            "inventory_turnover_ratio": 2.04,
            "account_receivable_turnover_ratio": 1.29,
            "reinvestment_rate": 79.21,
            "research_to_sale_ratio": null,
            "price_fair": 29.71,
            "eps_avg_yearly": 0.85,
            "eps_latest_yearly": 0.48,
            "eps_growth_yearly": 329.89
        },
        "20131": {
            "year_quarter": 20131,
            "year": 2013,
            "quarter": 1,
            "eps": 0.2,
            "eps_growth_year": 66.67,
            "eps_4q": 0.16,
            "eps_4q_growth_year": null,
            "roe": 1.56,
            "roe_4q": 1.3,
            "gross_profit": 51964,
            "gross_margin": 5.93,
            "gross_margin_4q_avg": 3.14,
            "net_income": 25802,
            "revenue": 876277,
            "common_shares": 1305215,
            "book_valuer_per_share": 12.6,
            "book_valuer_per_share_4q_avg": 12.66,
            "equity": 1644773,
            "current_ratio": 506.92,
            "debt_ratio": 24.7,
            "inventory_turnover_ratio": 1.63,
            "account_receivable_turnover_ratio": 1.29,
            "reinvestment_rate": 63,
            "research_to_sale_ratio": null,
            "price_fair": 29.54,
            "eps_avg_yearly": 0.84,
            "eps_latest_yearly": 0.8,
            "eps_growth_yearly": 390.23
        },
        "20132": {
            "year_quarter": 20132,
            "year": 2013,
            "quarter": 2,
            "eps": -0.14,
            "eps_growth_year": null,
            "eps_4q": 0.11,
            "eps_4q_growth_year": 3.83,
            "roe": -1.14,
            "roe_4q": 0.8600000000000001,
            "gross_profit": -4373,
            "gross_margin": -0.49,
            "gross_margin_4q_avg": 2.78,
            "net_income": -18636,
            "revenue": 895886,
            "common_shares": 1305215,
            "book_valuer_per_share": 12.46,
            "book_valuer_per_share_4q_avg": 12.59,
            "equity": 1626137,
            "current_ratio": 570.93,
            "debt_ratio": 23.33,
            "inventory_turnover_ratio": 1.94,
            "account_receivable_turnover_ratio": 1.43,
            "reinvestment_rate": 76.96,
            "research_to_sale_ratio": null,
            "price_fair": 29.54,
            "eps_avg_yearly": 0.84,
            "eps_latest_yearly": 0.8,
            "eps_growth_yearly": 390.23
        },
        "20133": {
            "year_quarter": 20133,
            "year": 2013,
            "quarter": 3,
            "eps": 0.14,
            "eps_growth_year": null,
            "eps_4q": 0.25,
            "eps_4q_growth_year": 458.52,
            "roe": 1.08,
            "roe_4q": 1.9600000000000002,
            "gross_profit": 46018,
            "gross_margin": 5.31,
            "gross_margin_4q_avg": 3.46,
            "net_income": 17672,
            "revenue": 866501,
            "common_shares": 1305215,
            "book_valuer_per_share": 12.59,
            "book_valuer_per_share_4q_avg": 12.58,
            "equity": 1643809,
            "current_ratio": 746.25,
            "debt_ratio": 21.17,
            "inventory_turnover_ratio": 2.09,
            "account_receivable_turnover_ratio": 1.46,
            "reinvestment_rate": 85.09,
            "research_to_sale_ratio": null,
            "price_fair": 27.69,
            "eps_avg_yearly": 0.79,
            "eps_latest_yearly": 0.8,
            "eps_growth_yearly": 423.72
        },
        "20134": {
            "year_quarter": 20134,
            "year": 2013,
            "quarter": 4,
            "eps": 0.13,
            "eps_growth_year": 124.01,
            "eps_4q": 0.32,
            "eps_4q_growth_year": 296.01,
            "roe": 1.03,
            "roe_4q": 2.5300000000000002,
            "gross_profit": 44039,
            "gross_margin": 5.21,
            "gross_margin_4q_avg": 3.99,
            "net_income": 17076,
            "revenue": 845362,
            "common_shares": 1305215,
            "book_valuer_per_share": 12.77,
            "book_valuer_per_share_4q_avg": 12.61,
            "equity": 1666373,
            "current_ratio": 1069.37,
            "debt_ratio": 18.64,
            "inventory_turnover_ratio": 2.18,
            "account_receivable_turnover_ratio": 1.48,
            "reinvestment_rate": -8.92,
            "research_to_sale_ratio": null,
            "price_fair": 28.47,
            "eps_avg_yearly": 0.81,
            "eps_latest_yearly": 0.52,
            "eps_growth_yearly": 454.21
        },
        "20141": {
            "year_quarter": 20141,
            "year": 2014,
            "quarter": 1,
            "eps": 0.15,
            "eps_growth_year": -25,
            "eps_4q": 0.28,
            "eps_4q_growth_year": 67.57,
            "roe": 1.19,
            "roe_4q": 2.16,
            "gross_profit": 47040,
            "gross_margin": 5.64,
            "gross_margin_4q_avg": 3.92,
            "net_income": 19869,
            "revenue": 833975,
            "common_shares": 1305215,
            "book_valuer_per_share": 12.92,
            "book_valuer_per_share_4q_avg": 12.69,
            "equity": 1686242,
            "current_ratio": 807.66,
            "debt_ratio": 20.2,
            "inventory_turnover_ratio": 2.18,
            "account_receivable_turnover_ratio": 1.44,
            "reinvestment_rate": -10.19,
            "research_to_sale_ratio": null,
            "price_fair": 25.2,
            "eps_avg_yearly": 0.72,
            "eps_latest_yearly": 0.6,
            "eps_growth_yearly": 305.49
        },
        "20142": {
            "year_quarter": 20142,
            "year": 2014,
            "quarter": 2,
            "eps": 0.32,
            "eps_growth_year": null,
            "eps_4q": 0.74,
            "eps_4q_growth_year": 565.81,
            "roe": 2.51,
            "roe_4q": 5.81,
            "gross_profit": 90188,
            "gross_margin": 10.38,
            "gross_margin_4q_avg": 6.64,
            "net_income": 41553,
            "revenue": 868981,
            "common_shares": 1305215,
            "book_valuer_per_share": 12.49,
            "book_valuer_per_share_4q_avg": 12.69,
            "equity": 1629904,
            "current_ratio": 391.96,
            "debt_ratio": 28.05,
            "inventory_turnover_ratio": 1.71,
            "account_receivable_turnover_ratio": 1.47,
            "reinvestment_rate": -12.09,
            "research_to_sale_ratio": null,
            "price_fair": 26.91,
            "eps_avg_yearly": 0.77,
            "eps_latest_yearly": 1.28,
            "eps_growth_yearly": 374.38
        },
        "20143": {
            "year_quarter": 20143,
            "year": 2014,
            "quarter": 3,
            "eps": -0.06,
            "eps_growth_year": -142.86,
            "eps_4q": 0.55,
            "eps_4q_growth_year": 119.23,
            "roe": -0.45,
            "roe_4q": 4.279999999999999,
            "gross_profit": 10380,
            "gross_margin": 1.17,
            "gross_margin_4q_avg": 5.6,
            "net_income": -7333,
            "revenue": 884581,
            "common_shares": 1305215,
            "book_valuer_per_share": 12.43,
            "book_valuer_per_share_4q_avg": 12.65,
            "equity": 1622571,
            "current_ratio": 728.14,
            "debt_ratio": 21.34,
            "inventory_turnover_ratio": 1.76,
            "account_receivable_turnover_ratio": 1.53,
            "reinvestment_rate": -14.93,
            "research_to_sale_ratio": null,
            "price_fair": 27.13,
            "eps_avg_yearly": 0.78,
            "eps_latest_yearly": 1.28,
            "eps_growth_yearly": 428.32
        },
        "20144": {
            "year_quarter": 20144,
            "year": 2014,
            "quarter": 4,
            "eps": 0.02,
            "eps_growth_year": -80.99,
            "eps_4q": 0.44,
            "eps_4q_growth_year": 36.79,
            "roe": 0.2,
            "roe_4q": 3.4499999999999997,
            "gross_profit": 23017,
            "gross_margin": 2.57,
            "gross_margin_4q_avg": 4.94,
            "net_income": 3247,
            "revenue": 895180,
            "common_shares": 1305215,
            "book_valuer_per_share": 12.47,
            "book_valuer_per_share_4q_avg": 12.58,
            "equity": 1627269,
            "current_ratio": 741.64,
            "debt_ratio": 21.06,
            "inventory_turnover_ratio": 1.93,
            "account_receivable_turnover_ratio": 1.56,
            "reinvestment_rate": -4.85,
            "research_to_sale_ratio": null,
            "price_fair": 24.6,
            "eps_avg_yearly": 0.7,
            "eps_latest_yearly": 1.28,
            "eps_growth_yearly": 445.07
        },
        "20151": {
            "year_quarter": 20151,
            "year": 2015,
            "quarter": 1,
            "eps": 0.05,
            "eps_growth_year": -66.67,
            "eps_4q": 0.34,
            "eps_4q_growth_year": 21.93,
            "roe": 0.39,
            "roe_4q": 2.65,
            "gross_profit": 25355,
            "gross_margin": 3.44,
            "gross_margin_4q_avg": 4.39,
            "net_income": 6406,
            "revenue": 736730,
            "common_shares": 1305215,
            "book_valuer_per_share": 12.52,
            "book_valuer_per_share_4q_avg": 12.48,
            "equity": 1633675,
            "current_ratio": 736.63,
            "debt_ratio": 21.11,
            "inventory_turnover_ratio": 1.65,
            "account_receivable_turnover_ratio": 1.33,
            "reinvestment_rate": -11.64,
            "research_to_sale_ratio": null,
            "price_fair": 19.8,
            "eps_avg_yearly": 0.57,
            "eps_latest_yearly": 0.2,
            "eps_growth_yearly": 536.14
        },
        "20152": {
            "year_quarter": 20152,
            "year": 2015,
            "quarter": 2,
            "eps": 0.2,
            "eps_growth_year": -37.5,
            "eps_4q": 0.21,
            "eps_4q_growth_year": -70.85,
            "roe": 1.58,
            "roe_4q": 1.7200000000000004,
            "gross_profit": 34915,
            "gross_margin": 4.25,
            "gross_margin_4q_avg": 2.86,
            "net_income": 25713,
            "revenue": 820883,
            "common_shares": 1305215,
            "book_valuer_per_share": 12.46,
            "book_valuer_per_share_4q_avg": 12.47,
            "equity": 1626758,
            "current_ratio": 700.15,
            "debt_ratio": 21.38,
            "inventory_turnover_ratio": 2.12,
            "account_receivable_turnover_ratio": 1.55,
            "reinvestment_rate": -4.67,
            "research_to_sale_ratio": null,
            "price_fair": 20.83,
            "eps_avg_yearly": 0.6,
            "eps_latest_yearly": 0.8,
            "eps_growth_yearly": 619.12
        },
        "20153": {
            "year_quarter": 20153,
            "year": 2015,
            "quarter": 3,
            "eps": -0.01,
            "eps_growth_year": null,
            "eps_4q": 0.26,
            "eps_4q_growth_year": -52.29,
            "roe": -0.09,
            "roe_4q": 2.08,
            "gross_profit": 13003,
            "gross_margin": 1.77,
            "gross_margin_4q_avg": 3.01,
            "net_income": -1415,
            "revenue": 734735,
            "common_shares": 1305215,
            "book_valuer_per_share": 12.45,
            "book_valuer_per_share_4q_avg": 12.48,
            "equity": 1625343,
            "current_ratio": 807.39,
            "debt_ratio": 20.13,
            "inventory_turnover_ratio": 2.44,
            "account_receivable_turnover_ratio": 1.38,
            "reinvestment_rate": -20.78,
            "research_to_sale_ratio": null,
            "price_fair": 20.83,
            "eps_avg_yearly": 0.6,
            "eps_latest_yearly": 0.8,
            "eps_growth_yearly": 619.12
        },
        "20154": {
            "year_quarter": 20154,
            "year": 2015,
            "quarter": 4,
            "eps": 0.03,
            "eps_growth_year": 9.82,
            "eps_4q": 0.26,
            "eps_4q_growth_year": -40.23,
            "roe": 0.22,
            "roe_4q": 2.1,
            "gross_profit": 44447,
            "gross_margin": 5.82,
            "gross_margin_4q_avg": 3.82,
            "net_income": 3566,
            "revenue": 763737,
            "common_shares": 1305215,
            "book_valuer_per_share": 12.44,
            "book_valuer_per_share_4q_avg": 12.47,
            "equity": 1623649,
            "current_ratio": 842.97,
            "debt_ratio": 19.92,
            "inventory_turnover_ratio": 2.97,
            "account_receivable_turnover_ratio": 1.5,
            "reinvestment_rate": -32.05,
            "research_to_sale_ratio": null,
            "price_fair": 23.4,
            "eps_avg_yearly": 0.67,
            "eps_latest_yearly": 0.8,
            "eps_growth_yearly": 745.66
        },
        "20161": {
            "year_quarter": 20161,
            "year": 2016,
            "quarter": 1,
            "eps": 0.08,
            "eps_growth_year": 60,
            "eps_4q": 0.29,
            "eps_4q_growth_year": -13.02,
            "roe": 0.63,
            "roe_4q": 2.34,
            "gross_profit": 38993,
            "gross_margin": 5.8,
            "gross_margin_4q_avg": 4.41,
            "net_income": 10298,
            "revenue": 672119,
            "common_shares": 1305215,
            "book_valuer_per_share": 12.52,
            "book_valuer_per_share_4q_avg": 12.47,
            "equity": 1633947,
            "current_ratio": 859.38,
            "debt_ratio": 18.66,
            "inventory_turnover_ratio": 2.6,
            "account_receivable_turnover_ratio": 1.38,
            "reinvestment_rate": -32.72,
            "research_to_sale_ratio": null,
            "price_fair": 22.6,
            "eps_avg_yearly": 0.65,
            "eps_latest_yearly": 0.32,
            "eps_growth_yearly": 555.19
        },
        "20162": {
            "year_quarter": 20162,
            "year": 2016,
            "quarter": 2,
            "eps": 0.19,
            "eps_growth_year": -5,
            "eps_4q": 0.28,
            "eps_4q_growth_year": 32.4,
            "roe": 1.51,
            "roe_4q": 2.2700000000000005,
            "gross_profit": 52842,
            "gross_margin": 7.88,
            "gross_margin_4q_avg": 5.32,
            "net_income": 24666,
            "revenue": 670910,
            "common_shares": 1305215,
            "book_valuer_per_share": 12.51,
            "book_valuer_per_share_4q_avg": 12.48,
            "equity": 1632509,
            "current_ratio": 756.05,
            "debt_ratio": 19.57,
            "inventory_turnover_ratio": 1.99,
            "account_receivable_turnover_ratio": 1.4,
            "reinvestment_rate": -10.16,
            "research_to_sale_ratio": null,
            "price_fair": 23.1,
            "eps_avg_yearly": 0.66,
            "eps_latest_yearly": 0.76,
            "eps_growth_yearly": 554.54
        },
        "20163": {
            "year_quarter": 20163,
            "year": 2016,
            "quarter": 3,
            "eps": 0.13,
            "eps_growth_year": null,
            "eps_4q": 0.42,
            "eps_4q_growth_year": 62.96,
            "roe": 1.02,
            "roe_4q": 3.3800000000000003,
            "gross_profit": 41976,
            "gross_margin": 6.13,
            "gross_margin_4q_avg": 6.41,
            "net_income": 16797,
            "revenue": 684472,
            "common_shares": 1305215,
            "book_valuer_per_share": 12.64,
            "book_valuer_per_share_4q_avg": 12.53,
            "equity": 1649306,
            "current_ratio": 827.15,
            "debt_ratio": 17.43,
            "inventory_turnover_ratio": 1.76,
            "account_receivable_turnover_ratio": 1.42,
            "reinvestment_rate": -1.25,
            "research_to_sale_ratio": null,
            "price_fair": 22.56,
            "eps_avg_yearly": 0.64,
            "eps_latest_yearly": 0.52,
            "eps_growth_yearly": 478.89
        },
        "20164": {
            "year_quarter": 20164,
            "year": 2016,
            "quarter": 4,
            "eps": 0.17,
            "eps_growth_year": 505.11,
            "eps_4q": 0.56,
            "eps_4q_growth_year": 114,
            "roe": 1.3,
            "roe_4q": 4.46,
            "gross_profit": 55692,
            "gross_margin": 6.88,
            "gross_margin_4q_avg": 6.67,
            "net_income": 21578,
            "revenue": 809115,
            "common_shares": 1305215,
            "book_valuer_per_share": 12.82,
            "book_valuer_per_share_4q_avg": 12.62,
            "equity": 1673436,
            "current_ratio": 842.39,
            "debt_ratio": 17.15,
            "inventory_turnover_ratio": 2.21,
            "account_receivable_turnover_ratio": 1.5,
            "reinvestment_rate": 3.09,
            "research_to_sale_ratio": null,
            "price_fair": 22.68,
            "eps_avg_yearly": 0.65,
            "eps_latest_yearly": 0.68,
            "eps_growth_yearly": 443.31
        },
        "20171": {
            "year_quarter": 20171,
            "year": 2017,
            "quarter": 1,
            "eps": 0.04,
            "eps_growth_year": -50,
            "eps_4q": 0.52,
            "eps_4q_growth_year": 79.1,
            "roe": 0.32,
            "roe_4q": 4.15,
            "gross_profit": 32934,
            "gross_margin": 5.13,
            "gross_margin_4q_avg": 6.51,
            "net_income": 5308,
            "revenue": 641660,
            "common_shares": 1305215,
            "book_valuer_per_share": 12.86,
            "book_valuer_per_share_4q_avg": 12.71,
            "equity": 1678744,
            "current_ratio": 726.04,
            "debt_ratio": 18.2,
            "inventory_turnover_ratio": 1.56,
            "account_receivable_turnover_ratio": 1.21,
            "reinvestment_rate": 6.4,
            "research_to_sale_ratio": null,
            "price_fair": 20.44,
            "eps_avg_yearly": 0.58,
            "eps_latest_yearly": 0.16,
            "eps_growth_yearly": 319.38
        },
        "20172": {
            "year_quarter": 20172,
            "year": 2017,
            "quarter": 2,
            "eps": -0.24,
            "eps_growth_year": -226.32,
            "eps_4q": 0.09,
            "eps_4q_growth_year": -66.64,
            "roe": -1.91,
            "roe_4q": 0.7300000000000002,
            "gross_profit": -13718,
            "gross_margin": -2.19,
            "gross_margin_4q_avg": 3.99,
            "net_income": -31302,
            "revenue": 627024,
            "common_shares": 1305215,
            "book_valuer_per_share": 12.22,
            "book_valuer_per_share_4q_avg": 12.64,
            "equity": 1595233,
            "current_ratio": 787.15,
            "debt_ratio": 17.51,
            "inventory_turnover_ratio": 1.68,
            "account_receivable_turnover_ratio": 1.3,
            "reinvestment_rate": 6.38,
            "research_to_sale_ratio": null,
            "price_fair": 20.44,
            "eps_avg_yearly": 0.58,
            "eps_latest_yearly": 0.16,
            "eps_growth_yearly": 319.38
        },
        "20173": {
            "year_quarter": 20173,
            "year": 2017,
            "quarter": 3,
            "eps": 0.22,
            "eps_growth_year": 69.23,
            "eps_4q": 0.19,
            "eps_4q_growth_year": -55.23,
            "roe": 1.81,
            "roe_4q": 1.5200000000000002,
            "gross_profit": 56254,
            "gross_margin": 7.31,
            "gross_margin_4q_avg": 4.28,
            "net_income": 29186,
            "revenue": 769557,
            "common_shares": 1305215,
            "book_valuer_per_share": 12.45,
            "book_valuer_per_share_4q_avg": 12.59,
            "equity": 1624419,
            "current_ratio": 747.93,
            "debt_ratio": 17.84,
            "inventory_turnover_ratio": 2.28,
            "account_receivable_turnover_ratio": 1.46,
            "reinvestment_rate": 8.48,
            "research_to_sale_ratio": null,
            "price_fair": 20.44,
            "eps_avg_yearly": 0.58,
            "eps_latest_yearly": 0.16,
            "eps_growth_yearly": 319.38
        },
        "20174": {
            "year_quarter": 20174,
            "year": 2017,
            "quarter": 4,
            "eps": 0.09,
            "eps_growth_year": -44.05,
            "eps_4q": 0.12,
            "eps_4q_growth_year": -79.19,
            "roe": 0.74,
            "roe_4q": 0.96,
            "gross_profit": 42426,
            "gross_margin": 5.65,
            "gross_margin_4q_avg": 3.98,
            "net_income": 12072,
            "revenue": 751446,
            "common_shares": 1305215,
            "book_valuer_per_share": 12.53,
            "book_valuer_per_share_4q_avg": 12.52,
            "equity": 1635986,
            "current_ratio": 695.65,
            "debt_ratio": 18.39,
            "inventory_turnover_ratio": 1.96,
            "account_receivable_turnover_ratio": 1.3,
            "reinvestment_rate": -20.58,
            "research_to_sale_ratio": null,
            "price_fair": 19.88,
            "eps_avg_yearly": 0.57,
            "eps_latest_yearly": 0.36,
            "eps_growth_yearly": 298.61
        },
        "20181": {
            "year_quarter": 20181,
            "year": 2018,
            "quarter": 1,
            "eps": 0.12,
            "eps_growth_year": 200,
            "eps_4q": 0.19,
            "eps_4q_growth_year": -62.8,
            "roe": 0.94,
            "roe_4q": 1.5800000000000003,
            "gross_profit": 43517,
            "gross_margin": 5.36,
            "gross_margin_4q_avg": 4.03,
            "net_income": 15467,
            "revenue": 811531,
            "common_shares": 1305215,
            "book_valuer_per_share": 12.63,
            "book_valuer_per_share_4q_avg": 12.46,
            "equity": 1649052,
            "current_ratio": 809.88,
            "debt_ratio": 16.85,
            "inventory_turnover_ratio": 1.95,
            "account_receivable_turnover_ratio": 1.42,
            "reinvestment_rate": -34.82,
            "research_to_sale_ratio": null,
            "price_fair": 19.46,
            "eps_avg_yearly": 0.56,
            "eps_latest_yearly": 0.48,
            "eps_growth_yearly": 305.78
        },
        "20182": {
            "year_quarter": 20182,
            "year": 2018,
            "quarter": 2,
            "eps": 0.07,
            "eps_growth_year": null,
            "eps_4q": 0.5,
            "eps_4q_growth_year": 429.4,
            "roe": 0.54,
            "roe_4q": 4.029999999999999,
            "gross_profit": 47623,
            "gross_margin": 6.11,
            "gross_margin_4q_avg": 6.11,
            "net_income": 8820,
            "revenue": 778887,
            "common_shares": 1305215,
            "book_valuer_per_share": 12.6,
            "book_valuer_per_share_4q_avg": 12.55,
            "equity": 1644749,
            "current_ratio": 855.25,
            "debt_ratio": 16.69,
            "inventory_turnover_ratio": 1.91,
            "account_receivable_turnover_ratio": 1.37,
            "reinvestment_rate": -45.29,
            "research_to_sale_ratio": null,
            "price_fair": 15.96,
            "eps_avg_yearly": 0.46,
            "eps_latest_yearly": 0.28,
            "eps_growth_yearly": 243.78
        },
        "20183": {
            "year_quarter": 20183,
            "year": 2018,
            "quarter": 3,
            "eps": -0.04,
            "eps_growth_year": -118.18,
            "eps_4q": 0.23,
            "eps_4q_growth_year": 23.2,
            "roe": -0.36,
            "roe_4q": 1.86,
            "gross_profit": 14812,
            "gross_margin": 1.94,
            "gross_margin_4q_avg": 4.77,
            "net_income": -5843,
            "revenue": 761821,
            "common_shares": 1305215,
            "book_valuer_per_share": 12.55,
            "book_valuer_per_share_4q_avg": 12.58,
            "equity": 1638679,
            "current_ratio": 654.71,
            "debt_ratio": 18.79,
            "inventory_turnover_ratio": 1.91,
            "account_receivable_turnover_ratio": 1.27,
            "reinvestment_rate": -43.94,
            "research_to_sale_ratio": null,
            "price_fair": 15.96,
            "eps_avg_yearly": 0.46,
            "eps_latest_yearly": 0.28,
            "eps_growth_yearly": 243.78
        },
        "20184": {
            "year_quarter": 20184,
            "year": 2018,
            "quarter": 4,
            "eps": -0.02,
            "eps_growth_year": -116.92,
            "eps_4q": 0.13,
            "eps_4q_growth_year": 7.46,
            "roe": -0.12,
            "roe_4q": 1,
            "gross_profit": 15527,
            "gross_margin": 2.17,
            "gross_margin_4q_avg": 3.9,
            "net_income": -2042,
            "revenue": 715164,
            "common_shares": 1305215,
            "book_valuer_per_share": 12.56,
            "book_valuer_per_share_4q_avg": 12.59,
            "equity": 1639098,
            "current_ratio": 840.21,
            "debt_ratio": 16.73,
            "inventory_turnover_ratio": 1.89,
            "account_receivable_turnover_ratio": 1.18,
            "reinvestment_rate": -44.89,
            "research_to_sale_ratio": null,
            "price_fair": 15.96,
            "eps_avg_yearly": 0.46,
            "eps_latest_yearly": 0.28,
            "eps_growth_yearly": 243.78
        },
        "20191": {
            "year_quarter": 20191,
            "year": 2019,
            "quarter": 1,
            "eps": 0.14,
            "eps_growth_year": 16.67,
            "eps_4q": 0.15,
            "eps_4q_growth_year": -23.39,
            "roe": 1.12,
            "roe_4q": 1.1800000000000002,
            "gross_profit": 47408,
            "gross_margin": 6.9,
            "gross_margin_4q_avg": 4.28,
            "net_income": 18541,
            "revenue": 687049,
            "common_shares": 1305215,
            "book_valuer_per_share": 12.7,
            "book_valuer_per_share_4q_avg": 12.6,
            "equity": 1657678,
            "current_ratio": 905.13,
            "debt_ratio": 17.02,
            "inventory_turnover_ratio": 1.91,
            "account_receivable_turnover_ratio": 1.17,
            "reinvestment_rate": -42.92,
            "research_to_sale_ratio": null,
            "price_fair": 16.96,
            "eps_avg_yearly": 0.48,
            "eps_latest_yearly": 0.28,
            "eps_growth_yearly": 204.21
        },
        "20192": {
            "year_quarter": 20192,
            "year": 2019,
            "quarter": 2,
            "eps": 0.01,
            "eps_growth_year": -85.71,
            "eps_4q": 0.09,
            "eps_4q_growth_year": -82.25,
            "roe": 0.06,
            "roe_4q": 0.7000000000000001,
            "gross_profit": 25140,
            "gross_margin": 3.72,
            "gross_margin_4q_avg": 3.68,
            "net_income": 981,
            "revenue": 675009,
            "common_shares": 1305215,
            "book_valuer_per_share": 12.58,
            "book_valuer_per_share_4q_avg": 12.6,
            "equity": 1641539,
            "current_ratio": 828.48,
            "debt_ratio": 17.56,
            "inventory_turnover_ratio": 1.92,
            "account_receivable_turnover_ratio": 1.2,
            "reinvestment_rate": -58.52,
            "research_to_sale_ratio": null,
            "price_fair": 14,
            "eps_avg_yearly": 0.4,
            "eps_latest_yearly": 0.04,
            "eps_growth_yearly": 29.6
        },
        "20193": {
            "year_quarter": 20193,
            "year": 2019,
            "quarter": 3,
            "eps": 0.19,
            "eps_growth_year": null,
            "eps_4q": 0.32,
            "eps_4q_growth_year": 36.69,
            "roe": 1.47,
            "roe_4q": 2.5300000000000002,
            "gross_profit": 56220,
            "gross_margin": 7.52,
            "gross_margin_4q_avg": 5.08,
            "net_income": 24233,
            "revenue": 747739,
            "common_shares": 1305215,
            "book_valuer_per_share": 12.77,
            "book_valuer_per_share_4q_avg": 12.65,
            "equity": 1666368,
            "current_ratio": 702.81,
            "debt_ratio": 18.77,
            "inventory_turnover_ratio": 1.98,
            "account_receivable_turnover_ratio": 1.24,
            "reinvestment_rate": -52.51,
            "research_to_sale_ratio": null,
            "price_fair": 15.26,
            "eps_avg_yearly": 0.44,
            "eps_latest_yearly": 0.76,
            "eps_growth_yearly": 746.64
        },
        "20194": {
            "year_quarter": 20194,
            "year": 2019,
            "quarter": 4,
            "eps": 0.03,
            "eps_growth_year": null,
            "eps_4q": 0.36,
            "eps_4q_growth_year": 188.84,
            "roe": 0.22,
            "roe_4q": 2.87,
            "gross_profit": 18034,
            "gross_margin": 2.45,
            "gross_margin_4q_avg": 5.15,
            "net_income": 3620,
            "revenue": 734639,
            "common_shares": 1305215,
            "book_valuer_per_share": 12.82,
            "book_valuer_per_share_4q_avg": 12.72,
            "equity": 1673908,
            "current_ratio": 980.96,
            "debt_ratio": 16.18,
            "inventory_turnover_ratio": 2.28,
            "account_receivable_turnover_ratio": 1.16,
            "reinvestment_rate": -18.75,
            "research_to_sale_ratio": null,
            "price_fair": 14.25,
            "eps_avg_yearly": 0.41,
            "eps_latest_yearly": 0.12,
            "eps_growth_yearly": 648.14
        },
        "20201": {
            "year_quarter": 20201,
            "year": 2020,
            "quarter": 1,
            "eps": 0.04,
            "eps_growth_year": -71.43,
            "eps_4q": 0.26,
            "eps_4q_growth_year": 77.1,
            "roe": 0.34,
            "roe_4q": 2.0900000000000003,
            "gross_profit": 26573,
            "gross_margin": 3.57,
            "gross_margin_4q_avg": 4.32,
            "net_income": 5658,
            "revenue": 745061,
            "common_shares": 1305215,
            "book_valuer_per_share": 12.87,
            "book_valuer_per_share_4q_avg": 12.76,
            "equity": 1679387,
            "current_ratio": 985.9,
            "debt_ratio": 15.76,
            "inventory_turnover_ratio": 2.75,
            "account_receivable_turnover_ratio": 1.2,
            "reinvestment_rate": -19.5,
            "research_to_sale_ratio": null,
            "price_fair": 13.75,
            "eps_avg_yearly": 0.39,
            "eps_latest_yearly": 0.16,
            "eps_growth_yearly": 599.66
        },
        "20202": {
            "year_quarter": 20202,
            "year": 2020,
            "quarter": 2,
            "eps": 0.18,
            "eps_growth_year": 1700,
            "eps_4q": 0.43,
            "eps_4q_growth_year": 386.34,
            "roe": 1.38,
            "roe_4q": 3.41,
            "gross_profit": 51541,
            "gross_margin": 6.75,
            "gross_margin_4q_avg": 5.07,
            "net_income": 23085,
            "revenue": 763421,
            "common_shares": 1305215,
            "book_valuer_per_share": 12.7,
            "book_valuer_per_share_4q_avg": 12.79,
            "equity": 1657267,
            "current_ratio": 730.85,
            "debt_ratio": 17.82,
            "inventory_turnover_ratio": 2.89,
            "account_receivable_turnover_ratio": 1.18,
            "reinvestment_rate": -37.66,
            "research_to_sale_ratio": null,
            "price_fair": 13.62,
            "eps_avg_yearly": 0.39,
            "eps_latest_yearly": 0.72,
            "eps_growth_yearly": 676.93
        },
        "20203": {
            "year_quarter": 20203,
            "year": 2020,
            "quarter": 3,
            "eps": 0.24,
            "eps_growth_year": 26.32,
            "eps_4q": 0.49,
            "eps_4q_growth_year": 53.8,
            "roe": 1.9,
            "roe_4q": 3.84,
            "gross_profit": 62107,
            "gross_margin": 7.11,
            "gross_margin_4q_avg": 4.97,
            "net_income": 31792,
            "revenue": 873273,
            "common_shares": 1305215,
            "book_valuer_per_share": 12.94,
            "book_valuer_per_share_4q_avg": 12.83,
            "equity": 1689496,
            "current_ratio": 581.04,
            "debt_ratio": 19.84,
            "inventory_turnover_ratio": 2.52,
            "account_receivable_turnover_ratio": 1.28,
            "reinvestment_rate": -48.93,
            "research_to_sale_ratio": null,
            "price_fair": 15.02,
            "eps_avg_yearly": 0.43,
            "eps_latest_yearly": 0.96,
            "eps_growth_yearly": 700.54
        },
        "20204": {
            "year_quarter": 20204,
            "year": 2020,
            "quarter": 4,
            "eps": 0.12,
            "eps_growth_year": 327.02,
            "eps_4q": 0.58,
            "eps_4q_growth_year": 60.41,
            "roe": 0.91,
            "roe_4q": 4.529999999999999,
            "gross_profit": 55163,
            "gross_margin": 6.23,
            "gross_margin_4q_avg": 5.92,
            "net_income": 15458,
            "revenue": 885189,
            "common_shares": 1305215,
            "book_valuer_per_share": 13.09,
            "book_valuer_per_share_4q_avg": 12.9,
            "equity": 1708979,
            "current_ratio": 706.01,
            "debt_ratio": 17.72,
            "inventory_turnover_ratio": 2.22,
            "account_receivable_turnover_ratio": 1.22,
            "reinvestment_rate": -48.56,
            "research_to_sale_ratio": null,
            "price_fair": 14.38,
            "eps_avg_yearly": 0.41,
            "eps_latest_yearly": 0.48,
            "eps_growth_yearly": 671.17
        },
        "20211": {
            "year_quarter": 20211,
            "year": 2021,
            "quarter": 1,
            "eps": 0.38,
            "eps_growth_year": 850,
            "eps_4q": 0.92,
            "eps_4q_growth_year": 246.49,
            "roe": 2.84,
            "roe_4q": 7.03,
            "gross_profit": 85200,
            "gross_margin": 9.92,
            "gross_margin_4q_avg": 7.5,
            "net_income": 49176,
            "revenue": 859129,
            "common_shares": 1305215,
            "book_valuer_per_share": 13.48,
            "book_valuer_per_share_4q_avg": 13.05,
            "equity": 1759150,
            "current_ratio": 780,
            "debt_ratio": 16.52,
            "inventory_turnover_ratio": 2.31,
            "account_receivable_turnover_ratio": 1.2,
            "reinvestment_rate": -36.79,
            "research_to_sale_ratio": null,
            "price_fair": 18.71,
            "eps_avg_yearly": 0.53,
            "eps_latest_yearly": 1.52,
            "eps_growth_yearly": 777.76
        },
        "20212": {
            "year_quarter": 20212,
            "year": 2021,
            "quarter": 2,
            "eps": 0.47,
            "eps_growth_year": 161.11,
            "eps_4q": 1.22,
            "eps_4q_growth_year": 180.56,
            "roe": 3.55,
            "roe_4q": 9.2,
            "gross_profit": 104265,
            "gross_margin": 11.9,
            "gross_margin_4q_avg": 8.79,
            "net_income": 62361,
            "revenue": 876012,
            "common_shares": 1305215,
            "book_valuer_per_share": 13.41,
            "book_valuer_per_share_4q_avg": 13.23,
            "equity": 1750704,
            "current_ratio": 536.93,
            "debt_ratio": 19.97,
            "inventory_turnover_ratio": 2.59,
            "account_receivable_turnover_ratio": 1.26,
            "reinvestment_rate": -23.4,
            "research_to_sale_ratio": null,
            "price_fair": 22.63,
            "eps_avg_yearly": 0.65,
            "eps_latest_yearly": 1.88,
            "eps_growth_yearly": 720.84
        },
        "20213": {
            "year_quarter": 20213,
            "year": 2021,
            "quarter": 3,
            "eps": 0.44,
            "eps_growth_year": 83.33,
            "eps_4q": 1.41,
            "eps_4q_growth_year": 186.03,
            "roe": 3.18,
            "roe_4q": 10.48,
            "gross_profit": 94990,
            "gross_margin": 10.94,
            "gross_margin_4q_avg": 9.75,
            "net_income": 56507,
            "revenue": 868411,
            "common_shares": 1305215,
            "book_valuer_per_share": 13.85,
            "book_valuer_per_share_4q_avg": 13.46,
            "equity": 1807939,
            "current_ratio": 606.57,
            "debt_ratio": 18.54,
            "inventory_turnover_ratio": 2.37,
            "account_receivable_turnover_ratio": 1.26,
            "reinvestment_rate": -20.51,
            "research_to_sale_ratio": null,
            "price_fair": 25.63,
            "eps_avg_yearly": 0.73,
            "eps_latest_yearly": 1.76,
            "eps_growth_yearly": 663.43
        },
        "20214": {
            "year_quarter": 20214,
            "year": 2021,
            "quarter": 4,
            "eps": -0.01,
            "eps_growth_year": -107.23,
            "eps_4q": 1.28,
            "eps_4q_growth_year": 119.66,
            "roe": -0.06,
            "roe_4q": 9.51,
            "gross_profit": 16471,
            "gross_margin": 1.86,
            "gross_margin_4q_avg": 8.66,
            "net_income": -1117,
            "revenue": 885587,
            "common_shares": 1305215,
            "book_valuer_per_share": 13.88,
            "book_valuer_per_share_4q_avg": 13.66,
            "equity": 1812178,
            "current_ratio": 561.08,
            "debt_ratio": 19.02,
            "inventory_turnover_ratio": 2.01,
            "account_receivable_turnover_ratio": 1.27,
            "reinvestment_rate": -18.83,
            "research_to_sale_ratio": null,
            "price_fair": 26.72,
            "eps_avg_yearly": 0.76,
            "eps_latest_yearly": 1.76,
            "eps_growth_yearly": 738.41
        },
        "20221": {
            "year_quarter": 20221,
            "year": 2022,
            "quarter": 1,
            "eps": 0.41,
            "eps_growth_year": 7.89,
            "eps_4q": 1.31,
            "eps_4q_growth_year": 43.1,
            "roe": 3.02,
            "roe_4q": 9.690000000000001,
            "gross_profit": 88935,
            "gross_margin": 8.59,
            "gross_margin_4q_avg": 8.32,
            "net_income": 53274,
            "revenue": 1035793,
            "common_shares": 1305215,
            "book_valuer_per_share": 13.11,
            "book_valuer_per_share_4q_avg": 13.56,
            "equity": 1711436,
            "current_ratio": 437.21,
            "debt_ratio": 22.35,
            "inventory_turnover_ratio": 2.18,
            "account_receivable_turnover_ratio": 1.39,
            "reinvestment_rate": -8.13,
            "research_to_sale_ratio": null,
            "price_fair": 27.62,
            "eps_avg_yearly": 0.79,
            "eps_latest_yearly": 1.76,
            "eps_growth_yearly": 793.42
        },
        "20222": {
            "year_quarter": 20222,
            "year": 2022,
            "quarter": 2,
            "eps": -0.27,
            "eps_growth_year": -157.45,
            "eps_4q": 0.57,
            "eps_4q_growth_year": -53.33,
            "roe": -2.04,
            "roe_4q": 4.1,
            "gross_profit": -38716,
            "gross_margin": -5.07,
            "gross_margin_4q_avg": 4.08,
            "net_income": -34554,
            "revenue": 762988,
            "common_shares": 1305215,
            "book_valuer_per_share": 12.85,
            "book_valuer_per_share_4q_avg": 13.42,
            "equity": 1676779,
            "current_ratio": 558.13,
            "debt_ratio": 19.04,
            "inventory_turnover_ratio": 1.84,
            "account_receivable_turnover_ratio": 1.11,
            "reinvestment_rate": -6.72,
            "research_to_sale_ratio": null,
            "price_fair": 29.4,
            "eps_avg_yearly": 0.84,
            "eps_latest_yearly": 1.76,
            "eps_growth_yearly": 889.43
        },
        "20223": {
            "year_quarter": 20223,
            "year": 2022,
            "quarter": 3,
            "eps": 0.1,
            "eps_growth_year": -77.27,
            "eps_4q": 0.23,
            "eps_4q_growth_year": -83.54,
            "roe": 0.75,
            "roe_4q": 1.67,
            "gross_profit": 28086,
            "gross_margin": 3.49,
            "gross_margin_4q_avg": 2.22,
            "net_income": 12593,
            "revenue": 805825,
            "common_shares": 1305215,
            "book_valuer_per_share": 12.94,
            "book_valuer_per_share_4q_avg": 13.2,
            "equity": 1689372,
            "current_ratio": 1039.09,
            "debt_ratio": 14.16,
            "inventory_turnover_ratio": 2.09,
            "account_receivable_turnover_ratio": 1.23,
            "reinvestment_rate": -4.31,
            "research_to_sale_ratio": null,
            "price_fair": 29.4,
            "eps_avg_yearly": 0.84,
            "eps_latest_yearly": 1.76,
            "eps_growth_yearly": 889.43
        },
        "20224": {
            "year_quarter": 20224,
            "year": 2022,
            "quarter": 4,
            "eps": 0.05,
            "eps_growth_year": null,
            "eps_4q": 0.29,
            "eps_4q_growth_year": -77.11,
            "roe": 0.41,
            "roe_4q": 2.1399999999999997,
            "gross_profit": 29805,
            "gross_margin": 3.94,
            "gross_margin_4q_avg": 2.74,
            "net_income": 6903,
            "revenue": 756461,
            "common_shares": 1305215,
            "book_valuer_per_share": 13.06,
            "book_valuer_per_share_4q_avg": 12.99,
            "equity": 1704167,
            "current_ratio": 1753.52,
            "debt_ratio": 11.42,
            "inventory_turnover_ratio": 2.68,
            "account_receivable_turnover_ratio": 1.11,
            "reinvestment_rate": -3.23,
            "research_to_sale_ratio": null,
            "price_fair": 27.36,
            "eps_avg_yearly": 0.78,
            "eps_latest_yearly": 0.2,
            "eps_growth_yearly": 790.39
        },
        "20231": {
            "year_quarter": 20231,
            "year": 2023,
            "quarter": 1,
            "eps": -0.06,
            "eps_growth_year": -114.63,
            "eps_4q": -0.17,
            "eps_4q_growth_year": -113.29,
            "roe": -0.45,
            "roe_4q": -1.33,
            "gross_profit": 1327,
            "gross_margin": 0.18,
            "gross_margin_4q_avg": 0.64,
            "net_income": -7672,
            "revenue": 737416,
            "common_shares": 1305215,
            "book_valuer_per_share": 12.8,
            "book_valuer_per_share_4q_avg": 12.91,
            "equity": 1670391,
            "current_ratio": 674.78,
            "debt_ratio": 16.73,
            "inventory_turnover_ratio": 2.24,
            "account_receivable_turnover_ratio": 1.16,
            "reinvestment_rate": -0.95,
            "research_to_sale_ratio": null,
            "price_fair": 27.36,
            "eps_avg_yearly": 0.78,
            "eps_latest_yearly": 0.2,
            "eps_growth_yearly": 790.39
        }
    },
    "months": {
        "2001-06": {
            "month": "2001-06",
            "price": "8.83",
            "revenue": 140947
        },
        "2001-07": {
            "month": "2001-07",
            "price": "8.00",
            "revenue": 120979
        },
        "2001-08": {
            "month": "2001-08",
            "price": "7.40",
            "revenue": 128358
        },
        "2001-09": {
            "month": "2001-09",
            "price": "7.11",
            "revenue": 115001
        },
        "2001-10": {
            "month": "2001-10",
            "price": "7.00",
            "revenue": 125148
        },
        "2001-11": {
            "month": "2001-11",
            "price": "7.11",
            "revenue": 140420
        },
        "2001-12": {
            "month": "2001-12",
            "price": "7.60",
            "revenue": 138131
        },
        "2002-01": {
            "month": "2002-01",
            "price": "7.83",
            "revenue": 167489
        },
        "2002-02": {
            "month": "2002-02",
            "price": "7.87",
            "revenue": 126791
        },
        "2002-03": {
            "month": "2002-03",
            "price": "9.40",
            "revenue": 177583
        },
        "2002-04": {
            "month": "2002-04",
            "price": "10.97",
            "revenue": 201185
        },
        "2002-05": {
            "month": "2002-05",
            "price": "12.72",
            "revenue": 220744
        },
        "2002-06": {
            "month": "2002-06",
            "price": "18.27",
            "revenue": 182125
        },
        "2002-07": {
            "month": "2002-07",
            "price": "17.09",
            "revenue": 159944
        },
        "2002-08": {
            "month": "2002-08",
            "price": "17.15",
            "revenue": 137185
        },
        "2002-09": {
            "month": "2002-09",
            "price": "13.88",
            "revenue": 128180
        },
        "2002-10": {
            "month": "2002-10",
            "price": "13.10",
            "revenue": 160697
        },
        "2002-11": {
            "month": "2002-11",
            "price": "14.73",
            "revenue": 192945
        },
        "2002-12": {
            "month": "2002-12",
            "price": "14.92",
            "revenue": 164935
        },
        "2003-01": {
            "month": "2003-01",
            "price": "19.04",
            "revenue": 218989
        },
        "2003-02": {
            "month": "2003-02",
            "price": "23.07",
            "revenue": 196046
        },
        "2003-03": {
            "month": "2003-03",
            "price": "18.30",
            "revenue": 230937
        },
        "2003-04": {
            "month": "2003-04",
            "price": "20.69",
            "revenue": 174477
        },
        "2003-05": {
            "month": "2003-05",
            "price": "20.82",
            "revenue": 159350
        },
        "2003-06": {
            "month": "2003-06",
            "price": "23.34",
            "revenue": 223864
        },
        "2003-07": {
            "month": "2003-07",
            "price": "24.45",
            "revenue": 186074
        },
        "2003-08": {
            "month": "2003-08",
            "price": "25.25",
            "revenue": 217779
        },
        "2003-09": {
            "month": "2003-09",
            "price": "21.70",
            "revenue": 196250
        },
        "2003-10": {
            "month": "2003-10",
            "price": "21.28",
            "revenue": 209560
        },
        "2003-11": {
            "month": "2003-11",
            "price": "19.68",
            "revenue": 230858
        },
        "2003-12": {
            "month": "2003-12",
            "price": "20.44",
            "revenue": 276250
        },
        "2004-01": {
            "month": "2004-01",
            "price": "22.96",
            "revenue": 248962
        },
        "2004-02": {
            "month": "2004-02",
            "price": "25.79",
            "revenue": 292162
        },
        "2004-03": {
            "month": "2004-03",
            "price": "32.36",
            "revenue": 270522
        },
        "2004-04": {
            "month": "2004-04",
            "price": "28.41",
            "revenue": 253894
        },
        "2004-05": {
            "month": "2004-05",
            "price": "21.91",
            "revenue": 233978
        },
        "2004-06": {
            "month": "2004-06",
            "price": "22.54",
            "revenue": 272528
        },
        "2004-07": {
            "month": "2004-07",
            "price": "22.52",
            "revenue": 355406
        },
        "2004-08": {
            "month": "2004-08",
            "price": "21.46",
            "revenue": 236611
        },
        "2004-09": {
            "month": "2004-09",
            "price": "25.70",
            "revenue": 325260
        },
        "2004-10": {
            "month": "2004-10",
            "price": "24.94",
            "revenue": 380231
        },
        "2004-11": {
            "month": "2004-11",
            "price": "21.95",
            "revenue": 315789
        },
        "2004-12": {
            "month": "2004-12",
            "price": "22.39",
            "revenue": 302364
        },
        "2005-01": {
            "month": "2005-01",
            "price": "21.64",
            "revenue": 302583
        },
        "2005-02": {
            "month": "2005-02",
            "price": "21.52",
            "revenue": 267780
        },
        "2005-03": {
            "month": "2005-03",
            "price": "19.87",
            "revenue": 386972
        },
        "2005-04": {
            "month": "2005-04",
            "price": "18.20",
            "revenue": 277211
        },
        "2005-05": {
            "month": "2005-05",
            "price": "15.75",
            "revenue": 269030
        },
        "2005-06": {
            "month": "2005-06",
            "price": "16.96",
            "revenue": 263764
        },
        "2005-07": {
            "month": "2005-07",
            "price": "15.29",
            "revenue": 267260
        },
        "2005-08": {
            "month": "2005-08",
            "price": "14.44",
            "revenue": 352551
        },
        "2005-09": {
            "month": "2005-09",
            "price": "13.43",
            "revenue": 321720
        },
        "2005-10": {
            "month": "2005-10",
            "price": "10.61",
            "revenue": 277154
        },
        "2005-11": {
            "month": "2005-11",
            "price": "9.49",
            "revenue": 273532
        },
        "2005-12": {
            "month": "2005-12",
            "price": "9.87",
            "revenue": 321235
        },
        "2006-01": {
            "month": "2006-01",
            "price": "10.11",
            "revenue": 311449
        },
        "2006-02": {
            "month": "2006-02",
            "price": "14.89",
            "revenue": 292948
        },
        "2006-03": {
            "month": "2006-03",
            "price": "15.01",
            "revenue": 360991
        },
        "2006-04": {
            "month": "2006-04",
            "price": "17.72",
            "revenue": 378770
        },
        "2006-05": {
            "month": "2006-05",
            "price": "16.40",
            "revenue": 412895
        },
        "2006-06": {
            "month": "2006-06",
            "price": "14.27",
            "revenue": 368816
        },
        "2006-07": {
            "month": "2006-07",
            "price": "15.30",
            "revenue": 494845
        },
        "2006-08": {
            "month": "2006-08",
            "price": "17.24",
            "revenue": 521590
        },
        "2006-09": {
            "month": "2006-09",
            "price": "17.75",
            "revenue": 545689
        },
        "2006-10": {
            "month": "2006-10",
            "price": "26.54",
            "revenue": 546657
        },
        "2006-11": {
            "month": "2006-11",
            "price": "28.95",
            "revenue": 484162
        },
        "2006-12": {
            "month": "2006-12",
            "price": "29.04",
            "revenue": 601279
        },
        "2007-01": {
            "month": "2007-01",
            "price": "31.78",
            "revenue": 632931
        },
        "2007-02": {
            "month": "2007-02",
            "price": "35.97",
            "revenue": 380904
        },
        "2007-03": {
            "month": "2007-03",
            "price": "35.25",
            "revenue": 889561
        },
        "2007-04": {
            "month": "2007-04",
            "price": "39.34",
            "revenue": 667337
        },
        "2007-05": {
            "month": "2007-05",
            "price": "37.33",
            "revenue": 654309
        },
        "2007-06": {
            "month": "2007-06",
            "price": "36.14",
            "revenue": 354069
        },
        "2007-07": {
            "month": "2007-07",
            "price": "35.20",
            "revenue": 311235
        },
        "2007-08": {
            "month": "2007-08",
            "price": "29.48",
            "revenue": 471164
        },
        "2007-09": {
            "month": "2007-09",
            "price": "28.47",
            "revenue": 605732
        },
        "2007-10": {
            "month": "2007-10",
            "price": "27.65",
            "revenue": 530067
        },
        "2007-11": {
            "month": "2007-11",
            "price": "21.26",
            "revenue": 483165
        },
        "2007-12": {
            "month": "2007-12",
            "price": "17.39",
            "revenue": 370993
        },
        "2008-01": {
            "month": "2008-01",
            "price": "17.48",
            "revenue": 615427
        },
        "2008-02": {
            "month": "2008-02",
            "price": "19.10",
            "revenue": 414993
        },
        "2008-03": {
            "month": "2008-03",
            "price": "24.10",
            "revenue": 582139
        },
        "2008-04": {
            "month": "2008-04",
            "price": "23.55",
            "revenue": 402435
        },
        "2008-05": {
            "month": "2008-05",
            "price": "22.57",
            "revenue": 397378
        },
        "2008-06": {
            "month": "2008-06",
            "price": "17.47",
            "revenue": 481329
        },
        "2008-07": {
            "month": "2008-07",
            "price": "14.83",
            "revenue": 392996
        },
        "2008-08": {
            "month": "2008-08",
            "price": "14.20",
            "revenue": 427583
        },
        "2008-09": {
            "month": "2008-09",
            "price": "10.90",
            "revenue": 391849
        },
        "2008-10": {
            "month": "2008-10",
            "price": "7.73",
            "revenue": 334787
        },
        "2008-11": {
            "month": "2008-11",
            "price": "7.14",
            "revenue": 282468
        },
        "2008-12": {
            "month": "2008-12",
            "price": "7.12",
            "revenue": 220296
        },
        "2009-01": {
            "month": "2009-01",
            "price": "8.11",
            "revenue": 202065
        },
        "2009-02": {
            "month": "2009-02",
            "price": "7.86",
            "revenue": 226460
        },
        "2009-03": {
            "month": "2009-03",
            "price": "8.51",
            "revenue": 265717
        },
        "2009-04": {
            "month": "2009-04",
            "price": "11.64",
            "revenue": 350753
        },
        "2009-05": {
            "month": "2009-05",
            "price": "13.69",
            "revenue": 297603
        },
        "2009-06": {
            "month": "2009-06",
            "price": "15.21",
            "revenue": 384332
        },
        "2009-07": {
            "month": "2009-07",
            "price": "15.24",
            "revenue": 345331
        },
        "2009-08": {
            "month": "2009-08",
            "price": "15.38",
            "revenue": 386307
        },
        "2009-09": {
            "month": "2009-09",
            "price": "14.82",
            "revenue": 268004
        },
        "2009-10": {
            "month": "2009-10",
            "price": "15.28",
            "revenue": 396365
        },
        "2009-11": {
            "month": "2009-11",
            "price": "15.09",
            "revenue": 320698
        },
        "2009-12": {
            "month": "2009-12",
            "price": "16.98",
            "revenue": 416292
        },
        "2010-01": {
            "month": "2010-01",
            "price": "22.72",
            "revenue": 400134
        },
        "2010-02": {
            "month": "2010-02",
            "price": "21.22",
            "revenue": 245093
        },
        "2010-03": {
            "month": "2010-03",
            "price": "22.96",
            "revenue": 545982
        },
        "2010-04": {
            "month": "2010-04",
            "price": "23.84",
            "revenue": 543181
        },
        "2010-05": {
            "month": "2010-05",
            "price": "19.81",
            "revenue": 343328
        },
        "2010-06": {
            "month": "2010-06",
            "price": "17.08",
            "revenue": 412720
        },
        "2010-07": {
            "month": "2010-07",
            "price": "17.58",
            "revenue": 441085
        },
        "2010-08": {
            "month": "2010-08",
            "price": "18.93",
            "revenue": 499581
        },
        "2010-09": {
            "month": "2010-09",
            "price": "18.73",
            "revenue": 465847
        },
        "2010-10": {
            "month": "2010-10",
            "price": "18.40",
            "revenue": 418904
        },
        "2010-11": {
            "month": "2010-11",
            "price": "17.61",
            "revenue": 388395
        },
        "2010-12": {
            "month": "2010-12",
            "price": "18.11",
            "revenue": 535989
        },
        "2011-01": {
            "month": "2011-01",
            "price": "19.79",
            "revenue": 479079
        },
        "2011-02": {
            "month": "2011-02",
            "price": "20.65",
            "revenue": 391542
        },
        "2011-03": {
            "month": "2011-03",
            "price": "18.66",
            "revenue": 497767
        },
        "2011-04": {
            "month": "2011-04",
            "price": "18.15",
            "revenue": 407908
        },
        "2011-05": {
            "month": "2011-05",
            "price": "17.19",
            "revenue": 361688
        },
        "2011-06": {
            "month": "2011-06",
            "price": "16.21",
            "revenue": 392803
        },
        "2011-07": {
            "month": "2011-07",
            "price": "15.16",
            "revenue": 511446
        },
        "2011-08": {
            "month": "2011-08",
            "price": "14.57",
            "revenue": 372931
        },
        "2011-09": {
            "month": "2011-09",
            "price": "12.64",
            "revenue": 391792
        },
        "2011-10": {
            "month": "2011-10",
            "price": "11.11",
            "revenue": 391175
        },
        "2011-11": {
            "month": "2011-11",
            "price": "10.53",
            "revenue": 379050
        },
        "2011-12": {
            "month": "2011-12",
            "price": "9.64",
            "revenue": 437544
        },
        "2012-01": {
            "month": "2012-01",
            "price": "10.15",
            "revenue": 289974
        },
        "2012-02": {
            "month": "2012-02",
            "price": "12.89",
            "revenue": 317891
        },
        "2012-03": {
            "month": "2012-03",
            "price": "12.51",
            "revenue": 372368
        },
        "2012-04": {
            "month": "2012-04",
            "price": "10.31",
            "revenue": 407546
        },
        "2012-05": {
            "month": "2012-05",
            "price": "10.06",
            "revenue": 372850
        },
        "2012-06": {
            "month": "2012-06",
            "price": "9.98",
            "revenue": 331369
        },
        "2012-07": {
            "month": "2012-07",
            "price": "9.90",
            "revenue": 387934
        },
        "2012-08": {
            "month": "2012-08",
            "price": "9.87",
            "revenue": 341757
        },
        "2012-09": {
            "month": "2012-09",
            "price": "11.27",
            "revenue": 391380
        },
        "2012-10": {
            "month": "2012-10",
            "price": "10.93",
            "revenue": 271567
        },
        "2012-11": {
            "month": "2012-11",
            "price": "10.27",
            "revenue": 323232
        },
        "2012-12": {
            "month": "2012-12",
            "price": "11.22",
            "revenue": 367372
        },
        "2013-01": {
            "month": "2013-01",
            "price": "11.92",
            "revenue": 371812
        },
        "2013-02": {
            "month": "2013-02",
            "price": "11.53",
            "revenue": 203655
        },
        "2013-03": {
            "month": "2013-03",
            "price": "10.75",
            "revenue": 300810
        },
        "2013-04": {
            "month": "2013-04",
            "price": "10.36",
            "revenue": 309970
        },
        "2013-05": {
            "month": "2013-05",
            "price": "10.57",
            "revenue": 319611
        },
        "2013-06": {
            "month": "2013-06",
            "price": "10.40",
            "revenue": 266305
        },
        "2013-07": {
            "month": "2013-07",
            "price": "10.23",
            "revenue": 321598
        },
        "2013-08": {
            "month": "2013-08",
            "price": "10.47",
            "revenue": 309333
        },
        "2013-09": {
            "month": "2013-09",
            "price": "11.10",
            "revenue": 235570
        },
        "2013-10": {
            "month": "2013-10",
            "price": "10.69",
            "revenue": 285359
        },
        "2013-11": {
            "month": "2013-11",
            "price": "10.39",
            "revenue": 271124
        },
        "2013-12": {
            "month": "2013-12",
            "price": "10.81",
            "revenue": 288879
        },
        "2014-01": {
            "month": "2014-01",
            "price": "11.47",
            "revenue": 266536
        },
        "2014-02": {
            "month": "2014-02",
            "price": "11.11",
            "revenue": 215024
        },
        "2014-03": {
            "month": "2014-03",
            "price": "11.65",
            "revenue": 352414
        },
        "2014-04": {
            "month": "2014-04",
            "price": "12.38",
            "revenue": 304701
        },
        "2014-05": {
            "month": "2014-05",
            "price": "12.75",
            "revenue": 348557
        },
        "2014-06": {
            "month": "2014-06",
            "price": "12.49",
            "revenue": 215723
        },
        "2014-07": {
            "month": "2014-07",
            "price": "12.15",
            "revenue": 297788
        },
        "2014-08": {
            "month": "2014-08",
            "price": "12.63",
            "revenue": 284724
        },
        "2014-09": {
            "month": "2014-09",
            "price": "12.45",
            "revenue": 302069
        },
        "2014-10": {
            "month": "2014-10",
            "price": "11.33",
            "revenue": 285252
        },
        "2014-11": {
            "month": "2014-11",
            "price": "10.82",
            "revenue": 301727
        },
        "2014-12": {
            "month": "2014-12",
            "price": "10.95",
            "revenue": 308201
        },
        "2015-01": {
            "month": "2015-01",
            "price": "11.03",
            "revenue": 257314
        },
        "2015-02": {
            "month": "2015-02",
            "price": "10.91",
            "revenue": 190534
        },
        "2015-03": {
            "month": "2015-03",
            "price": "10.72",
            "revenue": 288883
        },
        "2015-04": {
            "month": "2015-04",
            "price": "10.75",
            "revenue": 282453
        },
        "2015-05": {
            "month": "2015-05",
            "price": "10.82",
            "revenue": 285958
        },
        "2015-06": {
            "month": "2015-06",
            "price": "10.20",
            "revenue": 252472
        },
        "2015-07": {
            "month": "2015-07",
            "price": "9.80",
            "revenue": 257709
        },
        "2015-08": {
            "month": "2015-08",
            "price": "8.84",
            "revenue": 234488
        },
        "2015-09": {
            "month": "2015-09",
            "price": "8.73",
            "revenue": 242538
        },
        "2015-10": {
            "month": "2015-10",
            "price": "9.07",
            "revenue": 271172
        },
        "2015-11": {
            "month": "2015-11",
            "price": "8.58",
            "revenue": 228805
        },
        "2015-12": {
            "month": "2015-12",
            "price": "8.23",
            "revenue": 263760
        },
        "2016-01": {
            "month": "2016-01",
            "price": "7.94",
            "revenue": 234716
        },
        "2016-02": {
            "month": "2016-02",
            "price": "8.98",
            "revenue": 158080
        },
        "2016-03": {
            "month": "2016-03",
            "price": "9.85",
            "revenue": 279324
        },
        "2016-04": {
            "month": "2016-04",
            "price": "10.44",
            "revenue": 241611
        },
        "2016-05": {
            "month": "2016-05",
            "price": "9.48",
            "revenue": 222089
        },
        "2016-06": {
            "month": "2016-06",
            "price": "9.24",
            "revenue": 207211
        },
        "2016-07": {
            "month": "2016-07",
            "price": "10.24",
            "revenue": 261787
        },
        "2016-08": {
            "month": "2016-08",
            "price": "10.24",
            "revenue": 227009
        },
        "2016-09": {
            "month": "2016-09",
            "price": "9.96",
            "revenue": 195676
        },
        "2016-10": {
            "month": "2016-10",
            "price": "9.94",
            "revenue": 230142
        },
        "2016-11": {
            "month": "2016-11",
            "price": "10.88",
            "revenue": 303882
        },
        "2016-12": {
            "month": "2016-12",
            "price": "10.74",
            "revenue": 275092
        },
        "2017-01": {
            "month": "2017-01",
            "price": "10.45",
            "revenue": 160804
        },
        "2017-02": {
            "month": "2017-02",
            "price": "11.05",
            "revenue": 205775
        },
        "2017-03": {
            "month": "2017-03",
            "price": "10.88",
            "revenue": 275082
        },
        "2017-04": {
            "month": "2017-04",
            "price": "10.36",
            "revenue": 183665
        },
        "2017-05": {
            "month": "2017-05",
            "price": "9.91",
            "revenue": 202304
        },
        "2017-06": {
            "month": "2017-06",
            "price": "9.87",
            "revenue": 241054
        },
        "2017-07": {
            "month": "2017-07",
            "price": "9.90",
            "revenue": 261954
        },
        "2017-08": {
            "month": "2017-08",
            "price": "10.12",
            "revenue": 273370
        },
        "2017-09": {
            "month": "2017-09",
            "price": "10.04",
            "revenue": 234234
        },
        "2017-10": {
            "month": "2017-10",
            "price": "9.85",
            "revenue": 223927
        },
        "2017-11": {
            "month": "2017-11",
            "price": "10.11",
            "revenue": 286752
        },
        "2017-12": {
            "month": "2017-12",
            "price": "9.98",
            "revenue": 240766
        },
        "2018-01": {
            "month": "2018-01",
            "price": "10.65",
            "revenue": 301913
        },
        "2018-02": {
            "month": "2018-02",
            "price": "10.46",
            "revenue": 166784
        },
        "2018-03": {
            "month": "2018-03",
            "price": "10.47",
            "revenue": 342834
        },
        "2018-04": {
            "month": "2018-04",
            "price": "10.62",
            "revenue": 261872
        },
        "2018-05": {
            "month": "2018-05",
            "price": "10.30",
            "revenue": 257966
        },
        "2018-06": {
            "month": "2018-06",
            "price": "10.20",
            "revenue": 259048
        },
        "2018-07": {
            "month": "2018-07",
            "price": "9.82",
            "revenue": 251307
        },
        "2018-08": {
            "month": "2018-08",
            "price": "9.81",
            "revenue": 277897
        },
        "2018-09": {
            "month": "2018-09",
            "price": "9.79",
            "revenue": 232617
        },
        "2018-10": {
            "month": "2018-10",
            "price": "9.32",
            "revenue": 241816
        },
        "2018-11": {
            "month": "2018-11",
            "price": "9.01",
            "revenue": 245693
        },
        "2018-12": {
            "month": "2018-12",
            "price": "9.06",
            "revenue": 227654
        },
        "2019-01": {
            "month": "2019-01",
            "price": "8.91",
            "revenue": 279648
        },
        "2019-02": {
            "month": "2019-02",
            "price": "9.01",
            "revenue": 178966
        },
        "2019-03": {
            "month": "2019-03",
            "price": "9.15",
            "revenue": 228436
        },
        "2019-04": {
            "month": "2019-04",
            "price": "8.86",
            "revenue": 222187
        },
        "2019-05": {
            "month": "2019-05",
            "price": "8.85",
            "revenue": 234999
        },
        "2019-06": {
            "month": "2019-06",
            "price": "8.77",
            "revenue": 217823
        },
        "2019-07": {
            "month": "2019-07",
            "price": "8.90",
            "revenue": 267248
        },
        "2019-08": {
            "month": "2019-08",
            "price": "9.06",
            "revenue": 259745
        },
        "2019-09": {
            "month": "2019-09",
            "price": "9.44",
            "revenue": 220746
        },
        "2019-10": {
            "month": "2019-10",
            "price": "9.21",
            "revenue": 220501
        },
        "2019-11": {
            "month": "2019-11",
            "price": "9.19",
            "revenue": 223669
        },
        "2019-12": {
            "month": "2019-12",
            "price": "9.15",
            "revenue": 290470
        },
        "2020-01": {
            "month": "2020-01",
            "price": "9.15",
            "revenue": 228084
        },
        "2020-02": {
            "month": "2020-02",
            "price": "8.84",
            "revenue": 247933
        },
        "2020-03": {
            "month": "2020-03",
            "price": "7.72",
            "revenue": 269045
        },
        "2020-04": {
            "month": "2020-04",
            "price": "7.94",
            "revenue": 225701
        },
        "2020-05": {
            "month": "2020-05",
            "price": "8.30",
            "revenue": 262843
        },
        "2020-06": {
            "month": "2020-06",
            "price": "8.56",
            "revenue": 274877
        },
        "2020-07": {
            "month": "2020-07",
            "price": "8.45",
            "revenue": 298767
        },
        "2020-08": {
            "month": "2020-08",
            "price": "8.85",
            "revenue": 280860
        },
        "2020-09": {
            "month": "2020-09",
            "price": "10.15",
            "revenue": 293646
        },
        "2020-10": {
            "month": "2020-10",
            "price": "9.86",
            "revenue": 263041
        },
        "2020-11": {
            "month": "2020-11",
            "price": "10.46",
            "revenue": 278325
        },
        "2020-12": {
            "month": "2020-12",
            "price": "13.15",
            "revenue": 343823
        },
        "2021-01": {
            "month": "2021-01",
            "price": "13.89",
            "revenue": 354041
        },
        "2021-02": {
            "month": "2021-02",
            "price": "13.64",
            "revenue": 227423
        },
        "2021-03": {
            "month": "2021-03",
            "price": "14.07",
            "revenue": 277664
        },
        "2021-04": {
            "month": "2021-04",
            "price": "18.78",
            "revenue": 276624
        },
        "2021-05": {
            "month": "2021-05",
            "price": "19.23",
            "revenue": 350601
        },
        "2021-06": {
            "month": "2021-06",
            "price": "21.44",
            "revenue": 248788
        },
        "2021-07": {
            "month": "2021-07",
            "price": "37.23",
            "revenue": 314654
        },
        "2021-08": {
            "month": "2021-08",
            "price": "32.05",
            "revenue": 260502
        },
        "2021-09": {
            "month": "2021-09",
            "price": "29.54",
            "revenue": 293255
        },
        "2021-10": {
            "month": "2021-10",
            "price": "25.03",
            "revenue": 339004
        },
        "2021-11": {
            "month": "2021-11",
            "price": "23.84",
            "revenue": 300281
        },
        "2021-12": {
            "month": "2021-12",
            "price": "23.75",
            "revenue": 246302
        },
        "2022-01": {
            "month": "2022-01",
            "price": "22.06",
            "revenue": 331369
        },
        "2022-02": {
            "month": "2022-02",
            "price": "23.49",
            "revenue": 290808
        },
        "2022-03": {
            "month": "2022-03",
            "price": "32.95",
            "revenue": 413615
        },
        "2022-04": {
            "month": "2022-04",
            "price": "32.96",
            "revenue": 297649
        },
        "2022-05": {
            "month": "2022-05",
            "price": "26.77",
            "revenue": 221296
        },
        "2022-06": {
            "month": "2022-06",
            "price": "23.35",
            "revenue": 244043
        },
        "2022-07": {
            "month": "2022-07",
            "price": "18.57",
            "revenue": 225368
        },
        "2022-08": {
            "month": "2022-08",
            "price": "19.72",
            "revenue": 283295
        },
        "2022-09": {
            "month": "2022-09",
            "price": "19.45",
            "revenue": 297163
        },
        "2022-10": {
            "month": "2022-10",
            "price": "17.11",
            "revenue": 197609
        },
        "2022-11": {
            "month": "2022-11",
            "price": "17.82",
            "revenue": 248049
        },
        "2022-12": {
            "month": "2022-12",
            "price": "19.65",
            "revenue": 310803
        },
        "2023-01": {
            "month": "2023-01",
            "price": "20.44",
            "revenue": 210527
        },
        "2023-02": {
            "month": "2023-02",
            "price": "21.06",
            "revenue": 254849
        },
        "2023-03": {
            "month": "2023-03",
            "price": "20.11",
            "revenue": 272040
        },
        "2023-04": {
            "month": "2023-04",
            "price": "19.31",
            "revenue": 210801
        }
    }
}
