{
    "summary": {
        "stock_name": "允強",
        "stock_id": "2034",
        "category": "鋼鐵",
        "main_business": "不銹鋼捲(板)裁切及買賣<br>不銹鋼焊接鋼管之製造加工及買賣<br>不銹鋼角鋼,扁鐵及槽鐵等之製造加工及買賣",
        "website_url": "http://www.ycinox.com",
        "ceo": "張金鈺",
        "pe_ratio": 68,
        "report_year_from": 2001,
        "report_year_to": 2023,
        "age": 22,
        "eps_negative_percentage": 4,
        "eps_growth_avg": {
            "last_all": 16.69,
            "last_2y": 3.08,
            "last_4y": -2.2,
            "last_8y": 3.79,
            "last_12y": 14.17,
            "last_16y": 13.78,
            "last_20y": 16.69,
            "at_2006_last_3y": 49.91,
            "at_2007_last_3y": 19.69,
            "at_2008_last_3y": -29.26,
            "at_2009_last_3y": 12.5,
            "at_2010_last_3y": 12.5,
            "at_2011_last_3y": 21.53,
            "at_2012_last_3y": 37.81,
            "at_2013_last_3y": 37.52,
            "at_2014_last_3y": 25.52,
            "at_2015_last_3y": 18.57,
            "at_2016_last_3y": 35.62,
            "at_2017_last_3y": 11.29,
            "at_2018_last_3y": 1.15,
            "at_2019_last_3y": 4.69,
            "at_2020_last_3y": -12.69,
            "at_2021_last_3y": 11.93,
            "at_2022_last_3y": -5.62,
            "at_2023_last_3y": -5.62,
            "at_2006_last_all": 49.91,
            "at_2007_last_all": 29.09,
            "at_2008_last_all": 8.27,
            "at_2009_last_all": 21.37,
            "at_2010_last_all": 31.2,
            "at_2011_last_all": 25.73,
            "at_2012_last_all": 20.08,
            "at_2013_last_all": 27.25,
            "at_2014_last_all": 29.31,
            "at_2015_last_all": 23.53,
            "at_2016_last_all": 24.52,
            "at_2017_last_all": 22.99,
            "at_2018_last_all": 22.27,
            "at_2019_last_all": 19.09,
            "at_2020_last_all": 16.25,
            "at_2021_last_all": 20.66,
            "at_2022_last_all": 16.69,
            "at_2023_last_all": 16.69
        },
        "latest_eps": 0.43,
        "latest_price": 29.1,
        "latest_roe": 1.87,
        "latest_gross_margin": 7.46,
        "latest_equity": 10870513,
        "latest_revenue": 3892879,
        "latest_gross_profit": 290480,
        "latest_net_income": 93517,
        "latest_debt_ratio": 48.32,
        "latest_current_ratio": 128.65,
        "latest_account_receivable_turnover_ratio": 3.85,
        "latest_inventory_turnover_ratio": 0.68,
        "latest_reinvestment_rate": 109.33,
        "latest_research_to_sale_ratio": null
    },
    "eps_dividends": {
        "1998": {
            "cash": 0,
            "stock": 11.26,
            "eps": 0
        },
        "1999": {
            "cash": 0,
            "stock": 2,
            "eps": 0
        },
        "2000": {
            "cash": 0.5,
            "stock": 1.5,
            "eps": 0
        },
        "2001": {
            "cash": 0.8,
            "stock": 0.7,
            "eps": -0.1
        },
        "2002": {
            "cash": 0,
            "stock": 0,
            "eps": 0.93
        },
        "2003": {
            "cash": 0,
            "stock": 1,
            "eps": 1.55
        },
        "2004": {
            "cash": 1,
            "stock": 0,
            "eps": 5.31
        },
        "2005": {
            "cash": 3.2,
            "stock": 0,
            "eps": 1.75
        },
        "2006": {
            "cash": 0,
            "stock": 2.2,
            "eps": 8.34
        },
        "2007": {
            "cash": 2.99,
            "stock": 1.99,
            "eps": 3.82
        },
        "2008": {
            "cash": 1.52,
            "stock": 0.81,
            "eps": 0.16
        },
        "2009": {
            "cash": 0.2,
            "stock": 0.8,
            "eps": 0.6
        },
        "2010": {
            "cash": 0.5,
            "stock": 0,
            "eps": 1.55
        },
        "2011": {
            "cash": 2.41,
            "stock": 0,
            "eps": 1.27
        },
        "2012": {
            "cash": 0,
            "stock": 0,
            "eps": 0.88
        },
        "2013": {
            "cash": 0.7,
            "stock": 0,
            "eps": 1.75
        },
        "2014": {
            "cash": 1.5,
            "stock": 0,
            "eps": 2.66
        },
        "2015": {
            "cash": 2,
            "stock": 0,
            "eps": 1.44
        },
        "2016": {
            "cash": 1,
            "stock": 1,
            "eps": 1.98
        },
        "2017": {
            "cash": 1.8,
            "stock": 0,
            "eps": 2.01
        },
        "2018": {
            "cash": 1.8,
            "stock": 0,
            "eps": 2.24
        },
        "2019": {
            "cash": 1.8,
            "stock": 0,
            "eps": 1.53
        },
        "2020": {
            "cash": 1.5,
            "stock": 0,
            "eps": 1.04
        },
        "2021": {
            "cash": 1.5,
            "stock": 0,
            "eps": 2.86
        },
        "2022": {
            "cash": 1.5,
            "stock": 0,
            "eps": 1.18
        },
        "2023": {
            "cash": 1.5,
            "stock": 0,
            "eps": 0.21
        }
    },
    "dividends": {
        "1998-05-28": {
            "cash": 0,
            "stock": 11.26
        },
        "1999-03-26": {
            "cash": 0,
            "stock": 2
        },
        "2000-04-12": {
            "cash": 0.5,
            "stock": 1.5
        },
        "2001-04-25": {
            "cash": 0.8,
            "stock": 0.7
        },
        "2003-02-17": {
            "cash": 0,
            "stock": 1
        },
        "2004-04-01": {
            "cash": 1,
            "stock": 0
        },
        "2005-03-17": {
            "cash": 3.2,
            "stock": 0
        },
        "2006-03-27": {
            "cash": 0,
            "stock": 2.2
        },
        "2007-03-22": {
            "cash": 2.99,
            "stock": 1.99
        },
        "2008-03-21": {
            "cash": 1.52,
            "stock": 0.81
        },
        "2009-03-25": {
            "cash": 0.2,
            "stock": 0.8
        },
        "2010-03-26": {
            "cash": 0.5,
            "stock": 0
        },
        "2011-01-01": {
            "cash": 1.2,
            "stock": 0
        },
        "2011-03-18": {
            "cash": 1.21,
            "stock": 0
        },
        "2013-03-29": {
            "cash": 0.7,
            "stock": 0
        },
        "2014-06-18": {
            "cash": 1.5,
            "stock": 0
        },
        "2015-08-14": {
            "cash": 2,
            "stock": 0
        },
        "2016-08-31": {
            "cash": 1,
            "stock": 1
        },
        "2017-07-28": {
            "cash": 1.8,
            "stock": 0
        },
        "2018-08-10": {
            "cash": 1.8,
            "stock": 0
        },
        "2019-07-31": {
            "cash": 1.8,
            "stock": 0
        },
        "2020-08-14": {
            "cash": 1.5,
            "stock": 0
        },
        "2021-11-01": {
            "cash": 1.5,
            "stock": 0
        },
        "2022-08-18": {
            "cash": 1.5,
            "stock": 0
        },
        "2023-03-10": {
            "cash": 1.5,
            "stock": 0
        }
    },
    "prices": {
        "200101": "無",
        "200102": "無",
        "200103": "無",
        "200104": "無",
        "200105": "無",
        "200106": "無",
        "200107": "無",
        "200108": "無",
        "200109": "6.97",
        "200110": "7.10",
        "200111": "6.98",
        "200112": "6.93",
        "200201": "6.42",
        "200202": "6.30",
        "200203": "10.87",
        "200204": "13.78",
        "200205": "12.94",
        "200206": "15.51",
        "200207": "15.36",
        "200208": "14.14",
        "200209": "12.30",
        "200210": "10.23",
        "200211": "11.88",
        "200212": "12.00",
        "200301": "15.88",
        "200302": "25.56",
        "200303": "21.21",
        "200304": "22.90",
        "200305": "19.58",
        "200306": "21.40",
        "200307": "21.47",
        "200308": "21.86",
        "200309": "19.89",
        "200310": "19.69",
        "200311": "19.46",
        "200312": "20.42",
        "200401": "26.30",
        "200402": "33.83",
        "200403": "45.29",
        "200404": "40.71",
        "200405": "30.48",
        "200406": "30.22",
        "200407": "32.29",
        "200408": "31.54",
        "200409": "40.20",
        "200410": "39.64",
        "200411": "33.90",
        "200412": "35.23",
        "200501": "33.36",
        "200502": "33.31",
        "200503": "32.03",
        "200504": "29.17",
        "200505": "24.20",
        "200506": "25.48",
        "200507": "23.00",
        "200508": "20.65",
        "200509": "20.83",
        "200510": "16.80",
        "200511": "14.89",
        "200512": "15.50",
        "200601": "16.51",
        "200602": "21.59",
        "200603": "20.65",
        "200604": "29.47",
        "200605": "29.74",
        "200606": "27.16",
        "200607": "30.00",
        "200608": "29.22",
        "200609": "28.64",
        "200610": "35.48",
        "200611": "40.24",
        "200612": "41.76",
        "200701": "43.47",
        "200702": "44.46",
        "200703": "46.59",
        "200704": "56.98",
        "200705": "56.40",
        "200706": "53.54",
        "200707": "54.85",
        "200708": "42.53",
        "200709": "43.47",
        "200710": "44.10",
        "200711": "39.61",
        "200712": "32.65",
        "200801": "31.50",
        "200802": "33.92",
        "200803": "36.31",
        "200804": "36.19",
        "200805": "33.72",
        "200806": "27.80",
        "200807": "21.89",
        "200808": "22.45",
        "200809": "16.30",
        "200810": "12.20",
        "200811": "11.17",
        "200812": "11.12",
        "200901": "13.44",
        "200902": "12.70",
        "200903": "13.24",
        "200904": "17.04",
        "200905": "19.47",
        "200906": "24.59",
        "200907": "26.10",
        "200908": "28.32",
        "200909": "26.95",
        "200910": "26.81",
        "200911": "25.81",
        "200912": "26.06",
        "201001": "26.98",
        "201002": "23.85",
        "201003": "25.89",
        "201004": "28.25",
        "201005": "22.82",
        "201006": "20.92",
        "201007": "21.25",
        "201008": "23.16",
        "201009": "23.25",
        "201010": "23.49",
        "201011": "23.07",
        "201012": "23.39",
        "201101": "24.03",
        "201102": "26.19",
        "201103": "23.96",
        "201104": "23.81",
        "201105": "22.42",
        "201106": "21.31",
        "201107": "21.48",
        "201108": "21.03",
        "201109": "19.49",
        "201110": "19.06",
        "201111": "17.74",
        "201112": "16.09",
        "201201": "16.63",
        "201202": "19.21",
        "201203": "18.93",
        "201204": "17.66",
        "201205": "16.77",
        "201206": "15.94",
        "201207": "15.80",
        "201208": "15.22",
        "201209": "16.58",
        "201210": "16.33",
        "201211": "15.54",
        "201212": "16.59",
        "201301": "17.49",
        "201302": "17.40",
        "201303": "16.88",
        "201304": "16.14",
        "201305": "16.51",
        "201306": "16.68",
        "201307": "16.39",
        "201308": "17.22",
        "201309": "20.59",
        "201310": "20.37",
        "201311": "20.17",
        "201312": "21.25",
        "201401": "22.59",
        "201402": "22.04",
        "201403": "24.84",
        "201404": "28.15",
        "201405": "29.17",
        "201406": "29.70",
        "201407": "28.25",
        "201408": "30.08",
        "201409": "28.10",
        "201410": "23.57",
        "201411": "23.71",
        "201412": "24.54",
        "201501": "24.39",
        "201502": "24.57",
        "201503": "23.89",
        "201504": "24.59",
        "201505": "24.65",
        "201506": "23.59",
        "201507": "20.88",
        "201508": "17.46",
        "201509": "17.88",
        "201510": "19.47",
        "201511": "19.42",
        "201512": "18.66",
        "201601": "18.79",
        "201602": "21.65",
        "201603": "24.35",
        "201604": "24.28",
        "201605": "22.98",
        "201606": "22.96",
        "201607": "24.44",
        "201608": "23.30",
        "201609": "22.59",
        "201610": "22.47",
        "201611": "24.77",
        "201612": "28.18",
        "201701": "27.43",
        "201702": "28.42",
        "201703": "26.10",
        "201704": "24.87",
        "201705": "24.42",
        "201706": "25.31",
        "201707": "24.73",
        "201708": "26.06",
        "201709": "26.34",
        "201710": "25.60",
        "201711": "25.98",
        "201712": "25.83",
        "201801": "26.80",
        "201802": "26.26",
        "201803": "26.21",
        "201804": "26.46",
        "201805": "26.64",
        "201806": "27.03",
        "201807": "25.81",
        "201808": "26.10",
        "201809": "25.84",
        "201810": "25.19",
        "201811": "24.75",
        "201812": "24.57",
        "201901": "24.73",
        "201902": "25.55",
        "201903": "26.18",
        "201904": "26.23",
        "201905": "26.42",
        "201906": "26.76",
        "201907": "26.18",
        "201908": "26.10",
        "201909": "26.58",
        "201910": "26.33",
        "201911": "26.09",
        "201912": "25.90",
        "202001": "25.87",
        "202002": "25.53",
        "202003": "23.40",
        "202004": "22.68",
        "202005": "23.73",
        "202006": "24.70",
        "202007": "24.25",
        "202008": "23.34",
        "202009": "23.52",
        "202010": "23.14",
        "202011": "23.83",
        "202012": "26.86",
        "202101": "26.29",
        "202102": "26.34",
        "202103": "26.63",
        "202104": "28.70",
        "202105": "30.53",
        "202106": "32.53",
        "202107": "41.96",
        "202108": "38.00",
        "202109": "36.49",
        "202110": "31.82",
        "202111": "31.98",
        "202112": "32.25",
        "202201": "30.71",
        "202202": "31.61",
        "202203": "34.71",
        "202204": "35.23",
        "202205": "30.89",
        "202206": "28.87",
        "202207": "27.27",
        "202208": "29.99",
        "202209": "29.00",
        "202210": "26.24",
        "202211": "27.06",
        "202212": "28.48",
        "202301": "29.32",
        "202302": "30.84",
        "202303": "29.87",
        "202304": "29.30",
        "202305": "28.92",
        "202306": "28.92"
    },
    "quarters": {
        "20011": {
            "year_quarter": 20011,
            "year": 2001,
            "quarter": 1,
            "eps": -0.31,
            "eps_growth_year": -154.39,
            "eps_4q": 0.35,
            "eps_4q_growth_year": -76.93,
            "roe": -2.17,
            "roe_4q": -2.17,
            "gross_profit": 12974,
            "gross_margin": 1.97,
            "gross_margin_4q_avg": 1.97,
            "net_income": -30347,
            "revenue": 659642,
            "common_shares": 987440,
            "book_valuer_per_share": 14,
            "book_valuer_per_share_4q_avg": 14,
            "equity": 1382180,
            "current_ratio": 140.9,
            "debt_ratio": 47.06,
            "inventory_turnover_ratio": 1.01,
            "account_receivable_turnover_ratio": null,
            "reinvestment_rate": null,
            "research_to_sale_ratio": null,
            "price_fair": 0,
            "eps_avg_yearly": 0,
            "eps_latest_yearly": 0,
            "eps_growth_yearly": 0
        },
        "20012": {
            "year_quarter": 20012,
            "year": 2001,
            "quarter": 2,
            "eps": -0.08,
            "eps_growth_year": -115.09,
            "eps_4q": -0.3,
            "eps_4q_growth_year": -118.65,
            "roe": -0.56,
            "roe_4q": -2.73,
            "gross_profit": 33364,
            "gross_margin": 4.55,
            "gross_margin_4q_avg": 3.26,
            "net_income": -7509,
            "revenue": 733804,
            "common_shares": 987440,
            "book_valuer_per_share": 13.06,
            "book_valuer_per_share_4q_avg": 13.53,
            "equity": 1289507,
            "current_ratio": 134.49,
            "debt_ratio": 54.4,
            "inventory_turnover_ratio": 1.03,
            "account_receivable_turnover_ratio": null,
            "reinvestment_rate": null,
            "research_to_sale_ratio": null,
            "price_fair": 0,
            "eps_avg_yearly": 0,
            "eps_latest_yearly": 0,
            "eps_growth_yearly": 0
        },
        "20013": {
            "year_quarter": 20013,
            "year": 2001,
            "quarter": 3,
            "eps": 0.06,
            "eps_growth_year": null,
            "eps_4q": -0.17,
            "eps_4q_growth_year": -112.08,
            "roe": 0.51,
            "roe_4q": -2.2199999999999998,
            "gross_profit": 64863,
            "gross_margin": 9.46,
            "gross_margin_4q_avg": 5.33,
            "net_income": 6561,
            "revenue": 685291,
            "common_shares": 1056561,
            "book_valuer_per_share": 12.27,
            "book_valuer_per_share_4q_avg": 13.11,
            "equity": 1296075,
            "current_ratio": 132.18,
            "debt_ratio": 53.31,
            "inventory_turnover_ratio": 0.91,
            "account_receivable_turnover_ratio": null,
            "reinvestment_rate": null,
            "research_to_sale_ratio": null,
            "price_fair": 0,
            "eps_avg_yearly": 0,
            "eps_latest_yearly": 0,
            "eps_growth_yearly": 0
        },
        "20014": {
            "year_quarter": 20014,
            "year": 2001,
            "quarter": 4,
            "eps": 0.23,
            "eps_growth_year": 109.09,
            "eps_4q": -0.07,
            "eps_4q_growth_year": -106.44,
            "roe": 1.84,
            "roe_4q": -0.3799999999999999,
            "gross_profit": 39958,
            "gross_margin": 5.64,
            "gross_margin_4q_avg": 5.41,
            "net_income": 24084,
            "revenue": 708397,
            "common_shares": 1056561,
            "book_valuer_per_share": 12.5,
            "book_valuer_per_share_4q_avg": 12.96,
            "equity": 1320231,
            "current_ratio": 126.76,
            "debt_ratio": 52.51,
            "inventory_turnover_ratio": 1.04,
            "account_receivable_turnover_ratio": null,
            "reinvestment_rate": null,
            "research_to_sale_ratio": null,
            "price_fair": 0,
            "eps_avg_yearly": 0,
            "eps_latest_yearly": 0,
            "eps_growth_yearly": 0
        },
        "20021": {
            "year_quarter": 20021,
            "year": 2002,
            "quarter": 1,
            "eps": 0.12,
            "eps_growth_year": null,
            "eps_4q": 0.34,
            "eps_4q_growth_year": -4.76,
            "roe": 0.97,
            "roe_4q": 2.7600000000000002,
            "gross_profit": 64665,
            "gross_margin": 9.99,
            "gross_margin_4q_avg": 7.41,
            "net_income": 12856,
            "revenue": 647163,
            "common_shares": 1056561,
            "book_valuer_per_share": 12.62,
            "book_valuer_per_share_4q_avg": 12.61,
            "equity": 1333102,
            "current_ratio": 123.96,
            "debt_ratio": 49.12,
            "inventory_turnover_ratio": 1.03,
            "account_receivable_turnover_ratio": null,
            "reinvestment_rate": null,
            "research_to_sale_ratio": null,
            "price_fair": 1.44,
            "eps_avg_yearly": 0.48,
            "eps_latest_yearly": 0.48,
            "eps_growth_yearly": -191.3
        },
        "20022": {
            "year_quarter": 20022,
            "year": 2002,
            "quarter": 2,
            "eps": 0.36,
            "eps_growth_year": null,
            "eps_4q": 0.77,
            "eps_4q_growth_year": null,
            "roe": 2.85,
            "roe_4q": 6.17,
            "gross_profit": 116924,
            "gross_margin": 13.39,
            "gross_margin_4q_avg": 9.62,
            "net_income": 38510,
            "revenue": 873231,
            "common_shares": 1056561,
            "book_valuer_per_share": 12.98,
            "book_valuer_per_share_4q_avg": 12.59,
            "equity": 1371408,
            "current_ratio": 118.02,
            "debt_ratio": 49.04,
            "inventory_turnover_ratio": 1.62,
            "account_receivable_turnover_ratio": null,
            "reinvestment_rate": null,
            "research_to_sale_ratio": null,
            "price_fair": 33.6,
            "eps_avg_yearly": 0.96,
            "eps_latest_yearly": 1.44,
            "eps_growth_yearly": 304.35
        },
        "20023": {
            "year_quarter": 20023,
            "year": 2002,
            "quarter": 3,
            "eps": 0.42,
            "eps_growth_year": 600,
            "eps_4q": 1.14,
            "eps_4q_growth_year": null,
            "roe": 3.16,
            "roe_4q": 8.82,
            "gross_profit": 91791,
            "gross_margin": 12.52,
            "gross_margin_4q_avg": 10.39,
            "net_income": 43977,
            "revenue": 733435,
            "common_shares": 1056561,
            "book_valuer_per_share": 13.4,
            "book_valuer_per_share_4q_avg": 12.88,
            "equity": 1415599,
            "current_ratio": 143.24,
            "debt_ratio": 48.69,
            "inventory_turnover_ratio": 1.25,
            "account_receivable_turnover_ratio": null,
            "reinvestment_rate": null,
            "research_to_sale_ratio": null,
            "price_fair": 42,
            "eps_avg_yearly": 1.2,
            "eps_latest_yearly": 1.68,
            "eps_growth_yearly": 225.12
        },
        "20024": {
            "year_quarter": 20024,
            "year": 2002,
            "quarter": 4,
            "eps": 0.03,
            "eps_growth_year": -86.96,
            "eps_4q": 0.96,
            "eps_4q_growth_year": null,
            "roe": 0.22,
            "roe_4q": 7.2,
            "gross_profit": 57225,
            "gross_margin": 7.2,
            "gross_margin_4q_avg": 10.78,
            "net_income": 3088,
            "revenue": 794690,
            "common_shares": 1056561,
            "book_valuer_per_share": 12.96,
            "book_valuer_per_share_4q_avg": 12.99,
            "equity": 1369732,
            "current_ratio": 134.22,
            "debt_ratio": 51.07,
            "inventory_turnover_ratio": 1.37,
            "account_receivable_turnover_ratio": null,
            "reinvestment_rate": 172.81,
            "research_to_sale_ratio": null,
            "price_fair": 32.55,
            "eps_avg_yearly": 0.93,
            "eps_latest_yearly": 0.12,
            "eps_growth_yearly": 75.98
        },
        "20031": {
            "year_quarter": 20031,
            "year": 2003,
            "quarter": 1,
            "eps": 0.63,
            "eps_growth_year": 425,
            "eps_4q": 1.47,
            "eps_4q_growth_year": 338.75,
            "roe": 4.56,
            "roe_4q": 10.79,
            "gross_profit": 122655,
            "gross_margin": 12.95,
            "gross_margin_4q_avg": 11.52,
            "net_income": 63877,
            "revenue": 946893,
            "common_shares": 1016000,
            "book_valuer_per_share": 14.11,
            "book_valuer_per_share_4q_avg": 13.36,
            "equity": 1433608,
            "current_ratio": 132.75,
            "debt_ratio": 51.77,
            "inventory_turnover_ratio": 1.57,
            "account_receivable_turnover_ratio": null,
            "reinvestment_rate": 157.76,
            "research_to_sale_ratio": null,
            "price_fair": 43.68,
            "eps_avg_yearly": 1.25,
            "eps_latest_yearly": 2.52,
            "eps_growth_yearly": 1660.79
        },
        "20032": {
            "year_quarter": 20032,
            "year": 2003,
            "quarter": 2,
            "eps": 0.28,
            "eps_growth_year": -22.22,
            "eps_4q": 1.37,
            "eps_4q_growth_year": 79.06,
            "roe": 1.97,
            "roe_4q": 9.91,
            "gross_profit": 102299,
            "gross_margin": 10.3,
            "gross_margin_4q_avg": 10.74,
            "net_income": 28427,
            "revenue": 993176,
            "common_shares": 1016000,
            "book_valuer_per_share": 14.33,
            "book_valuer_per_share_4q_avg": 13.7,
            "equity": 1455831,
            "current_ratio": 187.08,
            "debt_ratio": 45.57,
            "inventory_turnover_ratio": 1.69,
            "account_receivable_turnover_ratio": null,
            "reinvestment_rate": 160.68,
            "research_to_sale_ratio": null,
            "price_fair": 42.93,
            "eps_avg_yearly": 1.23,
            "eps_latest_yearly": 1.12,
            "eps_growth_yearly": 1346.95
        },
        "20033": {
            "year_quarter": 20033,
            "year": 2003,
            "quarter": 3,
            "eps": 0.23,
            "eps_growth_year": -45.24,
            "eps_4q": 1.1,
            "eps_4q_growth_year": -3.62,
            "roe": 1.72,
            "roe_4q": 8.47,
            "gross_profit": 87495,
            "gross_margin": 7.98,
            "gross_margin_4q_avg": 9.61,
            "net_income": 25239,
            "revenue": 1095755,
            "common_shares": 1117600,
            "book_valuer_per_share": 13.25,
            "book_valuer_per_share_4q_avg": 13.66,
            "equity": 1481111,
            "current_ratio": 175.36,
            "debt_ratio": 48.55,
            "inventory_turnover_ratio": 1.83,
            "account_receivable_turnover_ratio": null,
            "reinvestment_rate": 68.14,
            "research_to_sale_ratio": null,
            "price_fair": 41.4,
            "eps_avg_yearly": 1.18,
            "eps_latest_yearly": 0.92,
            "eps_growth_yearly": 1144.33
        },
        "20034": {
            "year_quarter": 20034,
            "year": 2003,
            "quarter": 4,
            "eps": 0.41,
            "eps_growth_year": 1266.67,
            "eps_4q": 1.46,
            "eps_4q_growth_year": 52.31,
            "roe": 3.06,
            "roe_4q": 11.309999999999999,
            "gross_profit": 106169,
            "gross_margin": 7.87,
            "gross_margin_4q_avg": 9.78,
            "net_income": 46051,
            "revenue": 1348847,
            "common_shares": 1117600,
            "book_valuer_per_share": 13.66,
            "book_valuer_per_share_4q_avg": 13.84,
            "equity": 1526948,
            "current_ratio": 160.89,
            "debt_ratio": 48.24,
            "inventory_turnover_ratio": 1.98,
            "account_receivable_turnover_ratio": null,
            "reinvestment_rate": 64.78,
            "research_to_sale_ratio": null,
            "price_fair": 43.4,
            "eps_avg_yearly": 1.24,
            "eps_latest_yearly": 1.64,
            "eps_growth_yearly": 1040.42
        },
        "20041": {
            "year_quarter": 20041,
            "year": 2004,
            "quarter": 1,
            "eps": 1.77,
            "eps_growth_year": 180.95,
            "eps_4q": 2.66,
            "eps_4q_growth_year": 80.72,
            "roe": 12.15,
            "roe_4q": 18.9,
            "gross_profit": 210553,
            "gross_margin": 13.61,
            "gross_margin_4q_avg": 9.94,
            "net_income": 197454,
            "revenue": 1547094,
            "common_shares": 1117600,
            "book_valuer_per_share": 15.43,
            "book_valuer_per_share_4q_avg": 14.17,
            "equity": 1724312,
            "current_ratio": 175.45,
            "debt_ratio": 49.34,
            "inventory_turnover_ratio": 1.58,
            "account_receivable_turnover_ratio": null,
            "reinvestment_rate": 45.04,
            "research_to_sale_ratio": null,
            "price_fair": 66.11,
            "eps_avg_yearly": 1.89,
            "eps_latest_yearly": 7.08,
            "eps_growth_yearly": 1072.24
        },
        "20042": {
            "year_quarter": 20042,
            "year": 2004,
            "quarter": 2,
            "eps": 1.19,
            "eps_growth_year": 325,
            "eps_4q": 3.58,
            "eps_4q_growth_year": 161,
            "roe": 6.9,
            "roe_4q": 23.83,
            "gross_profit": 203197,
            "gross_margin": 11.51,
            "gross_margin_4q_avg": 10.24,
            "net_income": 133651,
            "revenue": 1765143,
            "common_shares": 1260000,
            "book_valuer_per_share": 17.05,
            "book_valuer_per_share_4q_avg": 14.85,
            "equity": 2148869,
            "current_ratio": 272.16,
            "debt_ratio": 40.15,
            "inventory_turnover_ratio": 1.41,
            "account_receivable_turnover_ratio": null,
            "reinvestment_rate": 34.46,
            "research_to_sale_ratio": null,
            "price_fair": 76.16,
            "eps_avg_yearly": 2.18,
            "eps_latest_yearly": 4.76,
            "eps_growth_yearly": 951.91
        },
        "20043": {
            "year_quarter": 20043,
            "year": 2004,
            "quarter": 3,
            "eps": 1.42,
            "eps_growth_year": 517.39,
            "eps_4q": 4.65,
            "eps_4q_growth_year": 322.8,
            "roe": 7.38,
            "roe_4q": 29.49,
            "gross_profit": 248268,
            "gross_margin": 11.11,
            "gross_margin_4q_avg": 11.03,
            "net_income": 165922,
            "revenue": 2234056,
            "common_shares": 1260000,
            "book_valuer_per_share": 18.65,
            "book_valuer_per_share_4q_avg": 16.2,
            "equity": 2349807,
            "current_ratio": 293.88,
            "debt_ratio": 39.78,
            "inventory_turnover_ratio": 1.58,
            "account_receivable_turnover_ratio": null,
            "reinvestment_rate": 20.8,
            "research_to_sale_ratio": null,
            "price_fair": 87.31,
            "eps_avg_yearly": 2.49,
            "eps_latest_yearly": 5.68,
            "eps_growth_yearly": 872.4
        },
        "20044": {
            "year_quarter": 20044,
            "year": 2004,
            "quarter": 4,
            "eps": 0.93,
            "eps_growth_year": 126.83,
            "eps_4q": 5.1,
            "eps_4q_growth_year": 249.87,
            "roe": 4.54,
            "roe_4q": 30.97,
            "gross_profit": 212590,
            "gross_margin": 9.29,
            "gross_margin_4q_avg": 11.38,
            "net_income": 110958,
            "revenue": 2288647,
            "common_shares": 1270576,
            "book_valuer_per_share": 19.94,
            "book_valuer_per_share_4q_avg": 17.77,
            "equity": 2533782,
            "current_ratio": 270.84,
            "debt_ratio": 39.05,
            "inventory_turnover_ratio": 1.39,
            "account_receivable_turnover_ratio": null,
            "reinvestment_rate": 3.53,
            "research_to_sale_ratio": null,
            "price_fair": 90.88,
            "eps_avg_yearly": 2.6,
            "eps_latest_yearly": 3.72,
            "eps_growth_yearly": 788.2
        },
        "20051": {
            "year_quarter": 20051,
            "year": 2005,
            "quarter": 1,
            "eps": 0.71,
            "eps_growth_year": -59.89,
            "eps_4q": 3.93,
            "eps_4q_growth_year": 47.42,
            "roe": 3.51,
            "roe_4q": 22.33,
            "gross_profit": 156745,
            "gross_margin": 7.13,
            "gross_margin_4q_avg": 9.76,
            "net_income": 90604,
            "revenue": 2198490,
            "common_shares": 1292697,
            "book_valuer_per_share": 20.3,
            "book_valuer_per_share_4q_avg": 18.99,
            "equity": 2624386,
            "current_ratio": 251.59,
            "debt_ratio": 38.74,
            "inventory_turnover_ratio": 1.2,
            "account_receivable_turnover_ratio": null,
            "reinvestment_rate": 5.49,
            "research_to_sale_ratio": null,
            "price_fair": 91.54,
            "eps_avg_yearly": 2.62,
            "eps_latest_yearly": 2.84,
            "eps_growth_yearly": 720.29
        },
        "20052": {
            "year_quarter": 20052,
            "year": 2005,
            "quarter": 2,
            "eps": 0.28,
            "eps_growth_year": -76.47,
            "eps_4q": 3.13,
            "eps_4q_growth_year": -12.58,
            "roe": 1.38,
            "roe_4q": 16.81,
            "gross_profit": 144828,
            "gross_margin": 6.34,
            "gross_margin_4q_avg": 8.47,
            "net_income": 36075,
            "revenue": 2284511,
            "common_shares": 1492697,
            "book_valuer_per_share": 17.44,
            "book_valuer_per_share_4q_avg": 19.08,
            "equity": 2602641,
            "current_ratio": 205.93,
            "debt_ratio": 44.28,
            "inventory_turnover_ratio": 1.15,
            "account_receivable_turnover_ratio": null,
            "reinvestment_rate": 6.18,
            "research_to_sale_ratio": null,
            "price_fair": 87.8,
            "eps_avg_yearly": 2.51,
            "eps_latest_yearly": 1.12,
            "eps_growth_yearly": 651.53
        },
        "20053": {
            "year_quarter": 20053,
            "year": 2005,
            "quarter": 3,
            "eps": 0.4,
            "eps_growth_year": -71.83,
            "eps_4q": 2.14,
            "eps_4q_growth_year": -54.03,
            "roe": 2.08,
            "roe_4q": 11.51,
            "gross_profit": 97882,
            "gross_margin": 4.73,
            "gross_margin_4q_avg": 6.87,
            "net_income": 54736,
            "revenue": 2067407,
            "common_shares": 1492697,
            "book_valuer_per_share": 17.81,
            "book_valuer_per_share_4q_avg": 18.87,
            "equity": 2657882,
            "current_ratio": 265.81,
            "debt_ratio": 39.53,
            "inventory_turnover_ratio": 1.07,
            "account_receivable_turnover_ratio": null,
            "reinvestment_rate": 6.55,
            "research_to_sale_ratio": null,
            "price_fair": 85.68,
            "eps_avg_yearly": 2.45,
            "eps_latest_yearly": 1.6,
            "eps_growth_yearly": 619.53
        },
        "20054": {
            "year_quarter": 20054,
            "year": 2005,
            "quarter": 4,
            "eps": 0.36,
            "eps_growth_year": -61.29,
            "eps_4q": 1.64,
            "eps_4q_growth_year": -67.87,
            "roe": 1.91,
            "roe_4q": 8.879999999999999,
            "gross_profit": 154949,
            "gross_margin": 7.33,
            "gross_margin_4q_avg": 6.38,
            "net_income": 51133,
            "revenue": 2112961,
            "common_shares": 1492864,
            "book_valuer_per_share": 18.13,
            "book_valuer_per_share_4q_avg": 18.42,
            "equity": 2707239,
            "current_ratio": 263.28,
            "debt_ratio": 42.59,
            "inventory_turnover_ratio": 1.06,
            "account_receivable_turnover_ratio": null,
            "reinvestment_rate": 10.94,
            "research_to_sale_ratio": null,
            "price_fair": 83.48,
            "eps_avg_yearly": 2.39,
            "eps_latest_yearly": 1.44,
            "eps_growth_yearly": 578.31
        },
        "20061": {
            "year_quarter": 20061,
            "year": 2006,
            "quarter": 1,
            "eps": 0.58,
            "eps_growth_year": -18.31,
            "eps_4q": 1.53,
            "eps_4q_growth_year": -61.14,
            "roe": 3.16,
            "roe_4q": 8.530000000000001,
            "gross_profit": 164250,
            "gross_margin": 6.47,
            "gross_margin_4q_avg": 6.22,
            "net_income": 87036,
            "revenue": 2537541,
            "common_shares": 1492864,
            "book_valuer_per_share": 18.71,
            "book_valuer_per_share_4q_avg": 18.02,
            "equity": 2793302,
            "current_ratio": 244.14,
            "debt_ratio": 41.49,
            "inventory_turnover_ratio": 1.22,
            "account_receivable_turnover_ratio": null,
            "reinvestment_rate": 16.76,
            "research_to_sale_ratio": null,
            "price_fair": 87.5,
            "eps_avg_yearly": 2.5,
            "eps_latest_yearly": 2.32,
            "eps_growth_yearly": 605.54
        },
        "20062": {
            "year_quarter": 20062,
            "year": 2006,
            "quarter": 2,
            "eps": 1.96,
            "eps_growth_year": 600,
            "eps_4q": 3.25,
            "eps_4q_growth_year": 3.73,
            "roe": 10,
            "roe_4q": 17.15,
            "gross_profit": 409466,
            "gross_margin": 11.84,
            "gross_margin_4q_avg": 7.59,
            "net_income": 293323,
            "revenue": 3457778,
            "common_shares": 1492864,
            "book_valuer_per_share": 20.58,
            "book_valuer_per_share_4q_avg": 18.81,
            "equity": 3072297,
            "current_ratio": 220.94,
            "debt_ratio": 47.14,
            "inventory_turnover_ratio": 1.49,
            "account_receivable_turnover_ratio": null,
            "reinvestment_rate": 42.43,
            "research_to_sale_ratio": null,
            "price_fair": 101.5,
            "eps_avg_yearly": 2.9,
            "eps_latest_yearly": 7.84,
            "eps_growth_yearly": 615.02
        },
        "20063": {
            "year_quarter": 20063,
            "year": 2006,
            "quarter": 3,
            "eps": 2.97,
            "eps_growth_year": 642.5,
            "eps_4q": 5.34,
            "eps_4q_growth_year": 149.88,
            "roe": 16.18,
            "roe_4q": 31.25,
            "gross_profit": 752426,
            "gross_margin": 16.16,
            "gross_margin_4q_avg": 10.45,
            "net_income": 540976,
            "revenue": 4656224,
            "common_shares": 1821293,
            "book_valuer_per_share": 19.84,
            "book_valuer_per_share_4q_avg": 19.32,
            "equity": 3613273,
            "current_ratio": 195.62,
            "debt_ratio": 46.61,
            "inventory_turnover_ratio": 1.56,
            "account_receivable_turnover_ratio": null,
            "reinvestment_rate": 32.81,
            "research_to_sale_ratio": null,
            "price_fair": 123.81,
            "eps_avg_yearly": 3.54,
            "eps_latest_yearly": 11.88,
            "eps_growth_yearly": 623.74
        },
        "20064": {
            "year_quarter": 20064,
            "year": 2006,
            "quarter": 4,
            "eps": 2.83,
            "eps_growth_year": 686.11,
            "eps_4q": 7.73,
            "eps_4q_growth_year": 372.02,
            "roe": 12.21,
            "roe_4q": 41.55,
            "gross_profit": 861749,
            "gross_margin": 13.81,
            "gross_margin_4q_avg": 12.07,
            "net_income": 532330,
            "revenue": 6238622,
            "common_shares": 2171293,
            "book_valuer_per_share": 23.51,
            "book_valuer_per_share_4q_avg": 20.66,
            "equity": 5105729,
            "current_ratio": 217.01,
            "debt_ratio": 43.32,
            "inventory_turnover_ratio": 1.54,
            "account_receivable_turnover_ratio": null,
            "reinvestment_rate": 25.45,
            "research_to_sale_ratio": null,
            "price_fair": 148.31,
            "eps_avg_yearly": 4.24,
            "eps_latest_yearly": 11.32,
            "eps_growth_yearly": 645.78
        },
        "20071": {
            "year_quarter": 20071,
            "year": 2007,
            "quarter": 1,
            "eps": 2.3,
            "eps_growth_year": 296.55,
            "eps_4q": 8.57,
            "eps_4q_growth_year": 461.75,
            "roe": 9.23,
            "roe_4q": 47.620000000000005,
            "gross_profit": 653583,
            "gross_margin": 10.3,
            "gross_margin_4q_avg": 13.03,
            "net_income": 501175,
            "revenue": 6346854,
            "common_shares": 2184335,
            "book_valuer_per_share": 26.35,
            "book_valuer_per_share_4q_avg": 22.57,
            "equity": 5756398,
            "current_ratio": 262.76,
            "debt_ratio": 39.31,
            "inventory_turnover_ratio": 1.3,
            "account_receivable_turnover_ratio": null,
            "reinvestment_rate": 21.9,
            "research_to_sale_ratio": null,
            "price_fair": 162.93,
            "eps_avg_yearly": 4.66,
            "eps_latest_yearly": 9.2,
            "eps_growth_yearly": 141.09
        },
        "20072": {
            "year_quarter": 20072,
            "year": 2007,
            "quarter": 2,
            "eps": 1.85,
            "eps_growth_year": -5.61,
            "eps_4q": 9,
            "eps_4q_growth_year": 176.94,
            "roe": 7.34,
            "roe_4q": 44.96,
            "gross_profit": 702672,
            "gross_margin": 10.14,
            "gross_margin_4q_avg": 12.6,
            "net_income": 407502,
            "revenue": 6927433,
            "common_shares": 2245460,
            "book_valuer_per_share": 23.84,
            "book_valuer_per_share_4q_avg": 23.39,
            "equity": 5353453,
            "current_ratio": 240.49,
            "debt_ratio": 44.53,
            "inventory_turnover_ratio": 1.32,
            "account_receivable_turnover_ratio": null,
            "reinvestment_rate": 23.07,
            "research_to_sale_ratio": null,
            "price_fair": 176.66,
            "eps_avg_yearly": 5.05,
            "eps_latest_yearly": 7.4,
            "eps_growth_yearly": 150.09
        },
        "20073": {
            "year_quarter": 20073,
            "year": 2007,
            "quarter": 3,
            "eps": 0.32,
            "eps_growth_year": -89.23,
            "eps_4q": 5.68,
            "eps_4q_growth_year": 6.32,
            "roe": 1.43,
            "roe_4q": 30.21,
            "gross_profit": 209431,
            "gross_margin": 4.06,
            "gross_margin_4q_avg": 9.58,
            "net_income": 86089,
            "revenue": 5162896,
            "common_shares": 3098173,
            "book_valuer_per_share": 21.48,
            "book_valuer_per_share_4q_avg": 23.8,
            "equity": 6654458,
            "current_ratio": 396.89,
            "debt_ratio": 26.13,
            "inventory_turnover_ratio": 1.05,
            "account_receivable_turnover_ratio": null,
            "reinvestment_rate": 25.58,
            "research_to_sale_ratio": null,
            "price_fair": 177.45,
            "eps_avg_yearly": 5.07,
            "eps_latest_yearly": 1.28,
            "eps_growth_yearly": 133.88
        },
        "20074": {
            "year_quarter": 20074,
            "year": 2007,
            "quarter": 4,
            "eps": -0.65,
            "eps_growth_year": -122.97,
            "eps_4q": 2.89,
            "eps_4q_growth_year": -62.6,
            "roe": -2.78,
            "roe_4q": 15.22,
            "gross_profit": 130825,
            "gross_margin": 2.15,
            "gross_margin_4q_avg": 6.66,
            "net_income": -183525,
            "revenue": 6073784,
            "common_shares": 3116308,
            "book_valuer_per_share": 20.98,
            "book_valuer_per_share_4q_avg": 23.16,
            "equity": 6536508,
            "current_ratio": 246.88,
            "debt_ratio": 37.25,
            "inventory_turnover_ratio": 1.19,
            "account_receivable_turnover_ratio": null,
            "reinvestment_rate": 30.09,
            "research_to_sale_ratio": null,
            "price_fair": 185.45,
            "eps_avg_yearly": 5.3,
            "eps_latest_yearly": 1.28,
            "eps_growth_yearly": 121.94
        },
        "20081": {
            "year_quarter": 20081,
            "year": 2008,
            "quarter": 1,
            "eps": 0.41,
            "eps_growth_year": -82.17,
            "eps_4q": 1.38,
            "eps_4q_growth_year": -83.93,
            "roe": 1.99,
            "roe_4q": 7.98,
            "gross_profit": 298248,
            "gross_margin": 4.31,
            "gross_margin_4q_avg": 5.17,
            "net_income": 131380,
            "revenue": 6912074,
            "common_shares": 3156707,
            "book_valuer_per_share": 21.19,
            "book_valuer_per_share_4q_avg": 21.87,
            "equity": 6688909,
            "current_ratio": 228.5,
            "debt_ratio": 39.88,
            "inventory_turnover_ratio": 1.24,
            "account_receivable_turnover_ratio": null,
            "reinvestment_rate": 31.13,
            "research_to_sale_ratio": null,
            "price_fair": 181,
            "eps_avg_yearly": 5.17,
            "eps_latest_yearly": 1.28,
            "eps_growth_yearly": 35.87
        },
        "20082": {
            "year_quarter": 20082,
            "year": 2008,
            "quarter": 2,
            "eps": 0.24,
            "eps_growth_year": -87.03,
            "eps_4q": 0.35,
            "eps_4q_growth_year": -96.11,
            "roe": 1.15,
            "roe_4q": 1.7899999999999998,
            "gross_profit": 453917,
            "gross_margin": 6.24,
            "gross_margin_4q_avg": 4.19,
            "net_income": 74002,
            "revenue": 7275074,
            "common_shares": 3160676,
            "book_valuer_per_share": 19.64,
            "book_valuer_per_share_4q_avg": 20.82,
            "equity": 6206804,
            "current_ratio": 235.67,
            "debt_ratio": 43.38,
            "inventory_turnover_ratio": 1.3,
            "account_receivable_turnover_ratio": null,
            "reinvestment_rate": 31.17,
            "research_to_sale_ratio": null,
            "price_fair": 171.5,
            "eps_avg_yearly": 4.9,
            "eps_latest_yearly": 0.96,
            "eps_growth_yearly": 33.39
        },
        "20083": {
            "year_quarter": 20083,
            "year": 2008,
            "quarter": 3,
            "eps": 0.23,
            "eps_growth_year": -28.12,
            "eps_4q": 0.3,
            "eps_4q_growth_year": -94.8,
            "roe": 1.23,
            "roe_4q": 1.5900000000000003,
            "gross_profit": 347287,
            "gross_margin": 5.47,
            "gross_margin_4q_avg": 4.54,
            "net_income": 76872,
            "revenue": 6352181,
            "common_shares": 3416676,
            "book_valuer_per_share": 18.35,
            "book_valuer_per_share_4q_avg": 20.04,
            "equity": 6271237,
            "current_ratio": 265.81,
            "debt_ratio": 40.84,
            "inventory_turnover_ratio": 1.23,
            "account_receivable_turnover_ratio": null,
            "reinvestment_rate": 31.65,
            "research_to_sale_ratio": null,
            "price_fair": 159.6,
            "eps_avg_yearly": 4.56,
            "eps_latest_yearly": 0.92,
            "eps_growth_yearly": 26.68
        },
        "20084": {
            "year_quarter": 20084,
            "year": 2008,
            "quarter": 4,
            "eps": -0.72,
            "eps_growth_year": null,
            "eps_4q": 0.1,
            "eps_4q_growth_year": -96.54,
            "roe": -4.01,
            "roe_4q": 0.3600000000000001,
            "gross_profit": -268219,
            "gross_margin": -6.85,
            "gross_margin_4q_avg": 2.29,
            "net_income": -246520,
            "revenue": 3917403,
            "common_shares": 3416676,
            "book_valuer_per_share": 17.61,
            "book_valuer_per_share_4q_avg": 19.2,
            "equity": 6015585,
            "current_ratio": 480.98,
            "debt_ratio": 27.44,
            "inventory_turnover_ratio": 1.11,
            "account_receivable_turnover_ratio": 5.56,
            "reinvestment_rate": 35.96,
            "research_to_sale_ratio": null,
            "price_fair": 161.86,
            "eps_avg_yearly": 4.62,
            "eps_latest_yearly": 0.92,
            "eps_growth_yearly": 39.34
        },
        "20091": {
            "year_quarter": 20091,
            "year": 2009,
            "quarter": 1,
            "eps": -0.76,
            "eps_growth_year": -285.37,
            "eps_4q": -1.04,
            "eps_4q_growth_year": -175.74,
            "roe": -4.43,
            "roe_4q": -6.059999999999999,
            "gross_profit": -286094,
            "gross_margin": -13.74,
            "gross_margin_4q_avg": -2.22,
            "net_income": -260835,
            "revenue": 2081786,
            "common_shares": 3416676,
            "book_valuer_per_share": 16.87,
            "book_valuer_per_share_4q_avg": 18.12,
            "equity": 5762416,
            "current_ratio": 729.52,
            "debt_ratio": 23.24,
            "inventory_turnover_ratio": 0.99,
            "account_receivable_turnover_ratio": 1.87,
            "reinvestment_rate": 39.09,
            "research_to_sale_ratio": null,
            "price_fair": 167.07,
            "eps_avg_yearly": 4.77,
            "eps_latest_yearly": 0.92,
            "eps_growth_yearly": 50.51
        },
        "20092": {
            "year_quarter": 20092,
            "year": 2009,
            "quarter": 2,
            "eps": 0.41,
            "eps_growth_year": 70.83,
            "eps_4q": -0.85,
            "eps_4q_growth_year": -342.37,
            "roe": 2.42,
            "roe_4q": -4.789999999999999,
            "gross_profit": 291534,
            "gross_margin": 10.94,
            "gross_margin_4q_avg": -1.05,
            "net_income": 140246,
            "revenue": 2665622,
            "common_shares": 3416676,
            "book_valuer_per_share": 17.12,
            "book_valuer_per_share_4q_avg": 17.49,
            "equity": 5847837,
            "current_ratio": 626.14,
            "debt_ratio": 24.23,
            "inventory_turnover_ratio": 1.14,
            "account_receivable_turnover_ratio": 3.2,
            "reinvestment_rate": 36.85,
            "research_to_sale_ratio": null,
            "price_fair": 178.69,
            "eps_avg_yearly": 5.11,
            "eps_latest_yearly": 0.92,
            "eps_growth_yearly": 77.12
        },
        "20093": {
            "year_quarter": 20093,
            "year": 2009,
            "quarter": 3,
            "eps": 0.68,
            "eps_growth_year": 195.65,
            "eps_4q": -0.31,
            "eps_4q_growth_year": -205.14,
            "roe": 4.22,
            "roe_4q": -1.7999999999999998,
            "gross_profit": 519261,
            "gross_margin": 12.34,
            "gross_margin_4q_avg": 0.67,
            "net_income": 252009,
            "revenue": 4206639,
            "common_shares": 3690010,
            "book_valuer_per_share": 16.55,
            "book_valuer_per_share_4q_avg": 17.04,
            "equity": 6105697,
            "current_ratio": 424.36,
            "debt_ratio": 28.83,
            "inventory_turnover_ratio": 1.29,
            "account_receivable_turnover_ratio": 3.67,
            "reinvestment_rate": 34.93,
            "research_to_sale_ratio": null,
            "price_fair": 182.25,
            "eps_avg_yearly": 5.21,
            "eps_latest_yearly": 2.72,
            "eps_growth_yearly": 85.49
        },
        "20094": {
            "year_quarter": 20094,
            "year": 2009,
            "quarter": 4,
            "eps": 0.27,
            "eps_growth_year": null,
            "eps_4q": 0.62,
            "eps_4q_growth_year": 522.63,
            "roe": 1.6,
            "roe_4q": 3.8100000000000005,
            "gross_profit": 359529,
            "gross_margin": 7.81,
            "gross_margin_4q_avg": 4.34,
            "net_income": 98641,
            "revenue": 4600817,
            "common_shares": 3692317,
            "book_valuer_per_share": 16.77,
            "book_valuer_per_share_4q_avg": 16.83,
            "equity": 6196832,
            "current_ratio": 345.02,
            "debt_ratio": 37.26,
            "inventory_turnover_ratio": 1.1,
            "account_receivable_turnover_ratio": 4.84,
            "reinvestment_rate": 41.52,
            "research_to_sale_ratio": null,
            "price_fair": 181.11,
            "eps_avg_yearly": 5.17,
            "eps_latest_yearly": 1.08,
            "eps_growth_yearly": 67.2
        },
        "20101": {
            "year_quarter": 20101,
            "year": 2010,
            "quarter": 1,
            "eps": 0.44,
            "eps_growth_year": null,
            "eps_4q": 1.77,
            "eps_4q_growth_year": null,
            "roe": 2.57,
            "roe_4q": 10.81,
            "gross_profit": 413023,
            "gross_margin": 8.34,
            "gross_margin_4q_avg": 9.86,
            "net_income": 161184,
            "revenue": 4950986,
            "common_shares": 3692317,
            "book_valuer_per_share": 17.19,
            "book_valuer_per_share_4q_avg": 16.91,
            "equity": 6358314,
            "current_ratio": 421.5,
            "debt_ratio": 33.5,
            "inventory_turnover_ratio": 1.09,
            "account_receivable_turnover_ratio": 2.53,
            "reinvestment_rate": 38.97,
            "research_to_sale_ratio": null,
            "price_fair": 179.33,
            "eps_avg_yearly": 5.12,
            "eps_latest_yearly": 1.76,
            "eps_growth_yearly": 67.87
        },
        "20102": {
            "year_quarter": 20102,
            "year": 2010,
            "quarter": 2,
            "eps": 0.64,
            "eps_growth_year": 56.58,
            "eps_4q": 2.03,
            "eps_4q_growth_year": null,
            "roe": 3.72,
            "roe_4q": 12.11,
            "gross_profit": 505316,
            "gross_margin": 8.88,
            "gross_margin_4q_avg": 9.34,
            "net_income": 237441,
            "revenue": 5688276,
            "common_shares": 3695449,
            "book_valuer_per_share": 17.34,
            "book_valuer_per_share_4q_avg": 16.96,
            "equity": 6412114,
            "current_ratio": 342.91,
            "debt_ratio": 36.39,
            "inventory_turnover_ratio": 1.23,
            "account_receivable_turnover_ratio": 2.67,
            "reinvestment_rate": 28.72,
            "research_to_sale_ratio": null,
            "price_fair": 13.93,
            "eps_avg_yearly": 4.64,
            "eps_latest_yearly": 2.56,
            "eps_growth_yearly": -2.12
        },
        "20103": {
            "year_quarter": 20103,
            "year": 2010,
            "quarter": 3,
            "eps": 0.42,
            "eps_growth_year": -38.96,
            "eps_4q": 1.76,
            "eps_4q_growth_year": null,
            "roe": 2.36,
            "roe_4q": 10.25,
            "gross_profit": 396618,
            "gross_margin": 7.13,
            "gross_margin_4q_avg": 8.04,
            "net_income": 153519,
            "revenue": 5561417,
            "common_shares": 3698582,
            "book_valuer_per_share": 17.78,
            "book_valuer_per_share_4q_avg": 17.27,
            "equity": 6576462,
            "current_ratio": 369.9,
            "debt_ratio": 34.25,
            "inventory_turnover_ratio": 1.23,
            "account_receivable_turnover_ratio": 2.39,
            "reinvestment_rate": 35.38,
            "research_to_sale_ratio": null,
            "price_fair": 11.15,
            "eps_avg_yearly": 3.72,
            "eps_latest_yearly": 1.68,
            "eps_growth_yearly": -33.36
        },
        "20104": {
            "year_quarter": 20104,
            "year": 2010,
            "quarter": 4,
            "eps": 0.05,
            "eps_growth_year": -81.39,
            "eps_4q": 1.54,
            "eps_4q_growth_year": 147.84,
            "roe": 0.28,
            "roe_4q": 8.93,
            "gross_profit": 277654,
            "gross_margin": 4.92,
            "gross_margin_4q_avg": 7.32,
            "net_income": 18588,
            "revenue": 5647279,
            "common_shares": 3698582,
            "book_valuer_per_share": 17.87,
            "book_valuer_per_share_4q_avg": 17.55,
            "equity": 6608905,
            "current_ratio": 243.74,
            "debt_ratio": 43.26,
            "inventory_turnover_ratio": 1.15,
            "account_receivable_turnover_ratio": 2.3,
            "reinvestment_rate": 51.16,
            "research_to_sale_ratio": null,
            "price_fair": 8.12,
            "eps_avg_yearly": 2.71,
            "eps_latest_yearly": 0.2,
            "eps_growth_yearly": -63.68
        },
        "20111": {
            "year_quarter": 20111,
            "year": 2011,
            "quarter": 1,
            "eps": 0.41,
            "eps_growth_year": -6.82,
            "eps_4q": 1.51,
            "eps_4q_growth_year": -14.37,
            "roe": 2.24,
            "roe_4q": 8.600000000000001,
            "gross_profit": 328826,
            "gross_margin": 5.39,
            "gross_margin_4q_avg": 6.58,
            "net_income": 149834,
            "revenue": 6100447,
            "common_shares": 3698582,
            "book_valuer_per_share": 18.29,
            "book_valuer_per_share_4q_avg": 17.82,
            "equity": 6764541,
            "current_ratio": 217.29,
            "debt_ratio": 46.32,
            "inventory_turnover_ratio": 0.98,
            "account_receivable_turnover_ratio": 2.32,
            "reinvestment_rate": 64.96,
            "research_to_sale_ratio": null,
            "price_fair": 70.64,
            "eps_avg_yearly": 2.02,
            "eps_latest_yearly": 1.64,
            "eps_growth_yearly": 204.95
        },
        "20112": {
            "year_quarter": 20112,
            "year": 2011,
            "quarter": 2,
            "eps": 0.03,
            "eps_growth_year": -95.22,
            "eps_4q": 0.9,
            "eps_4q_growth_year": -55.52,
            "roe": 0.17,
            "roe_4q": 5.050000000000001,
            "gross_profit": 221011,
            "gross_margin": 2.94,
            "gross_margin_4q_avg": 5.1,
            "net_income": 11339,
            "revenue": 7505239,
            "common_shares": 3698759,
            "book_valuer_per_share": 17.1,
            "book_valuer_per_share_4q_avg": 17.76,
            "equity": 6323393,
            "current_ratio": 192.74,
            "debt_ratio": 50.05,
            "inventory_turnover_ratio": 1.17,
            "account_receivable_turnover_ratio": 2.52,
            "reinvestment_rate": 79.65,
            "research_to_sale_ratio": null,
            "price_fair": 47.47,
            "eps_avg_yearly": 1.36,
            "eps_latest_yearly": 0.12,
            "eps_growth_yearly": 178.36
        },
        "20113": {
            "year_quarter": 20113,
            "year": 2011,
            "quarter": 3,
            "eps": 0.63,
            "eps_growth_year": 52.64,
            "eps_4q": 1.12,
            "eps_4q_growth_year": -36.39,
            "roe": 3.64,
            "roe_4q": 6.330000000000001,
            "gross_profit": 448334,
            "gross_margin": 6.27,
            "gross_margin_4q_avg": 4.88,
            "net_income": 234489,
            "revenue": 7154746,
            "common_shares": 3698759,
            "book_valuer_per_share": 17.71,
            "book_valuer_per_share_4q_avg": 17.74,
            "equity": 6553679,
            "current_ratio": 222.34,
            "debt_ratio": 45.16,
            "inventory_turnover_ratio": 1.16,
            "account_receivable_turnover_ratio": 2.43,
            "reinvestment_rate": 64.3,
            "research_to_sale_ratio": null,
            "price_fair": 51.42,
            "eps_avg_yearly": 1.47,
            "eps_latest_yearly": 2.52,
            "eps_growth_yearly": 935.71
        },
        "20114": {
            "year_quarter": 20114,
            "year": 2011,
            "quarter": 4,
            "eps": 0.2,
            "eps_growth_year": 288.15,
            "eps_4q": 1.26,
            "eps_4q_growth_year": -18.08,
            "roe": 1.1,
            "roe_4q": 7.15,
            "gross_profit": 344306,
            "gross_margin": 5.19,
            "gross_margin_4q_avg": 4.95,
            "net_income": 72200,
            "revenue": 6638943,
            "common_shares": 3701189,
            "book_valuer_per_share": 17.84,
            "book_valuer_per_share_4q_avg": 17.74,
            "equity": 6602326,
            "current_ratio": 244.35,
            "debt_ratio": 45.29,
            "inventory_turnover_ratio": 1.15,
            "account_receivable_turnover_ratio": 2.45,
            "reinvestment_rate": 43.93,
            "research_to_sale_ratio": null,
            "price_fair": 49.47,
            "eps_avg_yearly": 1.41,
            "eps_latest_yearly": 0.8,
            "eps_growth_yearly": 834.98
        },
        "20121": {
            "year_quarter": 20121,
            "year": 2012,
            "quarter": 1,
            "eps": 0.08,
            "eps_growth_year": -80.49,
            "eps_4q": 0.94,
            "eps_4q_growth_year": -38.1,
            "roe": 0.43,
            "roe_4q": 5.34,
            "gross_profit": 274428,
            "gross_margin": 4.16,
            "gross_margin_4q_avg": 4.64,
            "net_income": 28440,
            "revenue": 6590770,
            "common_shares": 3701189,
            "book_valuer_per_share": 17.94,
            "book_valuer_per_share_4q_avg": 17.65,
            "equity": 6639842,
            "current_ratio": 249.18,
            "debt_ratio": 44.56,
            "inventory_turnover_ratio": 1.18,
            "account_receivable_turnover_ratio": 2.41,
            "reinvestment_rate": 50.63,
            "research_to_sale_ratio": null,
            "price_fair": 46.52,
            "eps_avg_yearly": 1.33,
            "eps_latest_yearly": 0.32,
            "eps_growth_yearly": 752.29
        },
        "20122": {
            "year_quarter": 20122,
            "year": 2012,
            "quarter": 2,
            "eps": 0.3,
            "eps_growth_year": 875.25,
            "eps_4q": 1.2,
            "eps_4q_growth_year": 33.67,
            "roe": 1.71,
            "roe_4q": 6.880000000000001,
            "gross_profit": 383473,
            "gross_margin": 6.2,
            "gross_margin_4q_avg": 5.46,
            "net_income": 110656,
            "revenue": 6181178,
            "common_shares": 3701189,
            "book_valuer_per_share": 17.02,
            "book_valuer_per_share_4q_avg": 17.63,
            "equity": 6300126,
            "current_ratio": 252.78,
            "debt_ratio": 44,
            "inventory_turnover_ratio": 1.1,
            "account_receivable_turnover_ratio": 2.48,
            "reinvestment_rate": 55.4,
            "research_to_sale_ratio": null,
            "price_fair": 47.17,
            "eps_avg_yearly": 1.35,
            "eps_latest_yearly": 1.2,
            "eps_growth_yearly": 849.66
        },
        "20123": {
            "year_quarter": 20123,
            "year": 2012,
            "quarter": 3,
            "eps": 0.29,
            "eps_growth_year": -54.9,
            "eps_4q": 0.86,
            "eps_4q_growth_year": -23.47,
            "roe": 1.66,
            "roe_4q": 4.9,
            "gross_profit": 381891,
            "gross_margin": 6.33,
            "gross_margin_4q_avg": 5.47,
            "net_income": 105748,
            "revenue": 6036745,
            "common_shares": 3701189,
            "book_valuer_per_share": 17.31,
            "book_valuer_per_share_4q_avg": 17.53,
            "equity": 6407654,
            "current_ratio": 327.8,
            "debt_ratio": 40.25,
            "inventory_turnover_ratio": 1.17,
            "account_receivable_turnover_ratio": 2.61,
            "reinvestment_rate": 55.63,
            "research_to_sale_ratio": null,
            "price_fair": 47.82,
            "eps_avg_yearly": 1.37,
            "eps_latest_yearly": 1.16,
            "eps_growth_yearly": 849.92
        },
        "20124": {
            "year_quarter": 20124,
            "year": 2012,
            "quarter": 4,
            "eps": 0.21,
            "eps_growth_year": 5.71,
            "eps_4q": 0.87,
            "eps_4q_growth_year": -31.36,
            "roe": 1.18,
            "roe_4q": 4.9799999999999995,
            "gross_profit": 308713,
            "gross_margin": 5.67,
            "gross_margin_4q_avg": 5.59,
            "net_income": 76320,
            "revenue": 5440947,
            "common_shares": 3701189,
            "book_valuer_per_share": 17.53,
            "book_valuer_per_share_4q_avg": 17.45,
            "equity": 6489093,
            "current_ratio": 318.98,
            "debt_ratio": 40.15,
            "inventory_turnover_ratio": 1.12,
            "account_receivable_turnover_ratio": 2.27,
            "reinvestment_rate": 46.48,
            "research_to_sale_ratio": null,
            "price_fair": 46.5,
            "eps_avg_yearly": 1.33,
            "eps_latest_yearly": 0.84,
            "eps_growth_yearly": 781.33
        },
        "20131": {
            "year_quarter": 20131,
            "year": 2013,
            "quarter": 1,
            "eps": 0.53,
            "eps_growth_year": 562.5,
            "eps_4q": 1.32,
            "eps_4q_growth_year": 41.21,
            "roe": 2.99,
            "roe_4q": 7.54,
            "gross_profit": 412156,
            "gross_margin": 7.55,
            "gross_margin_4q_avg": 6.44,
            "net_income": 196540,
            "revenue": 5458897,
            "common_shares": 3701189,
            "book_valuer_per_share": 17.98,
            "book_valuer_per_share_4q_avg": 17.46,
            "equity": 6654248,
            "current_ratio": 281.81,
            "debt_ratio": 42.4,
            "inventory_turnover_ratio": 1.04,
            "account_receivable_turnover_ratio": 2.17,
            "reinvestment_rate": 34.94,
            "research_to_sale_ratio": null,
            "price_fair": 48.35,
            "eps_avg_yearly": 1.38,
            "eps_latest_yearly": 2.12,
            "eps_growth_yearly": 769.88
        },
        "20132": {
            "year_quarter": 20132,
            "year": 2013,
            "quarter": 2,
            "eps": 0.43,
            "eps_growth_year": 43.83,
            "eps_4q": 1.46,
            "eps_4q_growth_year": 21.02,
            "roe": 2.44,
            "roe_4q": 8.27,
            "gross_profit": 389899,
            "gross_margin": 6.24,
            "gross_margin_4q_avg": 6.45,
            "net_income": 160893,
            "revenue": 6252336,
            "common_shares": 3701189,
            "book_valuer_per_share": 17.72,
            "book_valuer_per_share_4q_avg": 17.64,
            "equity": 6558016,
            "current_ratio": 259.99,
            "debt_ratio": 43.58,
            "inventory_turnover_ratio": 1.21,
            "account_receivable_turnover_ratio": 2.28,
            "reinvestment_rate": 37.84,
            "research_to_sale_ratio": null,
            "price_fair": 49.09,
            "eps_avg_yearly": 1.4,
            "eps_latest_yearly": 1.72,
            "eps_growth_yearly": 717.04
        },
        "20133": {
            "year_quarter": 20133,
            "year": 2013,
            "quarter": 3,
            "eps": 0.36,
            "eps_growth_year": 26,
            "eps_4q": 1.54,
            "eps_4q_growth_year": 79.35,
            "roe": 2.04,
            "roe_4q": 8.65,
            "gross_profit": 429997,
            "gross_margin": 7.11,
            "gross_margin_4q_avg": 6.64,
            "net_income": 134867,
            "revenue": 6047211,
            "common_shares": 3701189,
            "book_valuer_per_share": 18.06,
            "book_valuer_per_share_4q_avg": 17.82,
            "equity": 6685407,
            "current_ratio": 278.64,
            "debt_ratio": 39.36,
            "inventory_turnover_ratio": 1.24,
            "account_receivable_turnover_ratio": 2.31,
            "reinvestment_rate": 38.06,
            "research_to_sale_ratio": null,
            "price_fair": 46.29,
            "eps_avg_yearly": 1.32,
            "eps_latest_yearly": 1.44,
            "eps_growth_yearly": 696.51
        },
        "20134": {
            "year_quarter": 20134,
            "year": 2013,
            "quarter": 4,
            "eps": 0.43,
            "eps_growth_year": 110.44,
            "eps_4q": 1.76,
            "eps_4q_growth_year": 103.29,
            "roe": 2.38,
            "roe_4q": 9.85,
            "gross_profit": 410229,
            "gross_margin": 6.74,
            "gross_margin_4q_avg": 6.91,
            "net_income": 160607,
            "revenue": 6088210,
            "common_shares": 3701189,
            "book_valuer_per_share": 18.44,
            "book_valuer_per_share_4q_avg": 18.05,
            "equity": 6826165,
            "current_ratio": 246.64,
            "debt_ratio": 41.76,
            "inventory_turnover_ratio": 1.21,
            "account_receivable_turnover_ratio": 2.47,
            "reinvestment_rate": 24.96,
            "research_to_sale_ratio": null,
            "price_fair": 47.69,
            "eps_avg_yearly": 1.36,
            "eps_latest_yearly": 1.72,
            "eps_growth_yearly": 716.44
        },
        "20141": {
            "year_quarter": 20141,
            "year": 2014,
            "quarter": 1,
            "eps": 0.8,
            "eps_growth_year": 50.94,
            "eps_4q": 2.04,
            "eps_4q_growth_year": 53.96,
            "roe": 4.26,
            "roe_4q": 11.12,
            "gross_profit": 571494,
            "gross_margin": 9.37,
            "gross_margin_4q_avg": 7.37,
            "net_income": 296884,
            "revenue": 6098832,
            "common_shares": 3701189,
            "book_valuer_per_share": 19.25,
            "book_valuer_per_share_4q_avg": 18.37,
            "equity": 7124828,
            "current_ratio": 222.84,
            "debt_ratio": 44.51,
            "inventory_turnover_ratio": 1.09,
            "account_receivable_turnover_ratio": 2.26,
            "reinvestment_rate": 22.19,
            "research_to_sale_ratio": null,
            "price_fair": 50.84,
            "eps_avg_yearly": 1.45,
            "eps_latest_yearly": 3.2,
            "eps_growth_yearly": 722.21
        },
        "20142": {
            "year_quarter": 20142,
            "year": 2014,
            "quarter": 2,
            "eps": 0.58,
            "eps_growth_year": 34.88,
            "eps_4q": 2.18,
            "eps_4q_growth_year": 49.58,
            "roe": 3.09,
            "roe_4q": 11.77,
            "gross_profit": 606230,
            "gross_margin": 8.59,
            "gross_margin_4q_avg": 7.95,
            "net_income": 214617,
            "revenue": 7061423,
            "common_shares": 3701189,
            "book_valuer_per_share": 18.33,
            "book_valuer_per_share_4q_avg": 18.52,
            "equity": 6784267,
            "current_ratio": 180.45,
            "debt_ratio": 52.65,
            "inventory_turnover_ratio": 1.1,
            "account_receivable_turnover_ratio": 2.38,
            "reinvestment_rate": 19.88,
            "research_to_sale_ratio": null,
            "price_fair": 50.31,
            "eps_avg_yearly": 1.44,
            "eps_latest_yearly": 2.32,
            "eps_growth_yearly": 703.97
        },
        "20143": {
            "year_quarter": 20143,
            "year": 2014,
            "quarter": 3,
            "eps": 0.89,
            "eps_growth_year": 147.22,
            "eps_4q": 2.7,
            "eps_4q_growth_year": 75.84,
            "roe": 4.72,
            "roe_4q": 14.45,
            "gross_profit": 608003,
            "gross_margin": 8.96,
            "gross_margin_4q_avg": 8.42,
            "net_income": 327773,
            "revenue": 6787454,
            "common_shares": 3701189,
            "book_valuer_per_share": 19.21,
            "book_valuer_per_share_4q_avg": 18.81,
            "equity": 7109549,
            "current_ratio": 200.21,
            "debt_ratio": 47.81,
            "inventory_turnover_ratio": 0.97,
            "account_receivable_turnover_ratio": 2.26,
            "reinvestment_rate": 17.08,
            "research_to_sale_ratio": null,
            "price_fair": 54.43,
            "eps_avg_yearly": 1.56,
            "eps_latest_yearly": 3.56,
            "eps_growth_yearly": 725.93
        },
        "20144": {
            "year_quarter": 20144,
            "year": 2014,
            "quarter": 4,
            "eps": 0.39,
            "eps_growth_year": -10.63,
            "eps_4q": 2.66,
            "eps_4q_growth_year": 50.53,
            "roe": 2,
            "roe_4q": 14.069999999999999,
            "gross_profit": 395261,
            "gross_margin": 7.22,
            "gross_margin_4q_avg": 8.54,
            "net_income": 143539,
            "revenue": 5476659,
            "common_shares": 3701189,
            "book_valuer_per_share": 19.67,
            "book_valuer_per_share_4q_avg": 19.12,
            "equity": 7279287,
            "current_ratio": 281.33,
            "debt_ratio": 36.01,
            "inventory_turnover_ratio": 0.94,
            "account_receivable_turnover_ratio": 2,
            "reinvestment_rate": 13.29,
            "research_to_sale_ratio": null,
            "price_fair": 57.4,
            "eps_avg_yearly": 1.64,
            "eps_latest_yearly": 1.56,
            "eps_growth_yearly": 733.91
        },
        "20151": {
            "year_quarter": 20151,
            "year": 2015,
            "quarter": 1,
            "eps": 0.41,
            "eps_growth_year": -48.75,
            "eps_4q": 2.26,
            "eps_4q_growth_year": 11.07,
            "roe": 2.05,
            "roe_4q": 11.86,
            "gross_profit": 397916,
            "gross_margin": 7.98,
            "gross_margin_4q_avg": 8.19,
            "net_income": 150732,
            "revenue": 4988731,
            "common_shares": 3701189,
            "book_valuer_per_share": 20.07,
            "book_valuer_per_share_4q_avg": 19.32,
            "equity": 7428595,
            "current_ratio": 304.15,
            "debt_ratio": 33.16,
            "inventory_turnover_ratio": 0.98,
            "account_receivable_turnover_ratio": 2.21,
            "reinvestment_rate": 13.75,
            "research_to_sale_ratio": null,
            "price_fair": 57.4,
            "eps_avg_yearly": 1.64,
            "eps_latest_yearly": 1.64,
            "eps_growth_yearly": 555.19
        },
        "20152": {
            "year_quarter": 20152,
            "year": 2015,
            "quarter": 2,
            "eps": 0.21,
            "eps_growth_year": -63.79,
            "eps_4q": 1.89,
            "eps_4q_growth_year": -13.25,
            "roe": 1.1,
            "roe_4q": 9.870000000000001,
            "gross_profit": 331764,
            "gross_margin": 6.51,
            "gross_margin_4q_avg": 7.67,
            "net_income": 78039,
            "revenue": 5093456,
            "common_shares": 3701189,
            "book_valuer_per_share": 18.26,
            "book_valuer_per_share_4q_avg": 19.3,
            "equity": 6756821,
            "current_ratio": 232.92,
            "debt_ratio": 38.16,
            "inventory_turnover_ratio": 1.07,
            "account_receivable_turnover_ratio": 2.64,
            "reinvestment_rate": 11.98,
            "research_to_sale_ratio": null,
            "price_fair": 58.98,
            "eps_avg_yearly": 1.69,
            "eps_latest_yearly": 0.84,
            "eps_growth_yearly": 566.17
        },
        "20153": {
            "year_quarter": 20153,
            "year": 2015,
            "quarter": 3,
            "eps": 0.56,
            "eps_growth_year": -37.08,
            "eps_4q": 1.57,
            "eps_4q_growth_year": -42.03,
            "roe": 3.02,
            "roe_4q": 8.17,
            "gross_profit": 317988,
            "gross_margin": 7.22,
            "gross_margin_4q_avg": 7.23,
            "net_income": 207341,
            "revenue": 4404255,
            "common_shares": 3701189,
            "book_valuer_per_share": 18.82,
            "book_valuer_per_share_4q_avg": 19.21,
            "equity": 6964554,
            "current_ratio": 253.67,
            "debt_ratio": 30.58,
            "inventory_turnover_ratio": 1.08,
            "account_receivable_turnover_ratio": 2.34,
            "reinvestment_rate": 9.37,
            "research_to_sale_ratio": null,
            "price_fair": 58.36,
            "eps_avg_yearly": 1.67,
            "eps_latest_yearly": 2.24,
            "eps_growth_yearly": 107.83
        },
        "20154": {
            "year_quarter": 20154,
            "year": 2015,
            "quarter": 4,
            "eps": 0.26,
            "eps_growth_year": -33.78,
            "eps_4q": 1.44,
            "eps_4q_growth_year": -45.95,
            "roe": 1.36,
            "roe_4q": 7.53,
            "gross_profit": 298114,
            "gross_margin": 7.67,
            "gross_margin_4q_avg": 7.35,
            "net_income": 95050,
            "revenue": 3888278,
            "common_shares": 3701189,
            "book_valuer_per_share": 19.05,
            "book_valuer_per_share_4q_avg": 19.05,
            "equity": 7050058,
            "current_ratio": 247.43,
            "debt_ratio": 30.74,
            "inventory_turnover_ratio": 0.99,
            "account_receivable_turnover_ratio": 2.26,
            "reinvestment_rate": 25.81,
            "research_to_sale_ratio": null,
            "price_fair": 58.89,
            "eps_avg_yearly": 1.68,
            "eps_latest_yearly": 1.04,
            "eps_growth_yearly": 111.5
        },
        "20161": {
            "year_quarter": 20161,
            "year": 2016,
            "quarter": 1,
            "eps": 0.39,
            "eps_growth_year": -4.88,
            "eps_4q": 1.41,
            "eps_4q_growth_year": -37.46,
            "roe": 2,
            "roe_4q": 7.48,
            "gross_profit": 366290,
            "gross_margin": 9.36,
            "gross_margin_4q_avg": 7.69,
            "net_income": 142805,
            "revenue": 3911339,
            "common_shares": 3701189,
            "book_valuer_per_share": 19.44,
            "book_valuer_per_share_4q_avg": 18.89,
            "equity": 7196387,
            "current_ratio": 246.69,
            "debt_ratio": 30.04,
            "inventory_turnover_ratio": 0.94,
            "account_receivable_turnover_ratio": 2.51,
            "reinvestment_rate": 23.87,
            "research_to_sale_ratio": null,
            "price_fair": 61.6,
            "eps_avg_yearly": 1.76,
            "eps_latest_yearly": 1.56,
            "eps_growth_yearly": 139
        },
        "20162": {
            "year_quarter": 20162,
            "year": 2016,
            "quarter": 2,
            "eps": 0.5,
            "eps_growth_year": 138.1,
            "eps_4q": 1.6,
            "eps_4q_growth_year": -15.54,
            "roe": 2.88,
            "roe_4q": 9.26,
            "gross_profit": 440897,
            "gross_margin": 10.09,
            "gross_margin_4q_avg": 8.59,
            "net_income": 205249,
            "revenue": 4370360,
            "common_shares": 3701189,
            "book_valuer_per_share": 19,
            "book_valuer_per_share_4q_avg": 19.08,
            "equity": 7033119,
            "current_ratio": 216.63,
            "debt_ratio": 34.28,
            "inventory_turnover_ratio": 0.96,
            "account_receivable_turnover_ratio": 2.77,
            "reinvestment_rate": 19.27,
            "research_to_sale_ratio": null,
            "price_fair": 63.35,
            "eps_avg_yearly": 1.81,
            "eps_latest_yearly": 2,
            "eps_growth_yearly": 77.31
        },
        "20163": {
            "year_quarter": 20163,
            "year": 2016,
            "quarter": 3,
            "eps": 0.46,
            "eps_growth_year": -17.86,
            "eps_4q": 1.55,
            "eps_4q_growth_year": -0.9,
            "roe": 2.65,
            "roe_4q": 8.889999999999999,
            "gross_profit": 463659,
            "gross_margin": 10.04,
            "gross_margin_4q_avg": 9.29,
            "net_income": 188794,
            "revenue": 4619923,
            "common_shares": 4071307,
            "book_valuer_per_share": 17.75,
            "book_valuer_per_share_4q_avg": 18.81,
            "equity": 7225065,
            "current_ratio": 237.63,
            "debt_ratio": 30.76,
            "inventory_turnover_ratio": 0.99,
            "account_receivable_turnover_ratio": 2.77,
            "reinvestment_rate": 16.83,
            "research_to_sale_ratio": null,
            "price_fair": 64.84,
            "eps_avg_yearly": 1.85,
            "eps_latest_yearly": 1.84,
            "eps_growth_yearly": 76.14
        },
        "20164": {
            "year_quarter": 20164,
            "year": 2016,
            "quarter": 4,
            "eps": 0.63,
            "eps_growth_year": 145.53,
            "eps_4q": 1.95,
            "eps_4q_growth_year": 35.82,
            "roe": 3.49,
            "roe_4q": 11.02,
            "gross_profit": 531115,
            "gross_margin": 11.24,
            "gross_margin_4q_avg": 10.18,
            "net_income": 256715,
            "revenue": 4723300,
            "common_shares": 4071307,
            "book_valuer_per_share": 18.37,
            "book_valuer_per_share_4q_avg": 18.64,
            "equity": 7479041,
            "current_ratio": 180.43,
            "debt_ratio": 35.18,
            "inventory_turnover_ratio": 1.04,
            "account_receivable_turnover_ratio": 2.56,
            "reinvestment_rate": 20.35,
            "research_to_sale_ratio": null,
            "price_fair": 68.51,
            "eps_avg_yearly": 1.96,
            "eps_latest_yearly": 2.52,
            "eps_growth_yearly": 92.27
        },
        "20171": {
            "year_quarter": 20171,
            "year": 2017,
            "quarter": 1,
            "eps": 0.55,
            "eps_growth_year": 41.03,
            "eps_4q": 2.14,
            "eps_4q_growth_year": 51.62,
            "roe": 2.92,
            "roe_4q": 11.940000000000001,
            "gross_profit": 572444,
            "gross_margin": 11.28,
            "gross_margin_4q_avg": 10.66,
            "net_income": 221894,
            "revenue": 5074223,
            "common_shares": 4071307,
            "book_valuer_per_share": 18.91,
            "book_valuer_per_share_4q_avg": 18.51,
            "equity": 7700841,
            "current_ratio": 170.02,
            "debt_ratio": 38.44,
            "inventory_turnover_ratio": 1.01,
            "account_receivable_turnover_ratio": 2.56,
            "reinvestment_rate": 24.99,
            "research_to_sale_ratio": null,
            "price_fair": 68.69,
            "eps_avg_yearly": 1.96,
            "eps_latest_yearly": 2.2,
            "eps_growth_yearly": 51
        },
        "20172": {
            "year_quarter": 20172,
            "year": 2017,
            "quarter": 2,
            "eps": 0.5,
            "eps_growth_year": 0,
            "eps_4q": 2.14,
            "eps_4q_growth_year": 33.81,
            "roe": 2.73,
            "roe_4q": 11.790000000000001,
            "gross_profit": 455123,
            "gross_margin": 8.95,
            "gross_margin_4q_avg": 10.38,
            "net_income": 202934,
            "revenue": 5084867,
            "common_shares": 4071307,
            "book_valuer_per_share": 17.61,
            "book_valuer_per_share_4q_avg": 18.16,
            "equity": 7170940,
            "current_ratio": 155.5,
            "debt_ratio": 41.6,
            "inventory_turnover_ratio": 1,
            "account_receivable_turnover_ratio": 2.46,
            "reinvestment_rate": 48.53,
            "research_to_sale_ratio": null,
            "price_fair": 69.3,
            "eps_avg_yearly": 1.98,
            "eps_latest_yearly": 2,
            "eps_growth_yearly": 53.45
        },
        "20173": {
            "year_quarter": 20173,
            "year": 2017,
            "quarter": 3,
            "eps": 0.55,
            "eps_growth_year": 19.57,
            "eps_4q": 2.23,
            "eps_4q_growth_year": 43.41,
            "roe": 3.08,
            "roe_4q": 12.22,
            "gross_profit": 482563,
            "gross_margin": 10.55,
            "gross_margin_4q_avg": 10.51,
            "net_income": 224688,
            "revenue": 4572312,
            "common_shares": 4071307,
            "book_valuer_per_share": 18.17,
            "book_valuer_per_share_4q_avg": 18.27,
            "equity": 7395628,
            "current_ratio": 180.83,
            "debt_ratio": 33.98,
            "inventory_turnover_ratio": 1.01,
            "account_receivable_turnover_ratio": 2.35,
            "reinvestment_rate": 46.12,
            "research_to_sale_ratio": null,
            "price_fair": 70.96,
            "eps_avg_yearly": 2.03,
            "eps_latest_yearly": 2.2,
            "eps_growth_yearly": 60.02
        },
        "20174": {
            "year_quarter": 20174,
            "year": 2017,
            "quarter": 4,
            "eps": 0.41,
            "eps_growth_year": -35.08,
            "eps_4q": 2,
            "eps_4q_growth_year": 2.85,
            "roe": 2.23,
            "roe_4q": 10.96,
            "gross_profit": 485115,
            "gross_margin": 10.7,
            "gross_margin_4q_avg": 10.37,
            "net_income": 166672,
            "revenue": 4534227,
            "common_shares": 4071307,
            "book_valuer_per_share": 18.57,
            "book_valuer_per_share_4q_avg": 18.32,
            "equity": 7558772,
            "current_ratio": 187.22,
            "debt_ratio": 37.14,
            "inventory_turnover_ratio": 1.06,
            "account_receivable_turnover_ratio": 2.39,
            "reinvestment_rate": 47.24,
            "research_to_sale_ratio": null,
            "price_fair": 70.79,
            "eps_avg_yearly": 2.02,
            "eps_latest_yearly": 1.64,
            "eps_growth_yearly": 48.79
        },
        "20181": {
            "year_quarter": 20181,
            "year": 2018,
            "quarter": 1,
            "eps": 0.47,
            "eps_growth_year": -14.55,
            "eps_4q": 1.93,
            "eps_4q_growth_year": -9.96,
            "roe": 2.5,
            "roe_4q": 10.540000000000001,
            "gross_profit": 464107,
            "gross_margin": 9.87,
            "gross_margin_4q_avg": 10.02,
            "net_income": 191464,
            "revenue": 4702763,
            "common_shares": 4071307,
            "book_valuer_per_share": 19.11,
            "book_valuer_per_share_4q_avg": 18.37,
            "equity": 7778939,
            "current_ratio": 179.16,
            "debt_ratio": 38.02,
            "inventory_turnover_ratio": 1.01,
            "account_receivable_turnover_ratio": 2.37,
            "reinvestment_rate": 21.78,
            "research_to_sale_ratio": null,
            "price_fair": 67.9,
            "eps_avg_yearly": 1.94,
            "eps_latest_yearly": 1.88,
            "eps_growth_yearly": 30.94
        },
        "20182": {
            "year_quarter": 20182,
            "year": 2018,
            "quarter": 2,
            "eps": 0.95,
            "eps_growth_year": 90,
            "eps_4q": 2.38,
            "eps_4q_growth_year": 11.55,
            "roe": 5.1,
            "roe_4q": 12.91,
            "gross_profit": 635525,
            "gross_margin": 11.97,
            "gross_margin_4q_avg": 10.77,
            "net_income": 388018,
            "revenue": 5308048,
            "common_shares": 4071307,
            "book_valuer_per_share": 18.28,
            "book_valuer_per_share_4q_avg": 18.53,
            "equity": 7442992,
            "current_ratio": 162.9,
            "debt_ratio": 40.29,
            "inventory_turnover_ratio": 1.07,
            "account_receivable_turnover_ratio": 2.52,
            "reinvestment_rate": 23.43,
            "research_to_sale_ratio": null,
            "price_fair": 71.14,
            "eps_avg_yearly": 2.03,
            "eps_latest_yearly": 3.8,
            "eps_growth_yearly": 63.35
        },
        "20183": {
            "year_quarter": 20183,
            "year": 2018,
            "quarter": 3,
            "eps": 0.59,
            "eps_growth_year": 7.27,
            "eps_4q": 2.42,
            "eps_4q_growth_year": 8.66,
            "roe": 3.15,
            "roe_4q": 12.98,
            "gross_profit": 558667,
            "gross_margin": 11.22,
            "gross_margin_4q_avg": 10.94,
            "net_income": 238511,
            "revenue": 4978517,
            "common_shares": 4071307,
            "book_valuer_per_share": 18.87,
            "book_valuer_per_share_4q_avg": 18.71,
            "equity": 7681503,
            "current_ratio": 186.43,
            "debt_ratio": 38,
            "inventory_turnover_ratio": 1.04,
            "account_receivable_turnover_ratio": 2.25,
            "reinvestment_rate": 25.14,
            "research_to_sale_ratio": null,
            "price_fair": 68.51,
            "eps_avg_yearly": 1.96,
            "eps_latest_yearly": 2.36,
            "eps_growth_yearly": 40.51
        },
        "20184": {
            "year_quarter": 20184,
            "year": 2018,
            "quarter": 4,
            "eps": 0.23,
            "eps_growth_year": -44.89,
            "eps_4q": 2.23,
            "eps_4q_growth_year": 11.48,
            "roe": 1.18,
            "roe_4q": 11.93,
            "gross_profit": 362150,
            "gross_margin": 8.75,
            "gross_margin_4q_avg": 10.45,
            "net_income": 91858,
            "revenue": 4140310,
            "common_shares": 4071307,
            "book_valuer_per_share": 19.35,
            "book_valuer_per_share_4q_avg": 18.9,
            "equity": 7879551,
            "current_ratio": 175.57,
            "debt_ratio": 32.36,
            "inventory_turnover_ratio": 0.95,
            "account_receivable_turnover_ratio": 2.15,
            "reinvestment_rate": 26.51,
            "research_to_sale_ratio": null,
            "price_fair": 67.11,
            "eps_avg_yearly": 1.92,
            "eps_latest_yearly": 0.92,
            "eps_growth_yearly": 39.3
        },
        "20191": {
            "year_quarter": 20191,
            "year": 2019,
            "quarter": 1,
            "eps": 0.61,
            "eps_growth_year": 29.79,
            "eps_4q": 2.38,
            "eps_4q_growth_year": 23.22,
            "roe": 3.12,
            "roe_4q": 12.549999999999999,
            "gross_profit": 484149,
            "gross_margin": 12.03,
            "gross_margin_4q_avg": 10.99,
            "net_income": 249813,
            "revenue": 4022962,
            "common_shares": 4071307,
            "book_valuer_per_share": 19.97,
            "book_valuer_per_share_4q_avg": 19.12,
            "equity": 8128367,
            "current_ratio": 178.53,
            "debt_ratio": 32.23,
            "inventory_turnover_ratio": 0.95,
            "account_receivable_turnover_ratio": 2.47,
            "reinvestment_rate": 26.88,
            "research_to_sale_ratio": null,
            "price_fair": 68.86,
            "eps_avg_yearly": 1.97,
            "eps_latest_yearly": 2.44,
            "eps_growth_yearly": 79.33
        },
        "20192": {
            "year_quarter": 20192,
            "year": 2019,
            "quarter": 2,
            "eps": 0.5,
            "eps_growth_year": -47.37,
            "eps_4q": 1.92,
            "eps_4q_growth_year": -19.38,
            "roe": 2.58,
            "roe_4q": 10.03,
            "gross_profit": 423390,
            "gross_margin": 10.57,
            "gross_margin_4q_avg": 10.64,
            "net_income": 202547,
            "revenue": 4005812,
            "common_shares": 4071307,
            "book_valuer_per_share": 18.66,
            "book_valuer_per_share_4q_avg": 19.21,
            "equity": 7597920,
            "current_ratio": 154.76,
            "debt_ratio": 36.11,
            "inventory_turnover_ratio": 0.97,
            "account_receivable_turnover_ratio": 2.61,
            "reinvestment_rate": 36.08,
            "research_to_sale_ratio": null,
            "price_fair": 71.4,
            "eps_avg_yearly": 2.04,
            "eps_latest_yearly": 2,
            "eps_growth_yearly": 87.01
        },
        "20193": {
            "year_quarter": 20193,
            "year": 2019,
            "quarter": 3,
            "eps": 0.49,
            "eps_growth_year": -16.95,
            "eps_4q": 1.83,
            "eps_4q_growth_year": -24.38,
            "roe": 2.6,
            "roe_4q": 9.48,
            "gross_profit": 473489,
            "gross_margin": 10.41,
            "gross_margin_4q_avg": 10.44,
            "net_income": 200392,
            "revenue": 4548649,
            "common_shares": 4071307,
            "book_valuer_per_share": 19.16,
            "book_valuer_per_share_4q_avg": 19.29,
            "equity": 7800753,
            "current_ratio": 149.26,
            "debt_ratio": 38.6,
            "inventory_turnover_ratio": 1.13,
            "account_receivable_turnover_ratio": 2.98,
            "reinvestment_rate": 49.08,
            "research_to_sale_ratio": null,
            "price_fair": 70.79,
            "eps_avg_yearly": 2.02,
            "eps_latest_yearly": 1.96,
            "eps_growth_yearly": 44.85
        },
        "20194": {
            "year_quarter": 20194,
            "year": 2019,
            "quarter": 4,
            "eps": -0.07,
            "eps_growth_year": -131.6,
            "eps_4q": 1.53,
            "eps_4q_growth_year": -31.45,
            "roe": -0.38,
            "roe_4q": 7.920000000000001,
            "gross_profit": 200563,
            "gross_margin": 5.38,
            "gross_margin_4q_avg": 9.6,
            "net_income": -29023,
            "revenue": 3731316,
            "common_shares": 4071307,
            "book_valuer_per_share": 18.29,
            "book_valuer_per_share_4q_avg": 19.02,
            "equity": 7448280,
            "current_ratio": 163.45,
            "debt_ratio": 38.66,
            "inventory_turnover_ratio": 1.03,
            "account_receivable_turnover_ratio": 2.65,
            "reinvestment_rate": 41.45,
            "research_to_sale_ratio": null,
            "price_fair": 73.08,
            "eps_avg_yearly": 2.09,
            "eps_latest_yearly": 1.96,
            "eps_growth_yearly": 62.12
        },
        "20201": {
            "year_quarter": 20201,
            "year": 2020,
            "quarter": 1,
            "eps": 0.35,
            "eps_growth_year": -42.62,
            "eps_4q": 1.27,
            "eps_4q_growth_year": -46.54,
            "roe": 1.92,
            "roe_4q": 6.720000000000001,
            "gross_profit": 328136,
            "gross_margin": 8.72,
            "gross_margin_4q_avg": 8.77,
            "net_income": 143705,
            "revenue": 3761241,
            "common_shares": 4071307,
            "book_valuer_per_share": 18.49,
            "book_valuer_per_share_4q_avg": 18.65,
            "equity": 7527969,
            "current_ratio": 151.06,
            "debt_ratio": 37.69,
            "inventory_turnover_ratio": 1.06,
            "account_receivable_turnover_ratio": 2.86,
            "reinvestment_rate": 41.18,
            "research_to_sale_ratio": null,
            "price_fair": 74.4,
            "eps_avg_yearly": 2.13,
            "eps_latest_yearly": 1.96,
            "eps_growth_yearly": 52.27
        },
        "20202": {
            "year_quarter": 20202,
            "year": 2020,
            "quarter": 2,
            "eps": 0.34,
            "eps_growth_year": -32,
            "eps_4q": 1.11,
            "eps_4q_growth_year": -42.17,
            "roe": 1.89,
            "roe_4q": 6.029999999999999,
            "gross_profit": 277976,
            "gross_margin": 9.59,
            "gross_margin_4q_avg": 8.53,
            "net_income": 137579,
            "revenue": 2898845,
            "common_shares": 4071307,
            "book_valuer_per_share": 17.23,
            "book_valuer_per_share_4q_avg": 18.29,
            "equity": 7016279,
            "current_ratio": 138.22,
            "debt_ratio": 38.18,
            "inventory_turnover_ratio": 0.87,
            "account_receivable_turnover_ratio": 2.42,
            "reinvestment_rate": 45.98,
            "research_to_sale_ratio": null,
            "price_fair": 72.8,
            "eps_avg_yearly": 2.08,
            "eps_latest_yearly": 1.36,
            "eps_growth_yearly": 43.4
        },
        "20203": {
            "year_quarter": 20203,
            "year": 2020,
            "quarter": 3,
            "eps": 0.46,
            "eps_growth_year": -6.12,
            "eps_4q": 1.08,
            "eps_4q_growth_year": -40.82,
            "roe": 2.67,
            "roe_4q": 6.1,
            "gross_profit": 303483,
            "gross_margin": 9.81,
            "gross_margin_4q_avg": 8.38,
            "net_income": 188408,
            "revenue": 3092833,
            "common_shares": 4071307,
            "book_valuer_per_share": 17.43,
            "book_valuer_per_share_4q_avg": 17.86,
            "equity": 7098252,
            "current_ratio": 142.15,
            "debt_ratio": 41.55,
            "inventory_turnover_ratio": 0.95,
            "account_receivable_turnover_ratio": 2.88,
            "reinvestment_rate": 47.8,
            "research_to_sale_ratio": null,
            "price_fair": 72.8,
            "eps_avg_yearly": 2.08,
            "eps_latest_yearly": 1.84,
            "eps_growth_yearly": 55.77
        },
        "20204": {
            "year_quarter": 20204,
            "year": 2020,
            "quarter": 4,
            "eps": -0.11,
            "eps_growth_year": null,
            "eps_4q": 0.97,
            "eps_4q_growth_year": -36.75,
            "roe": -0.57,
            "roe_4q": 5.91,
            "gross_profit": 275020,
            "gross_margin": 9.28,
            "gross_margin_4q_avg": 9.35,
            "net_income": -46125,
            "revenue": 2964233,
            "common_shares": 4371307,
            "book_valuer_per_share": 20.79,
            "book_valuer_per_share_4q_avg": 18.49,
            "equity": 9089375,
            "current_ratio": 233.39,
            "debt_ratio": 31.21,
            "inventory_turnover_ratio": 0.88,
            "account_receivable_turnover_ratio": 2.78,
            "reinvestment_rate": 43.85,
            "research_to_sale_ratio": null,
            "price_fair": 71.62,
            "eps_avg_yearly": 2.05,
            "eps_latest_yearly": 1.84,
            "eps_growth_yearly": 48.69
        },
        "20211": {
            "year_quarter": 20211,
            "year": 2021,
            "quarter": 1,
            "eps": 0.45,
            "eps_growth_year": 28.57,
            "eps_4q": 1.09,
            "eps_4q_growth_year": -14.05,
            "roe": 2.23,
            "roe_4q": 6.22,
            "gross_profit": 411626,
            "gross_margin": 12.14,
            "gross_margin_4q_avg": 10.21,
            "net_income": 197816,
            "revenue": 3391722,
            "common_shares": 4371307,
            "book_valuer_per_share": 19.87,
            "book_valuer_per_share_4q_avg": 18.83,
            "equity": 8687225,
            "current_ratio": 202.34,
            "debt_ratio": 35.23,
            "inventory_turnover_ratio": 0.9,
            "account_receivable_turnover_ratio": 2.88,
            "reinvestment_rate": 39.24,
            "research_to_sale_ratio": null,
            "price_fair": 71.17,
            "eps_avg_yearly": 2.03,
            "eps_latest_yearly": 1.84,
            "eps_growth_yearly": 56.98
        },
        "20212": {
            "year_quarter": 20212,
            "year": 2021,
            "quarter": 2,
            "eps": 0.7,
            "eps_growth_year": 105.88,
            "eps_4q": 1.48,
            "eps_4q_growth_year": 33.17,
            "roe": 3.43,
            "roe_4q": 7.76,
            "gross_profit": 680701,
            "gross_margin": 15.36,
            "gross_margin_4q_avg": 11.65,
            "net_income": 307127,
            "revenue": 4430592,
            "common_shares": 4371307,
            "book_valuer_per_share": 21.14,
            "book_valuer_per_share_4q_avg": 19.81,
            "equity": 9240745,
            "current_ratio": 171.78,
            "debt_ratio": 39.47,
            "inventory_turnover_ratio": 0.95,
            "account_receivable_turnover_ratio": 3.01,
            "reinvestment_rate": 13.75,
            "research_to_sale_ratio": null,
            "price_fair": 73.5,
            "eps_avg_yearly": 2.1,
            "eps_latest_yearly": 2.8,
            "eps_growth_yearly": 78.52
        },
        "20213": {
            "year_quarter": 20213,
            "year": 2021,
            "quarter": 3,
            "eps": 0.74,
            "eps_growth_year": 60.87,
            "eps_4q": 1.76,
            "eps_4q_growth_year": 62.67,
            "roe": 3.53,
            "roe_4q": 8.62,
            "gross_profit": 967999,
            "gross_margin": 18.25,
            "gross_margin_4q_avg": 13.76,
            "net_income": 323871,
            "revenue": 5305167,
            "common_shares": 4443614,
            "book_valuer_per_share": 20.51,
            "book_valuer_per_share_4q_avg": 20.58,
            "equity": 9115356,
            "current_ratio": 134.46,
            "debt_ratio": 47.53,
            "inventory_turnover_ratio": 0.9,
            "account_receivable_turnover_ratio": 2.98,
            "reinvestment_rate": 18.84,
            "research_to_sale_ratio": null,
            "price_fair": 75.72,
            "eps_avg_yearly": 2.16,
            "eps_latest_yearly": 2.96,
            "eps_growth_yearly": 77.1
        },
        "20214": {
            "year_quarter": 20214,
            "year": 2021,
            "quarter": 4,
            "eps": 0.97,
            "eps_growth_year": null,
            "eps_4q": 2.83,
            "eps_4q_growth_year": 192.46,
            "roe": 4.66,
            "roe_4q": 13.85,
            "gross_profit": 832814,
            "gross_margin": 17.91,
            "gross_margin_4q_avg": 15.92,
            "net_income": 431233,
            "revenue": 4650438,
            "common_shares": 4445345,
            "book_valuer_per_share": 21.15,
            "book_valuer_per_share_4q_avg": 20.67,
            "equity": 9402065,
            "current_ratio": 131.5,
            "debt_ratio": 50.72,
            "inventory_turnover_ratio": 0.64,
            "account_receivable_turnover_ratio": 2.77,
            "reinvestment_rate": 15.31,
            "research_to_sale_ratio": null,
            "price_fair": 82.25,
            "eps_avg_yearly": 2.35,
            "eps_latest_yearly": 3.88,
            "eps_growth_yearly": 95.94
        },
        "20221": {
            "year_quarter": 20221,
            "year": 2022,
            "quarter": 1,
            "eps": 0.95,
            "eps_growth_year": 111.11,
            "eps_4q": 3.33,
            "eps_4q_growth_year": 204.96,
            "roe": 4.48,
            "roe_4q": 16.1,
            "gross_profit": 771064,
            "gross_margin": 18.89,
            "gross_margin_4q_avg": 17.6,
            "net_income": 421551,
            "revenue": 4081880,
            "common_shares": 4446425,
            "book_valuer_per_share": 21.21,
            "book_valuer_per_share_4q_avg": 21,
            "equity": 9432078,
            "current_ratio": 148.25,
            "debt_ratio": 47.89,
            "inventory_turnover_ratio": 0.52,
            "account_receivable_turnover_ratio": 3.31,
            "reinvestment_rate": 40.27,
            "research_to_sale_ratio": null,
            "price_fair": 87.85,
            "eps_avg_yearly": 2.51,
            "eps_latest_yearly": 3.8,
            "eps_growth_yearly": 90.38
        },
        "20222": {
            "year_quarter": 20222,
            "year": 2022,
            "quarter": 2,
            "eps": 0.84,
            "eps_growth_year": 20,
            "eps_4q": 3.48,
            "eps_4q_growth_year": 134.9,
            "roe": 3.97,
            "roe_4q": 16.64,
            "gross_profit": 865860,
            "gross_margin": 17.43,
            "gross_margin_4q_avg": 18.12,
            "net_income": 372212,
            "revenue": 4967150,
            "common_shares": 4452425,
            "book_valuer_per_share": 20.91,
            "book_valuer_per_share_4q_avg": 20.95,
            "equity": 9312161,
            "current_ratio": 129.62,
            "debt_ratio": 53.26,
            "inventory_turnover_ratio": 0.67,
            "account_receivable_turnover_ratio": 4.04,
            "reinvestment_rate": 35.85,
            "research_to_sale_ratio": null,
            "price_fair": 86.57,
            "eps_avg_yearly": 2.47,
            "eps_latest_yearly": 3.36,
            "eps_growth_yearly": 52.47
        },
        "20223": {
            "year_quarter": 20223,
            "year": 2022,
            "quarter": 3,
            "eps": 0.6,
            "eps_growth_year": -18.92,
            "eps_4q": 3.35,
            "eps_4q_growth_year": 90.08,
            "roe": 2.68,
            "roe_4q": 15.790000000000001,
            "gross_profit": 504793,
            "gross_margin": 11.59,
            "gross_margin_4q_avg": 16.46,
            "net_income": 265578,
            "revenue": 4354184,
            "common_shares": 4453545,
            "book_valuer_per_share": 23.65,
            "book_valuer_per_share_4q_avg": 21.73,
            "equity": 10530535,
            "current_ratio": 128.16,
            "debt_ratio": 48.34,
            "inventory_turnover_ratio": 0.65,
            "account_receivable_turnover_ratio": 3.56,
            "reinvestment_rate": 42.84,
            "research_to_sale_ratio": null,
            "price_fair": 86.68,
            "eps_avg_yearly": 2.48,
            "eps_latest_yearly": 2.4,
            "eps_growth_yearly": 55.58
        },
        "20224": {
            "year_quarter": 20224,
            "year": 2022,
            "quarter": 4,
            "eps": -1.21,
            "eps_growth_year": -225.26,
            "eps_4q": 1.16,
            "eps_4q_growth_year": -58.94,
            "roe": -5.17,
            "roe_4q": 5.960000000000001,
            "gross_profit": 35096,
            "gross_margin": 1.02,
            "gross_margin_4q_avg": 12.23,
            "net_income": -541059,
            "revenue": 3437101,
            "common_shares": 4453799,
            "book_valuer_per_share": 23.39,
            "book_valuer_per_share_4q_avg": 22.29,
            "equity": 10416263,
            "current_ratio": 140.33,
            "debt_ratio": 47.03,
            "inventory_turnover_ratio": 0.62,
            "account_receivable_turnover_ratio": 3.48,
            "reinvestment_rate": 81.7,
            "research_to_sale_ratio": null,
            "price_fair": 91.64,
            "eps_avg_yearly": 2.62,
            "eps_latest_yearly": 2.4,
            "eps_growth_yearly": 82.82
        },
        "20231": {
            "year_quarter": 20231,
            "year": 2023,
            "quarter": 1,
            "eps": 0.21,
            "eps_growth_year": -77.89,
            "eps_4q": 0.43,
            "eps_4q_growth_year": -87.24,
            "roe": 0.88,
            "roe_4q": 2.3600000000000003,
            "gross_profit": 290480,
            "gross_margin": 7.46,
            "gross_margin_4q_avg": 9.38,
            "net_income": 93517,
            "revenue": 3892879,
            "common_shares": 4453799,
            "book_valuer_per_share": 24.41,
            "book_valuer_per_share_4q_avg": 23.09,
            "equity": 10870513,
            "current_ratio": 128.65,
            "debt_ratio": 48.32,
            "inventory_turnover_ratio": 0.68,
            "account_receivable_turnover_ratio": 3.85,
            "reinvestment_rate": 109.33,
            "research_to_sale_ratio": null,
            "price_fair": 92.26,
            "eps_avg_yearly": 2.64,
            "eps_latest_yearly": 2.4,
            "eps_growth_yearly": 25.02
        }
    },
    "months": {
        "2001-09": {
            "month": "2001-09",
            "price": "6.97",
            "revenue": 210534
        },
        "2001-10": {
            "month": "2001-10",
            "price": "7.10",
            "revenue": 231101
        },
        "2001-11": {
            "month": "2001-11",
            "price": "6.98",
            "revenue": 242118
        },
        "2001-12": {
            "month": "2001-12",
            "price": "6.93",
            "revenue": 235178
        },
        "2002-01": {
            "month": "2002-01",
            "price": "6.42",
            "revenue": 234608
        },
        "2002-02": {
            "month": "2002-02",
            "price": "6.30",
            "revenue": 146102
        },
        "2002-03": {
            "month": "2002-03",
            "price": "10.87",
            "revenue": 266452
        },
        "2002-04": {
            "month": "2002-04",
            "price": "13.78",
            "revenue": 294540
        },
        "2002-05": {
            "month": "2002-05",
            "price": "12.94",
            "revenue": 301671
        },
        "2002-06": {
            "month": "2002-06",
            "price": "15.51",
            "revenue": 277020
        },
        "2002-07": {
            "month": "2002-07",
            "price": "15.36",
            "revenue": 282558
        },
        "2002-08": {
            "month": "2002-08",
            "price": "14.14",
            "revenue": 225943
        },
        "2002-09": {
            "month": "2002-09",
            "price": "12.30",
            "revenue": 224934
        },
        "2002-10": {
            "month": "2002-10",
            "price": "10.23",
            "revenue": 226787
        },
        "2002-11": {
            "month": "2002-11",
            "price": "11.88",
            "revenue": 268993
        },
        "2002-12": {
            "month": "2002-12",
            "price": "12.00",
            "revenue": 298910
        },
        "2003-01": {
            "month": "2003-01",
            "price": "15.88",
            "revenue": 324953
        },
        "2003-02": {
            "month": "2003-02",
            "price": "25.56",
            "revenue": 265634
        },
        "2003-03": {
            "month": "2003-03",
            "price": "21.21",
            "revenue": 356306
        },
        "2003-04": {
            "month": "2003-04",
            "price": "22.90",
            "revenue": 328930
        },
        "2003-05": {
            "month": "2003-05",
            "price": "19.58",
            "revenue": 344265
        },
        "2003-06": {
            "month": "2003-06",
            "price": "21.40",
            "revenue": 319981
        },
        "2003-07": {
            "month": "2003-07",
            "price": "21.47",
            "revenue": 373981
        },
        "2003-08": {
            "month": "2003-08",
            "price": "21.86",
            "revenue": 349118
        },
        "2003-09": {
            "month": "2003-09",
            "price": "19.89",
            "revenue": 372656
        },
        "2003-10": {
            "month": "2003-10",
            "price": "19.69",
            "revenue": 465970
        },
        "2003-11": {
            "month": "2003-11",
            "price": "19.46",
            "revenue": 390086
        },
        "2003-12": {
            "month": "2003-12",
            "price": "20.42",
            "revenue": 492661
        },
        "2004-01": {
            "month": "2004-01",
            "price": "26.30",
            "revenue": 431845
        },
        "2004-02": {
            "month": "2004-02",
            "price": "33.83",
            "revenue": 543834
        },
        "2004-03": {
            "month": "2004-03",
            "price": "45.29",
            "revenue": 571414
        },
        "2004-04": {
            "month": "2004-04",
            "price": "40.71",
            "revenue": 561333
        },
        "2004-05": {
            "month": "2004-05",
            "price": "30.48",
            "revenue": 559887
        },
        "2004-06": {
            "month": "2004-06",
            "price": "30.22",
            "revenue": 643923
        },
        "2004-07": {
            "month": "2004-07",
            "price": "32.29",
            "revenue": 740380
        },
        "2004-08": {
            "month": "2004-08",
            "price": "31.54",
            "revenue": 762908
        },
        "2004-09": {
            "month": "2004-09",
            "price": "40.20",
            "revenue": 730768
        },
        "2004-10": {
            "month": "2004-10",
            "price": "39.64",
            "revenue": 754169
        },
        "2004-11": {
            "month": "2004-11",
            "price": "33.90",
            "revenue": 733875
        },
        "2004-12": {
            "month": "2004-12",
            "price": "35.23",
            "revenue": 800603
        },
        "2005-01": {
            "month": "2005-01",
            "price": "33.36",
            "revenue": 719106
        },
        "2005-02": {
            "month": "2005-02",
            "price": "33.31",
            "revenue": 512554
        },
        "2005-03": {
            "month": "2005-03",
            "price": "32.03",
            "revenue": 966830
        },
        "2005-04": {
            "month": "2005-04",
            "price": "29.17",
            "revenue": 793581
        },
        "2005-05": {
            "month": "2005-05",
            "price": "24.20",
            "revenue": 746353
        },
        "2005-06": {
            "month": "2005-06",
            "price": "25.48",
            "revenue": 744577
        },
        "2005-07": {
            "month": "2005-07",
            "price": "23.00",
            "revenue": 689048
        },
        "2005-08": {
            "month": "2005-08",
            "price": "20.65",
            "revenue": 731558
        },
        "2005-09": {
            "month": "2005-09",
            "price": "20.83",
            "revenue": 646792
        },
        "2005-10": {
            "month": "2005-10",
            "price": "16.80",
            "revenue": 707364
        },
        "2005-11": {
            "month": "2005-11",
            "price": "14.89",
            "revenue": 715472
        },
        "2005-12": {
            "month": "2005-12",
            "price": "15.50",
            "revenue": 691467
        },
        "2006-01": {
            "month": "2006-01",
            "price": "16.51",
            "revenue": 805579
        },
        "2006-02": {
            "month": "2006-02",
            "price": "21.59",
            "revenue": 633193
        },
        "2006-03": {
            "month": "2006-03",
            "price": "20.65",
            "revenue": 1098731
        },
        "2006-04": {
            "month": "2006-04",
            "price": "29.47",
            "revenue": 931473
        },
        "2006-05": {
            "month": "2006-05",
            "price": "29.74",
            "revenue": 1233610
        },
        "2006-06": {
            "month": "2006-06",
            "price": "27.16",
            "revenue": 1292694
        },
        "2006-07": {
            "month": "2006-07",
            "price": "30.00",
            "revenue": 1223163
        },
        "2006-08": {
            "month": "2006-08",
            "price": "29.22",
            "revenue": 1646928
        },
        "2006-09": {
            "month": "2006-09",
            "price": "28.64",
            "revenue": 1786134
        },
        "2006-10": {
            "month": "2006-10",
            "price": "35.48",
            "revenue": 1912087
        },
        "2006-11": {
            "month": "2006-11",
            "price": "40.24",
            "revenue": 2110147
        },
        "2006-12": {
            "month": "2006-12",
            "price": "41.76",
            "revenue": 2216388
        },
        "2007-01": {
            "month": "2007-01",
            "price": "43.47",
            "revenue": 2356037
        },
        "2007-02": {
            "month": "2007-02",
            "price": "44.46",
            "revenue": 1162313
        },
        "2007-03": {
            "month": "2007-03",
            "price": "46.59",
            "revenue": 2828504
        },
        "2007-04": {
            "month": "2007-04",
            "price": "56.98",
            "revenue": 2620359
        },
        "2007-05": {
            "month": "2007-05",
            "price": "56.40",
            "revenue": 2349938
        },
        "2007-06": {
            "month": "2007-06",
            "price": "53.54",
            "revenue": 1957136
        },
        "2007-07": {
            "month": "2007-07",
            "price": "54.85",
            "revenue": 2041342
        },
        "2007-08": {
            "month": "2007-08",
            "price": "42.53",
            "revenue": 1776928
        },
        "2007-09": {
            "month": "2007-09",
            "price": "43.47",
            "revenue": 1344626
        },
        "2007-10": {
            "month": "2007-10",
            "price": "44.10",
            "revenue": 2047379
        },
        "2007-11": {
            "month": "2007-11",
            "price": "39.61",
            "revenue": 2103135
        },
        "2007-12": {
            "month": "2007-12",
            "price": "32.65",
            "revenue": 1923270
        },
        "2008-01": {
            "month": "2008-01",
            "price": "31.50",
            "revenue": 2110052
        },
        "2008-02": {
            "month": "2008-02",
            "price": "33.92",
            "revenue": 1813538
        },
        "2008-03": {
            "month": "2008-03",
            "price": "36.31",
            "revenue": 2988484
        },
        "2008-04": {
            "month": "2008-04",
            "price": "36.19",
            "revenue": 2636914
        },
        "2008-05": {
            "month": "2008-05",
            "price": "33.72",
            "revenue": 2370985
        },
        "2008-06": {
            "month": "2008-06",
            "price": "27.80",
            "revenue": 2233392
        },
        "2008-07": {
            "month": "2008-07",
            "price": "21.89",
            "revenue": 2321092
        },
        "2008-08": {
            "month": "2008-08",
            "price": "22.45",
            "revenue": 2175989
        },
        "2008-09": {
            "month": "2008-09",
            "price": "16.30",
            "revenue": 1855100
        },
        "2008-10": {
            "month": "2008-10",
            "price": "12.20",
            "revenue": 1708044
        },
        "2008-11": {
            "month": "2008-11",
            "price": "11.17",
            "revenue": 1090184
        },
        "2008-12": {
            "month": "2008-12",
            "price": "11.12",
            "revenue": 1050676
        },
        "2009-01": {
            "month": "2009-01",
            "price": "13.44",
            "revenue": 532275
        },
        "2009-02": {
            "month": "2009-02",
            "price": "12.70",
            "revenue": 665289
        },
        "2009-03": {
            "month": "2009-03",
            "price": "13.24",
            "revenue": 884222
        },
        "2009-04": {
            "month": "2009-04",
            "price": "17.04",
            "revenue": 864745
        },
        "2009-05": {
            "month": "2009-05",
            "price": "19.47",
            "revenue": 775211
        },
        "2009-06": {
            "month": "2009-06",
            "price": "24.59",
            "revenue": 1025666
        },
        "2009-07": {
            "month": "2009-07",
            "price": "26.10",
            "revenue": 1223227
        },
        "2009-08": {
            "month": "2009-08",
            "price": "28.32",
            "revenue": 1381059
        },
        "2009-09": {
            "month": "2009-09",
            "price": "26.95",
            "revenue": 1602354
        },
        "2009-10": {
            "month": "2009-10",
            "price": "26.81",
            "revenue": 1526774
        },
        "2009-11": {
            "month": "2009-11",
            "price": "25.81",
            "revenue": 1433281
        },
        "2009-12": {
            "month": "2009-12",
            "price": "26.06",
            "revenue": 1640761
        },
        "2010-01": {
            "month": "2010-01",
            "price": "26.98",
            "revenue": 1693074
        },
        "2010-02": {
            "month": "2010-02",
            "price": "23.85",
            "revenue": 1189201
        },
        "2010-03": {
            "month": "2010-03",
            "price": "25.89",
            "revenue": 2037739
        },
        "2010-04": {
            "month": "2010-04",
            "price": "28.25",
            "revenue": 1951520
        },
        "2010-05": {
            "month": "2010-05",
            "price": "22.82",
            "revenue": 1909552
        },
        "2010-06": {
            "month": "2010-06",
            "price": "20.92",
            "revenue": 1827204
        },
        "2010-07": {
            "month": "2010-07",
            "price": "21.25",
            "revenue": 1681476
        },
        "2010-08": {
            "month": "2010-08",
            "price": "23.16",
            "revenue": 1815035
        },
        "2010-09": {
            "month": "2010-09",
            "price": "23.25",
            "revenue": 2030133
        },
        "2010-10": {
            "month": "2010-10",
            "price": "23.49",
            "revenue": 1813605
        },
        "2010-11": {
            "month": "2010-11",
            "price": "23.07",
            "revenue": 1833437
        },
        "2010-12": {
            "month": "2010-12",
            "price": "23.39",
            "revenue": 2065982
        },
        "2011-01": {
            "month": "2011-01",
            "price": "24.03",
            "revenue": 2003521
        },
        "2011-02": {
            "month": "2011-02",
            "price": "26.19",
            "revenue": 1733307
        },
        "2011-03": {
            "month": "2011-03",
            "price": "23.96",
            "revenue": 2363619
        },
        "2011-04": {
            "month": "2011-04",
            "price": "23.81",
            "revenue": 2200847
        },
        "2011-05": {
            "month": "2011-05",
            "price": "22.42",
            "revenue": 2705153
        },
        "2011-06": {
            "month": "2011-06",
            "price": "21.31",
            "revenue": 2599239
        },
        "2011-07": {
            "month": "2011-07",
            "price": "21.48",
            "revenue": 2328163
        },
        "2011-08": {
            "month": "2011-08",
            "price": "21.03",
            "revenue": 2575682
        },
        "2011-09": {
            "month": "2011-09",
            "price": "19.49",
            "revenue": 2250901
        },
        "2011-10": {
            "month": "2011-10",
            "price": "19.06",
            "revenue": 2270736
        },
        "2011-11": {
            "month": "2011-11",
            "price": "17.74",
            "revenue": 2021948
        },
        "2011-12": {
            "month": "2011-12",
            "price": "16.09",
            "revenue": 2346259
        },
        "2012-01": {
            "month": "2012-01",
            "price": "16.63",
            "revenue": 1697458
        },
        "2012-02": {
            "month": "2012-02",
            "price": "19.21",
            "revenue": 2427874
        },
        "2012-03": {
            "month": "2012-03",
            "price": "18.93",
            "revenue": 2465438
        },
        "2012-04": {
            "month": "2012-04",
            "price": "17.66",
            "revenue": 2328822
        },
        "2012-05": {
            "month": "2012-05",
            "price": "16.77",
            "revenue": 1923413
        },
        "2012-06": {
            "month": "2012-06",
            "price": "15.94",
            "revenue": 1928943
        },
        "2012-07": {
            "month": "2012-07",
            "price": "15.80",
            "revenue": 2075734
        },
        "2012-08": {
            "month": "2012-08",
            "price": "15.22",
            "revenue": 2046365
        },
        "2012-09": {
            "month": "2012-09",
            "price": "16.58",
            "revenue": 1914646
        },
        "2012-10": {
            "month": "2012-10",
            "price": "16.33",
            "revenue": 1849286
        },
        "2012-11": {
            "month": "2012-11",
            "price": "15.54",
            "revenue": 1818252
        },
        "2012-12": {
            "month": "2012-12",
            "price": "16.59",
            "revenue": 1773409
        },
        "2013-01": {
            "month": "2013-01",
            "price": "17.49",
            "revenue": 2074603
        },
        "2013-02": {
            "month": "2013-02",
            "price": "17.40",
            "revenue": 1294734
        },
        "2013-03": {
            "month": "2013-03",
            "price": "16.88",
            "revenue": 2089560
        },
        "2013-04": {
            "month": "2013-04",
            "price": "16.14",
            "revenue": 2197072
        },
        "2013-05": {
            "month": "2013-05",
            "price": "16.51",
            "revenue": 2150147
        },
        "2013-06": {
            "month": "2013-06",
            "price": "16.68",
            "revenue": 1905118
        },
        "2013-07": {
            "month": "2013-07",
            "price": "16.39",
            "revenue": 2068384
        },
        "2013-08": {
            "month": "2013-08",
            "price": "17.22",
            "revenue": 1978284
        },
        "2013-09": {
            "month": "2013-09",
            "price": "20.59",
            "revenue": 2000542
        },
        "2013-10": {
            "month": "2013-10",
            "price": "20.37",
            "revenue": 2142546
        },
        "2013-11": {
            "month": "2013-11",
            "price": "20.17",
            "revenue": 1804839
        },
        "2013-12": {
            "month": "2013-12",
            "price": "21.25",
            "revenue": 2140825
        },
        "2014-01": {
            "month": "2014-01",
            "price": "22.59",
            "revenue": 2145750
        },
        "2014-02": {
            "month": "2014-02",
            "price": "22.04",
            "revenue": 1732654
        },
        "2014-03": {
            "month": "2014-03",
            "price": "24.84",
            "revenue": 2220428
        },
        "2014-04": {
            "month": "2014-04",
            "price": "28.15",
            "revenue": 2281751
        },
        "2014-05": {
            "month": "2014-05",
            "price": "29.17",
            "revenue": 2432619
        },
        "2014-06": {
            "month": "2014-06",
            "price": "29.70",
            "revenue": 2347053
        },
        "2014-07": {
            "month": "2014-07",
            "price": "28.25",
            "revenue": 2338909
        },
        "2014-08": {
            "month": "2014-08",
            "price": "30.08",
            "revenue": 2158844
        },
        "2014-09": {
            "month": "2014-09",
            "price": "28.10",
            "revenue": 2289701
        },
        "2014-10": {
            "month": "2014-10",
            "price": "23.57",
            "revenue": 2184120
        },
        "2014-11": {
            "month": "2014-11",
            "price": "23.71",
            "revenue": 1559138
        },
        "2014-12": {
            "month": "2014-12",
            "price": "24.54",
            "revenue": 1733401
        },
        "2015-01": {
            "month": "2015-01",
            "price": "24.39",
            "revenue": 1831682
        },
        "2015-02": {
            "month": "2015-02",
            "price": "24.57",
            "revenue": 1308992
        },
        "2015-03": {
            "month": "2015-03",
            "price": "23.89",
            "revenue": 1848057
        },
        "2015-04": {
            "month": "2015-04",
            "price": "24.59",
            "revenue": 1736924
        },
        "2015-05": {
            "month": "2015-05",
            "price": "24.65",
            "revenue": 1704996
        },
        "2015-06": {
            "month": "2015-06",
            "price": "23.59",
            "revenue": 1651536
        },
        "2015-07": {
            "month": "2015-07",
            "price": "20.88",
            "revenue": 1582096
        },
        "2015-08": {
            "month": "2015-08",
            "price": "17.46",
            "revenue": 1511230
        },
        "2015-09": {
            "month": "2015-09",
            "price": "17.88",
            "revenue": 1310929
        },
        "2015-10": {
            "month": "2015-10",
            "price": "19.47",
            "revenue": 1335332
        },
        "2015-11": {
            "month": "2015-11",
            "price": "19.42",
            "revenue": 1131482
        },
        "2015-12": {
            "month": "2015-12",
            "price": "18.66",
            "revenue": 1421464
        },
        "2016-01": {
            "month": "2016-01",
            "price": "18.79",
            "revenue": 1484680
        },
        "2016-02": {
            "month": "2016-02",
            "price": "21.65",
            "revenue": 945200
        },
        "2016-03": {
            "month": "2016-03",
            "price": "24.35",
            "revenue": 1481459
        },
        "2016-04": {
            "month": "2016-04",
            "price": "24.28",
            "revenue": 1383667
        },
        "2016-05": {
            "month": "2016-05",
            "price": "22.98",
            "revenue": 1463239
        },
        "2016-06": {
            "month": "2016-06",
            "price": "22.96",
            "revenue": 1523454
        },
        "2016-07": {
            "month": "2016-07",
            "price": "24.44",
            "revenue": 1520138
        },
        "2016-08": {
            "month": "2016-08",
            "price": "23.30",
            "revenue": 1647385
        },
        "2016-09": {
            "month": "2016-09",
            "price": "22.59",
            "revenue": 1452401
        },
        "2016-10": {
            "month": "2016-10",
            "price": "22.47",
            "revenue": 1467420
        },
        "2016-11": {
            "month": "2016-11",
            "price": "24.77",
            "revenue": 1606685
        },
        "2016-12": {
            "month": "2016-12",
            "price": "28.18",
            "revenue": 1649194
        },
        "2017-01": {
            "month": "2017-01",
            "price": "27.43",
            "revenue": 1578995
        },
        "2017-02": {
            "month": "2017-02",
            "price": "28.42",
            "revenue": 1526787
        },
        "2017-03": {
            "month": "2017-03",
            "price": "26.10",
            "revenue": 1968441
        },
        "2017-04": {
            "month": "2017-04",
            "price": "24.87",
            "revenue": 1608159
        },
        "2017-05": {
            "month": "2017-05",
            "price": "24.42",
            "revenue": 1743204
        },
        "2017-06": {
            "month": "2017-06",
            "price": "25.31",
            "revenue": 1733504
        },
        "2017-07": {
            "month": "2017-07",
            "price": "24.73",
            "revenue": 1541386
        },
        "2017-08": {
            "month": "2017-08",
            "price": "26.06",
            "revenue": 1566622
        },
        "2017-09": {
            "month": "2017-09",
            "price": "26.34",
            "revenue": 1464304
        },
        "2017-10": {
            "month": "2017-10",
            "price": "25.60",
            "revenue": 1398795
        },
        "2017-11": {
            "month": "2017-11",
            "price": "25.98",
            "revenue": 1475431
        },
        "2017-12": {
            "month": "2017-12",
            "price": "25.83",
            "revenue": 1660001
        },
        "2018-01": {
            "month": "2018-01",
            "price": "26.80",
            "revenue": 1771138
        },
        "2018-02": {
            "month": "2018-02",
            "price": "26.26",
            "revenue": 1154935
        },
        "2018-03": {
            "month": "2018-03",
            "price": "26.21",
            "revenue": 1776064
        },
        "2018-04": {
            "month": "2018-04",
            "price": "26.46",
            "revenue": 1642533
        },
        "2018-05": {
            "month": "2018-05",
            "price": "26.64",
            "revenue": 1852563
        },
        "2018-06": {
            "month": "2018-06",
            "price": "27.03",
            "revenue": 1812965
        },
        "2018-07": {
            "month": "2018-07",
            "price": "25.81",
            "revenue": 1719259
        },
        "2018-08": {
            "month": "2018-08",
            "price": "26.10",
            "revenue": 1705141
        },
        "2018-09": {
            "month": "2018-09",
            "price": "25.84",
            "revenue": 1553311
        },
        "2018-10": {
            "month": "2018-10",
            "price": "25.19",
            "revenue": 1617750
        },
        "2018-11": {
            "month": "2018-11",
            "price": "24.75",
            "revenue": 1221991
        },
        "2018-12": {
            "month": "2018-12",
            "price": "24.57",
            "revenue": 1301988
        },
        "2019-01": {
            "month": "2019-01",
            "price": "24.73",
            "revenue": 1595895
        },
        "2019-02": {
            "month": "2019-02",
            "price": "25.55",
            "revenue": 958618
        },
        "2019-03": {
            "month": "2019-03",
            "price": "26.18",
            "revenue": 1468449
        },
        "2019-04": {
            "month": "2019-04",
            "price": "26.23",
            "revenue": 1438624
        },
        "2019-05": {
            "month": "2019-05",
            "price": "26.42",
            "revenue": 1349318
        },
        "2019-06": {
            "month": "2019-06",
            "price": "26.76",
            "revenue": 1217870
        },
        "2019-07": {
            "month": "2019-07",
            "price": "26.18",
            "revenue": 1545581
        },
        "2019-08": {
            "month": "2019-08",
            "price": "26.10",
            "revenue": 1623485
        },
        "2019-09": {
            "month": "2019-09",
            "price": "26.58",
            "revenue": 1379583
        },
        "2019-10": {
            "month": "2019-10",
            "price": "26.33",
            "revenue": 1299248
        },
        "2019-11": {
            "month": "2019-11",
            "price": "26.09",
            "revenue": 1144280
        },
        "2019-12": {
            "month": "2019-12",
            "price": "25.90",
            "revenue": 1287788
        },
        "2020-01": {
            "month": "2020-01",
            "price": "25.87",
            "revenue": 1052001
        },
        "2020-02": {
            "month": "2020-02",
            "price": "25.53",
            "revenue": 1359852
        },
        "2020-03": {
            "month": "2020-03",
            "price": "23.40",
            "revenue": 1349388
        },
        "2020-04": {
            "month": "2020-04",
            "price": "22.68",
            "revenue": 922422
        },
        "2020-05": {
            "month": "2020-05",
            "price": "23.73",
            "revenue": 1004758
        },
        "2020-06": {
            "month": "2020-06",
            "price": "24.70",
            "revenue": 971665
        },
        "2020-07": {
            "month": "2020-07",
            "price": "24.25",
            "revenue": 942357
        },
        "2020-08": {
            "month": "2020-08",
            "price": "23.34",
            "revenue": 1018752
        },
        "2020-09": {
            "month": "2020-09",
            "price": "23.52",
            "revenue": 1131724
        },
        "2020-10": {
            "month": "2020-10",
            "price": "23.14",
            "revenue": 948429
        },
        "2020-11": {
            "month": "2020-11",
            "price": "23.83",
            "revenue": 950552
        },
        "2020-12": {
            "month": "2020-12",
            "price": "26.86",
            "revenue": 1065252
        },
        "2021-01": {
            "month": "2021-01",
            "price": "26.29",
            "revenue": 1042931
        },
        "2021-02": {
            "month": "2021-02",
            "price": "26.34",
            "revenue": 933462
        },
        "2021-03": {
            "month": "2021-03",
            "price": "26.63",
            "revenue": 1415329
        },
        "2021-04": {
            "month": "2021-04",
            "price": "28.70",
            "revenue": 1268314
        },
        "2021-05": {
            "month": "2021-05",
            "price": "30.53",
            "revenue": 1440575
        },
        "2021-06": {
            "month": "2021-06",
            "price": "32.53",
            "revenue": 1721703
        },
        "2021-07": {
            "month": "2021-07",
            "price": "41.96",
            "revenue": 1868463
        },
        "2021-08": {
            "month": "2021-08",
            "price": "38.00",
            "revenue": 1627102
        },
        "2021-09": {
            "month": "2021-09",
            "price": "36.49",
            "revenue": 1809602
        },
        "2021-10": {
            "month": "2021-10",
            "price": "31.82",
            "revenue": 1909639
        },
        "2021-11": {
            "month": "2021-11",
            "price": "31.98",
            "revenue": 1661156
        },
        "2021-12": {
            "month": "2021-12",
            "price": "32.25",
            "revenue": 1079643
        },
        "2022-01": {
            "month": "2022-01",
            "price": "30.71",
            "revenue": 1534217
        },
        "2022-02": {
            "month": "2022-02",
            "price": "31.61",
            "revenue": 1214635
        },
        "2022-03": {
            "month": "2022-03",
            "price": "34.71",
            "revenue": 1419853
        },
        "2022-04": {
            "month": "2022-04",
            "price": "35.23",
            "revenue": 1693995
        },
        "2022-05": {
            "month": "2022-05",
            "price": "30.89",
            "revenue": 1725700
        },
        "2022-06": {
            "month": "2022-06",
            "price": "28.87",
            "revenue": 1547455
        },
        "2022-07": {
            "month": "2022-07",
            "price": "27.27",
            "revenue": 1667173
        },
        "2022-08": {
            "month": "2022-08",
            "price": "29.99",
            "revenue": 1301373
        },
        "2022-09": {
            "month": "2022-09",
            "price": "29.00",
            "revenue": 1385638
        },
        "2022-10": {
            "month": "2022-10",
            "price": "26.24",
            "revenue": 1169565
        },
        "2022-11": {
            "month": "2022-11",
            "price": "27.06",
            "revenue": 1158869
        },
        "2022-12": {
            "month": "2022-12",
            "price": "28.48",
            "revenue": 1028155
        },
        "2023-01": {
            "month": "2023-01",
            "price": "29.32",
            "revenue": 1116935
        },
        "2023-02": {
            "month": "2023-02",
            "price": "30.84",
            "revenue": 1237268
        },
        "2023-03": {
            "month": "2023-03",
            "price": "29.87",
            "revenue": 1515006
        },
        "2023-04": {
            "month": "2023-04",
            "price": "29.30",
            "revenue": 1376403
        },
        "2023-05": {
            "month": "2023-05",
            "price": "28.92",
            "revenue": 1315674
        }
    }
}
