{
    "summary": {
        "stock_name": "唐榮",
        "stock_id": "2035",
        "category": "鋼鐵",
        "main_business": "不銹鋼品",
        "website_url": "http://www.tangeng.com.tw",
        "ceo": "蔡明洲",
        "pe_ratio": -22,
        "report_year_from": 2001,
        "report_year_to": 2023,
        "age": 22,
        "eps_negative_percentage": 42,
        "eps_growth_avg": {
            "last_all": -74.82,
            "last_2y": -100,
            "last_4y": -100,
            "last_8y": -90.28,
            "last_12y": -68.6,
            "last_16y": -74.82,
            "last_20y": null,
            "at_2006_last_3y": null,
            "at_2007_last_3y": null,
            "at_2008_last_3y": null,
            "at_2009_last_3y": -99.7,
            "at_2010_last_3y": -98.94,
            "at_2011_last_3y": -32.48,
            "at_2012_last_3y": -32.48,
            "at_2013_last_3y": -32.48,
            "at_2014_last_3y": 0,
            "at_2015_last_3y": -100,
            "at_2016_last_3y": -100,
            "at_2017_last_3y": -75.69,
            "at_2018_last_3y": -83.8,
            "at_2019_last_3y": -75.69,
            "at_2020_last_3y": -83.8,
            "at_2021_last_3y": -100,
            "at_2022_last_3y": -100,
            "at_2023_last_3y": -100,
            "at_2006_last_all": null,
            "at_2007_last_all": -99.39,
            "at_2008_last_all": -99.7,
            "at_2009_last_all": -99.7,
            "at_2010_last_all": -98.94,
            "at_2011_last_all": -49.21,
            "at_2012_last_all": -59.36,
            "at_2013_last_all": -59.36,
            "at_2014_last_all": -59.36,
            "at_2015_last_all": -66.14,
            "at_2016_last_all": -66.14,
            "at_2017_last_all": -64.03,
            "at_2018_last_all": -68.53,
            "at_2019_last_all": -68.53,
            "at_2020_last_all": -72.02,
            "at_2021_last_all": -72.02,
            "at_2022_last_all": -74.82,
            "at_2023_last_all": -74.82
        },
        "latest_eps": -1.44,
        "latest_price": 31.4,
        "latest_roe": -8.52,
        "latest_gross_margin": 2.02,
        "latest_equity": 5723685,
        "latest_revenue": 3150824,
        "latest_gross_profit": 63776,
        "latest_net_income": 9642,
        "latest_debt_ratio": 66.95,
        "latest_current_ratio": 109.31,
        "latest_account_receivable_turnover_ratio": 169.52,
        "latest_inventory_turnover_ratio": 1.26,
        "latest_reinvestment_rate": -94.28,
        "latest_research_to_sale_ratio": 0.07
    },
    "eps_dividends": {
        "2001": {
            "cash": 0,
            "stock": 0,
            "eps": 0
        },
        "2002": {
            "cash": 0,
            "stock": 0,
            "eps": 0
        },
        "2003": {
            "cash": 0,
            "stock": 0,
            "eps": 0
        },
        "2004": {
            "cash": 0,
            "stock": 0,
            "eps": 0
        },
        "2005": {
            "cash": 0,
            "stock": 0,
            "eps": -0.64
        },
        "2006": {
            "cash": 0,
            "stock": 0,
            "eps": 6.59
        },
        "2007": {
            "cash": 0,
            "stock": 0,
            "eps": 0.04
        },
        "2008": {
            "cash": 0,
            "stock": 0,
            "eps": -6.75
        },
        "2009": {
            "cash": 0,
            "stock": 0,
            "eps": 4.67
        },
        "2010": {
            "cash": 0,
            "stock": 0,
            "eps": 0.12
        },
        "2011": {
            "cash": 0,
            "stock": 0,
            "eps": 1.38
        },
        "2012": {
            "cash": 0,
            "stock": 0,
            "eps": -1.35
        },
        "2013": {
            "cash": 0,
            "stock": 0,
            "eps": -2.77
        },
        "2014": {
            "cash": 0,
            "stock": 0,
            "eps": 1
        },
        "2015": {
            "cash": 0,
            "stock": 0,
            "eps": -2.66
        },
        "2016": {
            "cash": 0,
            "stock": 0,
            "eps": 1.44
        },
        "2017": {
            "cash": 0,
            "stock": 0,
            "eps": 0.7
        },
        "2018": {
            "cash": 0,
            "stock": 0,
            "eps": -4.12
        },
        "2019": {
            "cash": 0,
            "stock": 0,
            "eps": 0.04
        },
        "2020": {
            "cash": 0,
            "stock": 0,
            "eps": -1.9
        },
        "2021": {
            "cash": 0,
            "stock": 0,
            "eps": 4.54
        },
        "2022": {
            "cash": 0,
            "stock": 0,
            "eps": -0.64
        },
        "2023": {
            "cash": 0,
            "stock": 0,
            "eps": 0.03
        }
    },
    "dividends": [],
    "prices": {
        "200101": "無",
        "200102": "無",
        "200103": "無",
        "200104": "無",
        "200105": "無",
        "200106": "無",
        "200107": "無",
        "200108": "無",
        "200109": "無",
        "200110": "無",
        "200111": "無",
        "200112": "無",
        "200201": "無",
        "200202": "無",
        "200203": "無",
        "200204": "無",
        "200205": "無",
        "200206": "無",
        "200207": "無",
        "200208": "無",
        "200209": "無",
        "200210": "無",
        "200211": "無",
        "200212": "無",
        "200301": "無",
        "200302": "無",
        "200303": "無",
        "200304": "無",
        "200305": "無",
        "200306": "無",
        "200307": "無",
        "200308": "無",
        "200309": "無",
        "200310": "無",
        "200311": "無",
        "200312": "無",
        "200401": "無",
        "200402": "無",
        "200403": "無",
        "200404": "無",
        "200405": "無",
        "200406": "無",
        "200407": "無",
        "200408": "無",
        "200409": "無",
        "200410": "無",
        "200411": "無",
        "200412": "無",
        "200501": "無",
        "200502": "無",
        "200503": "無",
        "200504": "無",
        "200505": "無",
        "200506": "無",
        "200507": "無",
        "200508": "無",
        "200509": "無",
        "200510": "無",
        "200511": "無",
        "200512": "無",
        "200601": "無",
        "200602": "無",
        "200603": "無",
        "200604": "無",
        "200605": "無",
        "200606": "無",
        "200607": "17.09",
        "200608": "16.47",
        "200609": "17.25",
        "200610": "27.62",
        "200611": "27.48",
        "200612": "28.63",
        "200701": "30.03",
        "200702": "32.08",
        "200703": "34.25",
        "200704": "45.40",
        "200705": "44.95",
        "200706": "41.84",
        "200707": "44.05",
        "200708": "34.76",
        "200709": "35.34",
        "200710": "32.71",
        "200711": "23.45",
        "200712": "22.10",
        "200801": "24.55",
        "200802": "27.02",
        "200803": "33.03",
        "200804": "40.22",
        "200805": "38.25",
        "200806": "29.04",
        "200807": "26.20",
        "200808": "26.34",
        "200809": "24.31",
        "200810": "22.03",
        "200811": "18.85",
        "200812": "22.45",
        "200901": "24.18",
        "200902": "22.07",
        "200903": "21.28",
        "200904": "24.21",
        "200905": "31.43",
        "200906": "32.71",
        "200907": "34.93",
        "200908": "33.77",
        "200909": "32.05",
        "200910": "34.15",
        "200911": "34.15",
        "200912": "34.23",
        "201001": "35.20",
        "201002": "30.54",
        "201003": "32.22",
        "201004": "32.99",
        "201005": "28.03",
        "201006": "26.21",
        "201007": "27.24",
        "201008": "27.89",
        "201009": "27.25",
        "201010": "28.72",
        "201011": "27.82",
        "201012": "28.20",
        "201101": "28.39",
        "201102": "28.08",
        "201103": "28.37",
        "201104": "28.85",
        "201105": "28.22",
        "201106": "28.27",
        "201107": "28.18",
        "201108": "28.08",
        "201109": "28.50",
        "201110": "27.94",
        "201111": "27.44",
        "201112": "28.31",
        "201201": "28.21",
        "201202": "28.56",
        "201203": "29.74",
        "201204": "29.05",
        "201205": "26.98",
        "201206": "27.39",
        "201207": "27.69",
        "201208": "27.37",
        "201209": "30.00",
        "201210": "29.17",
        "201211": "26.53",
        "201212": "29.62",
        "201301": "30.08",
        "201302": "30.45",
        "201303": "30.46",
        "201304": "30.15",
        "201305": "30.12",
        "201306": "30.16",
        "201307": "29.96",
        "201308": "29.37",
        "201309": "28.98",
        "201310": "28.82",
        "201311": "28.12",
        "201312": "27.68",
        "201401": "27.56",
        "201402": "27.64",
        "201403": "27.85",
        "201404": "27.84",
        "201405": "32.88",
        "201406": "37.04",
        "201407": "36.27",
        "201408": "35.51",
        "201409": "37.86",
        "201410": "43.59",
        "201411": "44.40",
        "201412": "43.53",
        "201501": "41.89",
        "201502": "42.60",
        "201503": "48.67",
        "201504": "51.72",
        "201505": "53.15",
        "201506": "51.30",
        "201507": "48.67",
        "201508": "48.62",
        "201509": "48.46",
        "201510": "47.38",
        "201511": "45.49",
        "201512": "44.80",
        "201601": "44.93",
        "201602": "46.01",
        "201603": "46.04",
        "201604": "44.93",
        "201605": "45.04",
        "201606": "45.28",
        "201607": "45.34",
        "201608": "46.64",
        "201609": "46.91",
        "201610": "46.77",
        "201611": "46.81",
        "201612": "46.79",
        "201701": "46.92",
        "201702": "48.32",
        "201703": "48.86",
        "201704": "48.82",
        "201705": "47.52",
        "201706": "46.97",
        "201707": "46.59",
        "201708": "46.68",
        "201709": "46.51",
        "201710": "45.87",
        "201711": "44.62",
        "201712": "45.53",
        "201801": "44.72",
        "201802": "44.20",
        "201803": "44.92",
        "201804": "44.67",
        "201805": "44.17",
        "201806": "44.20",
        "201807": "42.09",
        "201808": "43.80",
        "201809": "44.95",
        "201810": "44.73",
        "201811": "44.90",
        "201812": "44.78",
        "201901": "44.65",
        "201902": "44.49",
        "201903": "42.51",
        "201904": "41.29",
        "201905": "39.65",
        "201906": "39.21",
        "201907": "39.10",
        "201908": "39.04",
        "201909": "39.27",
        "201910": "39.43",
        "201911": "39.42",
        "201912": "39.75",
        "202001": "40.78",
        "202002": "39.70",
        "202003": "38.42",
        "202004": "39.03",
        "202005": "38.53",
        "202006": "38.92",
        "202007": "38.63",
        "202008": "38.58",
        "202009": "38.30",
        "202010": "37.94",
        "202011": "37.37",
        "202012": "38.26",
        "202101": "37.45",
        "202102": "36.96",
        "202103": "36.44",
        "202104": "37.00",
        "202105": "36.77",
        "202106": "38.27",
        "202107": "39.90",
        "202108": "37.28",
        "202109": "35.97",
        "202110": "33.85",
        "202111": "36.85",
        "202112": "36.11",
        "202201": "35.41",
        "202202": "36.56",
        "202203": "36.95",
        "202204": "36.72",
        "202205": "33.47",
        "202206": "32.27",
        "202207": "31.77",
        "202208": "32.97",
        "202209": "32.50",
        "202210": "30.84",
        "202211": "31.32",
        "202212": "31.85",
        "202301": "31.94",
        "202302": "32.03",
        "202303": "31.48",
        "202304": "31.36",
        "202305": "31.30",
        "202306": "31.23"
    },
    "quarters": {
        "20011": {
            "year_quarter": 20011,
            "year": 2001,
            "quarter": 1,
            "eps": null,
            "eps_growth_year": null,
            "eps_4q": null,
            "eps_4q_growth_year": null,
            "roe": null,
            "roe_4q": 0,
            "gross_profit": null,
            "gross_margin": null,
            "gross_margin_4q_avg": 0,
            "net_income": null,
            "revenue": null,
            "common_shares": null,
            "book_valuer_per_share": null,
            "book_valuer_per_share_4q_avg": 0,
            "equity": null,
            "current_ratio": null,
            "debt_ratio": null,
            "inventory_turnover_ratio": null,
            "account_receivable_turnover_ratio": null,
            "reinvestment_rate": null,
            "research_to_sale_ratio": null,
            "price_fair": 0,
            "eps_avg_yearly": 0,
            "eps_latest_yearly": 0,
            "eps_growth_yearly": 0
        },
        "20012": {
            "year_quarter": 20012,
            "year": 2001,
            "quarter": 2,
            "eps": null,
            "eps_growth_year": null,
            "eps_4q": null,
            "eps_4q_growth_year": null,
            "roe": null,
            "roe_4q": 0,
            "gross_profit": null,
            "gross_margin": null,
            "gross_margin_4q_avg": 0,
            "net_income": null,
            "revenue": null,
            "common_shares": null,
            "book_valuer_per_share": null,
            "book_valuer_per_share_4q_avg": 0,
            "equity": null,
            "current_ratio": null,
            "debt_ratio": null,
            "inventory_turnover_ratio": null,
            "account_receivable_turnover_ratio": null,
            "reinvestment_rate": null,
            "research_to_sale_ratio": null,
            "price_fair": 0,
            "eps_avg_yearly": 0,
            "eps_latest_yearly": 0,
            "eps_growth_yearly": 0
        },
        "20013": {
            "year_quarter": 20013,
            "year": 2001,
            "quarter": 3,
            "eps": null,
            "eps_growth_year": null,
            "eps_4q": null,
            "eps_4q_growth_year": null,
            "roe": null,
            "roe_4q": 0,
            "gross_profit": null,
            "gross_margin": null,
            "gross_margin_4q_avg": 0,
            "net_income": null,
            "revenue": null,
            "common_shares": null,
            "book_valuer_per_share": null,
            "book_valuer_per_share_4q_avg": 0,
            "equity": null,
            "current_ratio": null,
            "debt_ratio": null,
            "inventory_turnover_ratio": null,
            "account_receivable_turnover_ratio": null,
            "reinvestment_rate": null,
            "research_to_sale_ratio": null,
            "price_fair": 0,
            "eps_avg_yearly": 0,
            "eps_latest_yearly": 0,
            "eps_growth_yearly": 0
        },
        "20014": {
            "year_quarter": 20014,
            "year": 2001,
            "quarter": 4,
            "eps": null,
            "eps_growth_year": null,
            "eps_4q": null,
            "eps_4q_growth_year": null,
            "roe": null,
            "roe_4q": 0,
            "gross_profit": null,
            "gross_margin": null,
            "gross_margin_4q_avg": 0,
            "net_income": null,
            "revenue": null,
            "common_shares": 7000000,
            "book_valuer_per_share": -1.12,
            "book_valuer_per_share_4q_avg": -0.28,
            "equity": -783863,
            "current_ratio": 37.79,
            "debt_ratio": 102.49,
            "inventory_turnover_ratio": null,
            "account_receivable_turnover_ratio": null,
            "reinvestment_rate": null,
            "research_to_sale_ratio": null,
            "price_fair": 0,
            "eps_avg_yearly": 0,
            "eps_latest_yearly": 0,
            "eps_growth_yearly": 0
        },
        "20021": {
            "year_quarter": 20021,
            "year": 2002,
            "quarter": 1,
            "eps": null,
            "eps_growth_year": null,
            "eps_4q": null,
            "eps_4q_growth_year": null,
            "roe": null,
            "roe_4q": 0,
            "gross_profit": null,
            "gross_margin": null,
            "gross_margin_4q_avg": 0,
            "net_income": null,
            "revenue": null,
            "common_shares": null,
            "book_valuer_per_share": null,
            "book_valuer_per_share_4q_avg": -0.28,
            "equity": null,
            "current_ratio": null,
            "debt_ratio": null,
            "inventory_turnover_ratio": null,
            "account_receivable_turnover_ratio": null,
            "reinvestment_rate": null,
            "research_to_sale_ratio": null,
            "price_fair": 0,
            "eps_avg_yearly": 0,
            "eps_latest_yearly": 0,
            "eps_growth_yearly": 0
        },
        "20022": {
            "year_quarter": 20022,
            "year": 2002,
            "quarter": 2,
            "eps": null,
            "eps_growth_year": null,
            "eps_4q": null,
            "eps_4q_growth_year": null,
            "roe": null,
            "roe_4q": 0,
            "gross_profit": null,
            "gross_margin": null,
            "gross_margin_4q_avg": 0,
            "net_income": null,
            "revenue": null,
            "common_shares": null,
            "book_valuer_per_share": null,
            "book_valuer_per_share_4q_avg": -0.28,
            "equity": null,
            "current_ratio": null,
            "debt_ratio": null,
            "inventory_turnover_ratio": null,
            "account_receivable_turnover_ratio": null,
            "reinvestment_rate": null,
            "research_to_sale_ratio": null,
            "price_fair": 0,
            "eps_avg_yearly": 0,
            "eps_latest_yearly": 0,
            "eps_growth_yearly": 0
        },
        "20023": {
            "year_quarter": 20023,
            "year": 2002,
            "quarter": 3,
            "eps": null,
            "eps_growth_year": null,
            "eps_4q": null,
            "eps_4q_growth_year": null,
            "roe": null,
            "roe_4q": 0,
            "gross_profit": null,
            "gross_margin": null,
            "gross_margin_4q_avg": 0,
            "net_income": null,
            "revenue": null,
            "common_shares": null,
            "book_valuer_per_share": null,
            "book_valuer_per_share_4q_avg": -0.28,
            "equity": null,
            "current_ratio": null,
            "debt_ratio": null,
            "inventory_turnover_ratio": null,
            "account_receivable_turnover_ratio": null,
            "reinvestment_rate": null,
            "research_to_sale_ratio": null,
            "price_fair": 0,
            "eps_avg_yearly": 0,
            "eps_latest_yearly": 0,
            "eps_growth_yearly": 0
        },
        "20024": {
            "year_quarter": 20024,
            "year": 2002,
            "quarter": 4,
            "eps": null,
            "eps_growth_year": null,
            "eps_4q": null,
            "eps_4q_growth_year": null,
            "roe": null,
            "roe_4q": 0,
            "gross_profit": null,
            "gross_margin": null,
            "gross_margin_4q_avg": 0,
            "net_income": null,
            "revenue": null,
            "common_shares": 7000000,
            "book_valuer_per_share": -0.81,
            "book_valuer_per_share_4q_avg": -0.2,
            "equity": -567522,
            "current_ratio": 34.85,
            "debt_ratio": 101.97,
            "inventory_turnover_ratio": null,
            "account_receivable_turnover_ratio": null,
            "reinvestment_rate": null,
            "research_to_sale_ratio": null,
            "price_fair": 0,
            "eps_avg_yearly": 0,
            "eps_latest_yearly": 0,
            "eps_growth_yearly": 0
        },
        "20031": {
            "year_quarter": 20031,
            "year": 2003,
            "quarter": 1,
            "eps": null,
            "eps_growth_year": null,
            "eps_4q": null,
            "eps_4q_growth_year": null,
            "roe": null,
            "roe_4q": 0,
            "gross_profit": null,
            "gross_margin": null,
            "gross_margin_4q_avg": 0,
            "net_income": null,
            "revenue": null,
            "common_shares": null,
            "book_valuer_per_share": null,
            "book_valuer_per_share_4q_avg": -0.2,
            "equity": null,
            "current_ratio": null,
            "debt_ratio": null,
            "inventory_turnover_ratio": null,
            "account_receivable_turnover_ratio": null,
            "reinvestment_rate": null,
            "research_to_sale_ratio": null,
            "price_fair": 0,
            "eps_avg_yearly": 0,
            "eps_latest_yearly": 0,
            "eps_growth_yearly": 0
        },
        "20032": {
            "year_quarter": 20032,
            "year": 2003,
            "quarter": 2,
            "eps": null,
            "eps_growth_year": null,
            "eps_4q": null,
            "eps_4q_growth_year": null,
            "roe": null,
            "roe_4q": 0,
            "gross_profit": null,
            "gross_margin": null,
            "gross_margin_4q_avg": 0,
            "net_income": null,
            "revenue": null,
            "common_shares": null,
            "book_valuer_per_share": null,
            "book_valuer_per_share_4q_avg": -0.2,
            "equity": null,
            "current_ratio": null,
            "debt_ratio": null,
            "inventory_turnover_ratio": null,
            "account_receivable_turnover_ratio": null,
            "reinvestment_rate": null,
            "research_to_sale_ratio": null,
            "price_fair": 0,
            "eps_avg_yearly": 0,
            "eps_latest_yearly": 0,
            "eps_growth_yearly": 0
        },
        "20033": {
            "year_quarter": 20033,
            "year": 2003,
            "quarter": 3,
            "eps": null,
            "eps_growth_year": null,
            "eps_4q": null,
            "eps_4q_growth_year": null,
            "roe": null,
            "roe_4q": 0,
            "gross_profit": null,
            "gross_margin": null,
            "gross_margin_4q_avg": 0,
            "net_income": null,
            "revenue": null,
            "common_shares": null,
            "book_valuer_per_share": null,
            "book_valuer_per_share_4q_avg": -0.2,
            "equity": null,
            "current_ratio": null,
            "debt_ratio": null,
            "inventory_turnover_ratio": null,
            "account_receivable_turnover_ratio": null,
            "reinvestment_rate": null,
            "research_to_sale_ratio": null,
            "price_fair": 0,
            "eps_avg_yearly": 0,
            "eps_latest_yearly": 0,
            "eps_growth_yearly": 0
        },
        "20034": {
            "year_quarter": 20034,
            "year": 2003,
            "quarter": 4,
            "eps": null,
            "eps_growth_year": null,
            "eps_4q": null,
            "eps_4q_growth_year": null,
            "roe": null,
            "roe_4q": 0,
            "gross_profit": null,
            "gross_margin": null,
            "gross_margin_4q_avg": 0,
            "net_income": null,
            "revenue": null,
            "common_shares": 7000000,
            "book_valuer_per_share": 0.7,
            "book_valuer_per_share_4q_avg": 0.18,
            "equity": 488493,
            "current_ratio": 38.2,
            "debt_ratio": 98.18,
            "inventory_turnover_ratio": null,
            "account_receivable_turnover_ratio": null,
            "reinvestment_rate": null,
            "research_to_sale_ratio": null,
            "price_fair": 0,
            "eps_avg_yearly": 0,
            "eps_latest_yearly": 0,
            "eps_growth_yearly": 0
        },
        "20041": {
            "year_quarter": 20041,
            "year": 2004,
            "quarter": 1,
            "eps": null,
            "eps_growth_year": null,
            "eps_4q": null,
            "eps_4q_growth_year": null,
            "roe": null,
            "roe_4q": 0,
            "gross_profit": null,
            "gross_margin": null,
            "gross_margin_4q_avg": 0,
            "net_income": null,
            "revenue": null,
            "common_shares": null,
            "book_valuer_per_share": null,
            "book_valuer_per_share_4q_avg": 0.18,
            "equity": null,
            "current_ratio": null,
            "debt_ratio": null,
            "inventory_turnover_ratio": null,
            "account_receivable_turnover_ratio": null,
            "reinvestment_rate": null,
            "research_to_sale_ratio": null,
            "price_fair": 0,
            "eps_avg_yearly": 0,
            "eps_latest_yearly": 0,
            "eps_growth_yearly": 0
        },
        "20042": {
            "year_quarter": 20042,
            "year": 2004,
            "quarter": 2,
            "eps": null,
            "eps_growth_year": null,
            "eps_4q": null,
            "eps_4q_growth_year": null,
            "roe": null,
            "roe_4q": 0,
            "gross_profit": null,
            "gross_margin": null,
            "gross_margin_4q_avg": 0,
            "net_income": null,
            "revenue": null,
            "common_shares": null,
            "book_valuer_per_share": null,
            "book_valuer_per_share_4q_avg": 0.18,
            "equity": null,
            "current_ratio": null,
            "debt_ratio": null,
            "inventory_turnover_ratio": null,
            "account_receivable_turnover_ratio": null,
            "reinvestment_rate": null,
            "research_to_sale_ratio": null,
            "price_fair": 0,
            "eps_avg_yearly": 0,
            "eps_latest_yearly": 0,
            "eps_growth_yearly": 0
        },
        "20043": {
            "year_quarter": 20043,
            "year": 2004,
            "quarter": 3,
            "eps": null,
            "eps_growth_year": null,
            "eps_4q": null,
            "eps_4q_growth_year": null,
            "roe": null,
            "roe_4q": 0,
            "gross_profit": null,
            "gross_margin": null,
            "gross_margin_4q_avg": 0,
            "net_income": null,
            "revenue": null,
            "common_shares": null,
            "book_valuer_per_share": null,
            "book_valuer_per_share_4q_avg": 0.18,
            "equity": null,
            "current_ratio": null,
            "debt_ratio": null,
            "inventory_turnover_ratio": null,
            "account_receivable_turnover_ratio": null,
            "reinvestment_rate": null,
            "research_to_sale_ratio": null,
            "price_fair": 0,
            "eps_avg_yearly": 0,
            "eps_latest_yearly": 0,
            "eps_growth_yearly": 0
        },
        "20044": {
            "year_quarter": 20044,
            "year": 2004,
            "quarter": 4,
            "eps": null,
            "eps_growth_year": null,
            "eps_4q": null,
            "eps_4q_growth_year": null,
            "roe": null,
            "roe_4q": 0,
            "gross_profit": null,
            "gross_margin": null,
            "gross_margin_4q_avg": 0,
            "net_income": null,
            "revenue": null,
            "common_shares": 7000000,
            "book_valuer_per_share": 3.36,
            "book_valuer_per_share_4q_avg": 0.84,
            "equity": 2350810,
            "current_ratio": 55.37,
            "debt_ratio": 91.2,
            "inventory_turnover_ratio": null,
            "account_receivable_turnover_ratio": null,
            "reinvestment_rate": null,
            "research_to_sale_ratio": null,
            "price_fair": 0,
            "eps_avg_yearly": 0,
            "eps_latest_yearly": 0,
            "eps_growth_yearly": 0
        },
        "20051": {
            "year_quarter": 20051,
            "year": 2005,
            "quarter": 1,
            "eps": null,
            "eps_growth_year": null,
            "eps_4q": null,
            "eps_4q_growth_year": null,
            "roe": null,
            "roe_4q": 0,
            "gross_profit": null,
            "gross_margin": null,
            "gross_margin_4q_avg": 0,
            "net_income": null,
            "revenue": null,
            "common_shares": null,
            "book_valuer_per_share": null,
            "book_valuer_per_share_4q_avg": 0.84,
            "equity": null,
            "current_ratio": null,
            "debt_ratio": null,
            "inventory_turnover_ratio": null,
            "account_receivable_turnover_ratio": null,
            "reinvestment_rate": null,
            "research_to_sale_ratio": null,
            "price_fair": 0,
            "eps_avg_yearly": 0,
            "eps_latest_yearly": 0,
            "eps_growth_yearly": 0
        },
        "20052": {
            "year_quarter": 20052,
            "year": 2005,
            "quarter": 2,
            "eps": null,
            "eps_growth_year": null,
            "eps_4q": null,
            "eps_4q_growth_year": null,
            "roe": null,
            "roe_4q": 0,
            "gross_profit": null,
            "gross_margin": null,
            "gross_margin_4q_avg": 0,
            "net_income": null,
            "revenue": null,
            "common_shares": null,
            "book_valuer_per_share": null,
            "book_valuer_per_share_4q_avg": 0.84,
            "equity": null,
            "current_ratio": null,
            "debt_ratio": null,
            "inventory_turnover_ratio": null,
            "account_receivable_turnover_ratio": null,
            "reinvestment_rate": null,
            "research_to_sale_ratio": null,
            "price_fair": 0,
            "eps_avg_yearly": 0,
            "eps_latest_yearly": 0,
            "eps_growth_yearly": 0
        },
        "20053": {
            "year_quarter": 20053,
            "year": 2005,
            "quarter": 3,
            "eps": -0.75,
            "eps_growth_year": null,
            "eps_4q": null,
            "eps_4q_growth_year": null,
            "roe": -6.01,
            "roe_4q": -6.01,
            "gross_profit": -145203,
            "gross_margin": -3.13,
            "gross_margin_4q_avg": -0.78,
            "net_income": -263531,
            "revenue": 4645804,
            "common_shares": 3500000,
            "book_valuer_per_share": 12.53,
            "book_valuer_per_share_4q_avg": 3.97,
            "equity": 4386203,
            "current_ratio": 75.19,
            "debt_ratio": 82.72,
            "inventory_turnover_ratio": 1.15,
            "account_receivable_turnover_ratio": null,
            "reinvestment_rate": null,
            "research_to_sale_ratio": null,
            "price_fair": 0,
            "eps_avg_yearly": 0,
            "eps_latest_yearly": 0,
            "eps_growth_yearly": 0
        },
        "20054": {
            "year_quarter": 20054,
            "year": 2005,
            "quarter": 4,
            "eps": 0.11,
            "eps_growth_year": null,
            "eps_4q": null,
            "eps_4q_growth_year": null,
            "roe": 0.8,
            "roe_4q": -5.21,
            "gross_profit": -131919,
            "gross_margin": -3.16,
            "gross_margin_4q_avg": -1.57,
            "net_income": 37828,
            "revenue": 4178397,
            "common_shares": 3500000,
            "book_valuer_per_share": 14.54,
            "book_valuer_per_share_4q_avg": 6.77,
            "equity": 5089917,
            "current_ratio": 80.32,
            "debt_ratio": 79.98,
            "inventory_turnover_ratio": 1.14,
            "account_receivable_turnover_ratio": null,
            "reinvestment_rate": null,
            "research_to_sale_ratio": null,
            "price_fair": 0,
            "eps_avg_yearly": 0,
            "eps_latest_yearly": 0,
            "eps_growth_yearly": 0
        },
        "20061": {
            "year_quarter": 20061,
            "year": 2006,
            "quarter": 1,
            "eps": -0.01,
            "eps_growth_year": null,
            "eps_4q": null,
            "eps_4q_growth_year": null,
            "roe": -0.07,
            "roe_4q": -5.279999999999999,
            "gross_profit": 69645,
            "gross_margin": 1.52,
            "gross_margin_4q_avg": -1.19,
            "net_income": -3368,
            "revenue": 4584269,
            "common_shares": 3500000,
            "book_valuer_per_share": 14.66,
            "book_valuer_per_share_4q_avg": 10.43,
            "equity": 5129827,
            "current_ratio": 99.07,
            "debt_ratio": 81.3,
            "inventory_turnover_ratio": 1.26,
            "account_receivable_turnover_ratio": null,
            "reinvestment_rate": null,
            "research_to_sale_ratio": null,
            "price_fair": 0,
            "eps_avg_yearly": 0,
            "eps_latest_yearly": 0,
            "eps_growth_yearly": 0
        },
        "20062": {
            "year_quarter": 20062,
            "year": 2006,
            "quarter": 2,
            "eps": 1.3,
            "eps_growth_year": null,
            "eps_4q": 0.64,
            "eps_4q_growth_year": null,
            "roe": 8.47,
            "roe_4q": 3.1900000000000013,
            "gross_profit": 607706,
            "gross_margin": 8.27,
            "gross_margin_4q_avg": 0.88,
            "net_income": 453784,
            "revenue": 7348377,
            "common_shares": 3500000,
            "book_valuer_per_share": 15.96,
            "book_valuer_per_share_4q_avg": 14.42,
            "equity": 5587388,
            "current_ratio": 112.27,
            "debt_ratio": 79.9,
            "inventory_turnover_ratio": 1.77,
            "account_receivable_turnover_ratio": null,
            "reinvestment_rate": null,
            "research_to_sale_ratio": null,
            "price_fair": 0,
            "eps_avg_yearly": 0,
            "eps_latest_yearly": 0,
            "eps_growth_yearly": 0
        },
        "20063": {
            "year_quarter": 20063,
            "year": 2006,
            "quarter": 3,
            "eps": 2.26,
            "eps_growth_year": null,
            "eps_4q": 3.66,
            "eps_4q_growth_year": null,
            "roe": 13.2,
            "roe_4q": 22.400000000000002,
            "gross_profit": 725746,
            "gross_margin": 8.83,
            "gross_margin_4q_avg": 3.87,
            "net_income": 789457,
            "revenue": 8219031,
            "common_shares": 3500000,
            "book_valuer_per_share": 18.21,
            "book_valuer_per_share_4q_avg": 15.84,
            "equity": 6372080,
            "current_ratio": 91.38,
            "debt_ratio": 77.87,
            "inventory_turnover_ratio": 1.87,
            "account_receivable_turnover_ratio": null,
            "reinvestment_rate": null,
            "research_to_sale_ratio": null,
            "price_fair": 316.4,
            "eps_avg_yearly": 9.04,
            "eps_latest_yearly": 9.04,
            "eps_growth_yearly": 295.38
        },
        "20064": {
            "year_quarter": 20064,
            "year": 2006,
            "quarter": 4,
            "eps": 3.04,
            "eps_growth_year": 2663.64,
            "eps_4q": 6.59,
            "eps_4q_growth_year": null,
            "roe": 14.81,
            "roe_4q": 36.41,
            "gross_profit": 1371051,
            "gross_margin": 14.91,
            "gross_margin_4q_avg": 8.38,
            "net_income": 1062876,
            "revenue": 9192672,
            "common_shares": 3500000,
            "book_valuer_per_share": 21.12,
            "book_valuer_per_share_4q_avg": 17.49,
            "equity": 7984139,
            "current_ratio": 122.15,
            "debt_ratio": 72.99,
            "inventory_turnover_ratio": 1.59,
            "account_receivable_turnover_ratio": null,
            "reinvestment_rate": null,
            "research_to_sale_ratio": null,
            "price_fair": 371,
            "eps_avg_yearly": 10.6,
            "eps_latest_yearly": 12.16,
            "eps_growth_yearly": 216.72
        },
        "20071": {
            "year_quarter": 20071,
            "year": 2007,
            "quarter": 1,
            "eps": 1.98,
            "eps_growth_year": null,
            "eps_4q": 8.58,
            "eps_4q_growth_year": null,
            "roe": 8.6,
            "roe_4q": 45.08,
            "gross_profit": 1058063,
            "gross_margin": 10.54,
            "gross_margin_4q_avg": 10.64,
            "net_income": 691515,
            "revenue": 10036782,
            "common_shares": 3500000,
            "book_valuer_per_share": 23.13,
            "book_valuer_per_share_4q_avg": 19.61,
            "equity": 8094727,
            "current_ratio": 107.38,
            "debt_ratio": 70.87,
            "inventory_turnover_ratio": 1.6,
            "account_receivable_turnover_ratio": null,
            "reinvestment_rate": null,
            "research_to_sale_ratio": null,
            "price_fair": 339.73,
            "eps_avg_yearly": 9.71,
            "eps_latest_yearly": 7.92,
            "eps_growth_yearly": 97.99
        },
        "20072": {
            "year_quarter": 20072,
            "year": 2007,
            "quarter": 2,
            "eps": 1.9,
            "eps_growth_year": 46.15,
            "eps_4q": 9.16,
            "eps_4q_growth_year": 1323.22,
            "roe": 7.91,
            "roe_4q": 44.519999999999996,
            "gross_profit": 994135,
            "gross_margin": 10.08,
            "gross_margin_4q_avg": 11.09,
            "net_income": 665553,
            "revenue": 9864965,
            "common_shares": 3500000,
            "book_valuer_per_share": 24.92,
            "book_valuer_per_share_4q_avg": 21.85,
            "equity": 8723051,
            "current_ratio": 116.54,
            "debt_ratio": 71.24,
            "inventory_turnover_ratio": 1.26,
            "account_receivable_turnover_ratio": null,
            "reinvestment_rate": null,
            "research_to_sale_ratio": null,
            "price_fair": 321.3,
            "eps_avg_yearly": 9.18,
            "eps_latest_yearly": 7.6,
            "eps_growth_yearly": 69.45
        },
        "20073": {
            "year_quarter": 20073,
            "year": 2007,
            "quarter": 3,
            "eps": -4.77,
            "eps_growth_year": -311.06,
            "eps_4q": 2.15,
            "eps_4q_growth_year": -41.29,
            "roe": -21.03,
            "roe_4q": 10.29,
            "gross_profit": -1322319,
            "gross_margin": -25.53,
            "gross_margin_4q_avg": 2.5,
            "net_income": -1668379,
            "revenue": 5178797,
            "common_shares": 3500000,
            "book_valuer_per_share": 20.4,
            "book_valuer_per_share_4q_avg": 22.39,
            "equity": 7140111,
            "current_ratio": 84.97,
            "debt_ratio": 73.79,
            "inventory_turnover_ratio": 0.92,
            "account_receivable_turnover_ratio": null,
            "reinvestment_rate": null,
            "research_to_sale_ratio": null,
            "price_fair": 321.3,
            "eps_avg_yearly": 9.18,
            "eps_latest_yearly": 7.6,
            "eps_growth_yearly": 69.45
        },
        "20074": {
            "year_quarter": 20074,
            "year": 2007,
            "quarter": 4,
            "eps": 0.93,
            "eps_growth_year": -69.41,
            "eps_4q": 0.04,
            "eps_4q_growth_year": -99.45,
            "roe": 4.21,
            "roe_4q": -0.3100000000000005,
            "gross_profit": -170537,
            "gross_margin": -2.29,
            "gross_margin_4q_avg": -1.8,
            "net_income": 323824,
            "revenue": 7445904,
            "common_shares": 3500000,
            "book_valuer_per_share": 21.43,
            "book_valuer_per_share_4q_avg": 22.47,
            "equity": 8235354,
            "current_ratio": 107.98,
            "debt_ratio": 73.81,
            "inventory_turnover_ratio": 1.12,
            "account_receivable_turnover_ratio": null,
            "reinvestment_rate": null,
            "research_to_sale_ratio": null,
            "price_fair": 321.3,
            "eps_avg_yearly": 9.18,
            "eps_latest_yearly": 7.6,
            "eps_growth_yearly": 69.45
        },
        "20081": {
            "year_quarter": 20081,
            "year": 2008,
            "quarter": 1,
            "eps": -0.4,
            "eps_growth_year": -120.2,
            "eps_4q": -2.13,
            "eps_4q_growth_year": -124.84,
            "roe": -1.88,
            "roe_4q": -10.790000000000003,
            "gross_profit": -9782,
            "gross_margin": -0.13,
            "gross_margin_4q_avg": -4.47,
            "net_income": -153563,
            "revenue": 7332312,
            "common_shares": 3500000,
            "book_valuer_per_share": 21.1,
            "book_valuer_per_share_4q_avg": 21.96,
            "equity": 8113218,
            "current_ratio": 102.03,
            "debt_ratio": 72.45,
            "inventory_turnover_ratio": 0.99,
            "account_receivable_turnover_ratio": null,
            "reinvestment_rate": null,
            "research_to_sale_ratio": null,
            "price_fair": 321.3,
            "eps_avg_yearly": 9.18,
            "eps_latest_yearly": 7.6,
            "eps_growth_yearly": 69.45
        },
        "20082": {
            "year_quarter": 20082,
            "year": 2008,
            "quarter": 2,
            "eps": 0.64,
            "eps_growth_year": -66.32,
            "eps_4q": -3.99,
            "eps_4q_growth_year": -143.54,
            "roe": 2.47,
            "roe_4q": -16.23,
            "gross_profit": 349069,
            "gross_margin": 4.97,
            "gross_margin_4q_avg": -5.75,
            "net_income": 202323,
            "revenue": 7020483,
            "common_shares": 3500000,
            "book_valuer_per_share": 21.69,
            "book_valuer_per_share_4q_avg": 21.16,
            "equity": 8292249,
            "current_ratio": 107.22,
            "debt_ratio": 71.68,
            "inventory_turnover_ratio": 0.99,
            "account_receivable_turnover_ratio": null,
            "reinvestment_rate": null,
            "research_to_sale_ratio": null,
            "price_fair": 321.3,
            "eps_avg_yearly": 9.18,
            "eps_latest_yearly": 7.6,
            "eps_growth_yearly": 69.45
        },
        "20083": {
            "year_quarter": 20083,
            "year": 2008,
            "quarter": 3,
            "eps": -1.4,
            "eps_growth_year": null,
            "eps_4q": -0.24,
            "eps_4q_growth_year": -111.04,
            "roe": -5.77,
            "roe_4q": -0.9699999999999998,
            "gross_profit": -332093,
            "gross_margin": -7.88,
            "gross_margin_4q_avg": -1.33,
            "net_income": -464405,
            "revenue": 4212081,
            "common_shares": 3500000,
            "book_valuer_per_share": 20.19,
            "book_valuer_per_share_4q_avg": 21.1,
            "equity": 7803122,
            "current_ratio": 103.94,
            "debt_ratio": 71.62,
            "inventory_turnover_ratio": 0.74,
            "account_receivable_turnover_ratio": null,
            "reinvestment_rate": null,
            "research_to_sale_ratio": null,
            "price_fair": 321.3,
            "eps_avg_yearly": 9.18,
            "eps_latest_yearly": 7.6,
            "eps_growth_yearly": 69.45
        },
        "20084": {
            "year_quarter": 20084,
            "year": 2008,
            "quarter": 4,
            "eps": -5.59,
            "eps_growth_year": -701.08,
            "eps_4q": -6.55,
            "eps_4q_growth_year": -18336.66,
            "roe": -29.72,
            "roe_4q": -34.9,
            "gross_profit": -1727119,
            "gross_margin": -83.34,
            "gross_margin_4q_avg": -21.6,
            "net_income": -2017201,
            "revenue": 2072371,
            "common_shares": 3500000,
            "book_valuer_per_share": 14.57,
            "book_valuer_per_share_4q_avg": 19.39,
            "equity": 5773240,
            "current_ratio": 83.61,
            "debt_ratio": 76.86,
            "inventory_turnover_ratio": 0.89,
            "account_receivable_turnover_ratio": 3.48,
            "reinvestment_rate": null,
            "research_to_sale_ratio": null,
            "price_fair": 321.3,
            "eps_avg_yearly": 9.18,
            "eps_latest_yearly": 7.6,
            "eps_growth_yearly": 69.45
        },
        "20091": {
            "year_quarter": 20091,
            "year": 2009,
            "quarter": 1,
            "eps": -0.63,
            "eps_growth_year": null,
            "eps_4q": -6.98,
            "eps_4q_growth_year": null,
            "roe": -3.84,
            "roe_4q": -36.86,
            "gross_profit": -117508,
            "gross_margin": -4.71,
            "gross_margin_4q_avg": -22.74,
            "net_income": -217267,
            "revenue": 2493654,
            "common_shares": 3500000,
            "book_valuer_per_share": 13.94,
            "book_valuer_per_share_4q_avg": 17.6,
            "equity": 5554104,
            "current_ratio": 75.65,
            "debt_ratio": 77.39,
            "inventory_turnover_ratio": 0.85,
            "account_receivable_turnover_ratio": 2.03,
            "reinvestment_rate": null,
            "research_to_sale_ratio": null,
            "price_fair": 321.3,
            "eps_avg_yearly": 9.18,
            "eps_latest_yearly": 7.6,
            "eps_growth_yearly": 69.45
        },
        "20092": {
            "year_quarter": 20092,
            "year": 2009,
            "quarter": 2,
            "eps": 0.29,
            "eps_growth_year": -54.69,
            "eps_4q": -7.19,
            "eps_4q_growth_year": null,
            "roe": 1.84,
            "roe_4q": -37.489999999999995,
            "gross_profit": 244517,
            "gross_margin": 5.87,
            "gross_margin_4q_avg": -22.52,
            "net_income": 103366,
            "revenue": 4167014,
            "common_shares": 3500000,
            "book_valuer_per_share": 14.3,
            "book_valuer_per_share_4q_avg": 15.75,
            "equity": 5688758,
            "current_ratio": 73.15,
            "debt_ratio": 77.26,
            "inventory_turnover_ratio": 1.12,
            "account_receivable_turnover_ratio": 3.38,
            "reinvestment_rate": null,
            "research_to_sale_ratio": null,
            "price_fair": 321.3,
            "eps_avg_yearly": 9.18,
            "eps_latest_yearly": 7.6,
            "eps_growth_yearly": 69.45
        },
        "20093": {
            "year_quarter": 20093,
            "year": 2009,
            "quarter": 3,
            "eps": 1.09,
            "eps_growth_year": null,
            "eps_4q": -4.83,
            "eps_4q_growth_year": null,
            "roe": 6.49,
            "roe_4q": -25.229999999999997,
            "gross_profit": 452550,
            "gross_margin": 7.79,
            "gross_margin_4q_avg": -18.6,
            "net_income": 381914,
            "revenue": 5808524,
            "common_shares": 3500000,
            "book_valuer_per_share": 15.41,
            "book_valuer_per_share_4q_avg": 14.56,
            "equity": 6080806,
            "current_ratio": 80.27,
            "debt_ratio": 75.61,
            "inventory_turnover_ratio": 1.45,
            "account_receivable_turnover_ratio": 4.44,
            "reinvestment_rate": -80.1,
            "research_to_sale_ratio": null,
            "price_fair": 287.56,
            "eps_avg_yearly": 8.22,
            "eps_latest_yearly": 4.36,
            "eps_growth_yearly": 276.25
        },
        "20094": {
            "year_quarter": 20094,
            "year": 2009,
            "quarter": 4,
            "eps": 3.92,
            "eps_growth_year": null,
            "eps_4q": 4.68,
            "eps_4q_growth_year": null,
            "roe": 20.66,
            "roe_4q": 25.15,
            "gross_profit": 283520,
            "gross_margin": 5.14,
            "gross_margin_4q_avg": 3.52,
            "net_income": 1411820,
            "revenue": 5518384,
            "common_shares": 3500000,
            "book_valuer_per_share": 19.59,
            "book_valuer_per_share_4q_avg": 15.81,
            "equity": 7583317,
            "current_ratio": 109.5,
            "debt_ratio": 66.87,
            "inventory_turnover_ratio": 1.59,
            "account_receivable_turnover_ratio": 8.46,
            "reinvestment_rate": 45.02,
            "research_to_sale_ratio": null,
            "price_fair": 331.1,
            "eps_avg_yearly": 9.46,
            "eps_latest_yearly": 15.68,
            "eps_growth_yearly": 403.3
        },
        "20101": {
            "year_quarter": 20101,
            "year": 2010,
            "quarter": 1,
            "eps": 0.07,
            "eps_growth_year": null,
            "eps_4q": 5.37,
            "eps_4q_growth_year": null,
            "roe": 0.28,
            "roe_4q": 29.27,
            "gross_profit": 131064,
            "gross_margin": 2.47,
            "gross_margin_4q_avg": 5.32,
            "net_income": 21096,
            "revenue": 5313828,
            "common_shares": 3500000,
            "book_valuer_per_share": 19.66,
            "book_valuer_per_share_4q_avg": 17.24,
            "equity": 7605739,
            "current_ratio": 103.55,
            "debt_ratio": 66.37,
            "inventory_turnover_ratio": 1.64,
            "account_receivable_turnover_ratio": 3.8,
            "reinvestment_rate": 39.71,
            "research_to_sale_ratio": 0.18,
            "price_fair": 285.2,
            "eps_avg_yearly": 8.15,
            "eps_latest_yearly": 0.28,
            "eps_growth_yearly": 289.56
        },
        "20102": {
            "year_quarter": 20102,
            "year": 2010,
            "quarter": 2,
            "eps": 0.08,
            "eps_growth_year": -73.01,
            "eps_4q": 5.16,
            "eps_4q_growth_year": null,
            "roe": 0.37,
            "roe_4q": 27.799999999999997,
            "gross_profit": 24787,
            "gross_margin": 0.39,
            "gross_margin_4q_avg": 3.95,
            "net_income": 28197,
            "revenue": 6350326,
            "common_shares": 3500000,
            "book_valuer_per_share": 19.72,
            "book_valuer_per_share_4q_avg": 18.6,
            "equity": 7624029,
            "current_ratio": 140.9,
            "debt_ratio": 66.85,
            "inventory_turnover_ratio": 1.85,
            "account_receivable_turnover_ratio": 4.47,
            "reinvestment_rate": 57.1,
            "research_to_sale_ratio": 0.02,
            "price_fair": 250.95,
            "eps_avg_yearly": 7.17,
            "eps_latest_yearly": 0.32,
            "eps_growth_yearly": 260.51
        },
        "20103": {
            "year_quarter": 20103,
            "year": 2010,
            "quarter": 3,
            "eps": -0.08,
            "eps_growth_year": -107.18,
            "eps_4q": 3.99,
            "eps_4q_growth_year": null,
            "roe": -0.31,
            "roe_4q": 21,
            "gross_profit": 115730,
            "gross_margin": 2.54,
            "gross_margin_4q_avg": 2.64,
            "net_income": -23261,
            "revenue": 4547370,
            "common_shares": 3500000,
            "book_valuer_per_share": 19.66,
            "book_valuer_per_share_4q_avg": 19.66,
            "equity": 7604251,
            "current_ratio": 143.43,
            "debt_ratio": 66.28,
            "inventory_turnover_ratio": 1.21,
            "account_receivable_turnover_ratio": 3.56,
            "reinvestment_rate": 203.07,
            "research_to_sale_ratio": 0.37,
            "price_fair": 241.6,
            "eps_avg_yearly": 6.9,
            "eps_latest_yearly": 0.32,
            "eps_growth_yearly": 255.53
        },
        "20104": {
            "year_quarter": 20104,
            "year": 2010,
            "quarter": 4,
            "eps": 0.05,
            "eps_growth_year": -98.78,
            "eps_4q": 0.12,
            "eps_4q_growth_year": -97.53,
            "roe": 0.37,
            "roe_4q": 0.71,
            "gross_profit": 112996,
            "gross_margin": 2.1,
            "gross_margin_4q_avg": 1.88,
            "net_income": 28428,
            "revenue": 5386645,
            "common_shares": 3500000,
            "book_valuer_per_share": 20.43,
            "book_valuer_per_share_4q_avg": 19.87,
            "equity": 7889242,
            "current_ratio": 133.76,
            "debt_ratio": 66.05,
            "inventory_turnover_ratio": 1.38,
            "account_receivable_turnover_ratio": 4.28,
            "reinvestment_rate": null,
            "research_to_sale_ratio": -0.48,
            "price_fair": 210.93,
            "eps_avg_yearly": 6.03,
            "eps_latest_yearly": 0.32,
            "eps_growth_yearly": 275.11
        },
        "20111": {
            "year_quarter": 20111,
            "year": 2011,
            "quarter": 1,
            "eps": 0.09,
            "eps_growth_year": 28.57,
            "eps_4q": 0.14,
            "eps_4q_growth_year": -97.37,
            "roe": 0.53,
            "roe_4q": 0.9600000000000001,
            "gross_profit": 156924,
            "gross_margin": 2.63,
            "gross_margin_4q_avg": 1.92,
            "net_income": 41976,
            "revenue": 5976550,
            "common_shares": 3500000,
            "book_valuer_per_share": 20.54,
            "book_valuer_per_share_4q_avg": 20.09,
            "equity": 7936103,
            "current_ratio": 123.91,
            "debt_ratio": 68.47,
            "inventory_turnover_ratio": 1.36,
            "account_receivable_turnover_ratio": 4.37,
            "reinvestment_rate": null,
            "research_to_sale_ratio": 0.03,
            "price_fair": 166.83,
            "eps_avg_yearly": 4.77,
            "eps_latest_yearly": 0.36,
            "eps_growth_yearly": 351.68
        },
        "20112": {
            "year_quarter": 20112,
            "year": 2011,
            "quarter": 2,
            "eps": -0.03,
            "eps_growth_year": -139.39,
            "eps_4q": 0.03,
            "eps_4q_growth_year": -99.38,
            "roe": 0.12,
            "roe_4q": 0.71,
            "gross_profit": 65523,
            "gross_margin": 1.05,
            "gross_margin_4q_avg": 2.08,
            "net_income": 9614,
            "revenue": 6254058,
            "common_shares": 3500000,
            "book_valuer_per_share": 20.5,
            "book_valuer_per_share_4q_avg": 20.28,
            "equity": 7943652,
            "current_ratio": 120.53,
            "debt_ratio": 67.63,
            "inventory_turnover_ratio": 1.38,
            "account_receivable_turnover_ratio": 4.58,
            "reinvestment_rate": null,
            "research_to_sale_ratio": 0.03,
            "price_fair": 147,
            "eps_avg_yearly": 4.2,
            "eps_latest_yearly": 0.36,
            "eps_growth_yearly": 425.25
        },
        "20113": {
            "year_quarter": 20113,
            "year": 2011,
            "quarter": 3,
            "eps": -0.48,
            "eps_growth_year": null,
            "eps_4q": -0.37,
            "eps_4q_growth_year": -109.35,
            "roe": -2.06,
            "roe_4q": -1.04,
            "gross_profit": -73264,
            "gross_margin": -1.29,
            "gross_margin_4q_avg": 1.12,
            "net_income": -161734,
            "revenue": 5688674,
            "common_shares": 3500000,
            "book_valuer_per_share": 19.98,
            "book_valuer_per_share_4q_avg": 20.36,
            "equity": 7769114,
            "current_ratio": 117.13,
            "debt_ratio": 67.34,
            "inventory_turnover_ratio": 1.42,
            "account_receivable_turnover_ratio": 4.38,
            "reinvestment_rate": null,
            "research_to_sale_ratio": 0.03,
            "price_fair": 147,
            "eps_avg_yearly": 4.2,
            "eps_latest_yearly": 0.36,
            "eps_growth_yearly": 425.25
        },
        "20114": {
            "year_quarter": 20114,
            "year": 2011,
            "quarter": 4,
            "eps": 1.8,
            "eps_growth_year": 3680.15,
            "eps_4q": 1.38,
            "eps_4q_growth_year": 1097.86,
            "roe": 7.86,
            "roe_4q": 6.450000000000001,
            "gross_profit": -63548,
            "gross_margin": -1.12,
            "gross_margin_4q_avg": 0.32,
            "net_income": 640510,
            "revenue": 5662853,
            "common_shares": 3500000,
            "book_valuer_per_share": 22.11,
            "book_valuer_per_share_4q_avg": 20.78,
            "equity": 8532664,
            "current_ratio": 139.73,
            "debt_ratio": 63.68,
            "inventory_turnover_ratio": 1.54,
            "account_receivable_turnover_ratio": 4.42,
            "reinvestment_rate": null,
            "research_to_sale_ratio": 0.04,
            "price_fair": 147,
            "eps_avg_yearly": 4.2,
            "eps_latest_yearly": 0.36,
            "eps_growth_yearly": 425.25
        },
        "20121": {
            "year_quarter": 20121,
            "year": 2012,
            "quarter": 1,
            "eps": 0.04,
            "eps_growth_year": -55.56,
            "eps_4q": 1.33,
            "eps_4q_growth_year": 839.54,
            "roe": 0.23,
            "roe_4q": 6.1499999999999995,
            "gross_profit": 65569,
            "gross_margin": 1.31,
            "gross_margin_4q_avg": -0.01,
            "net_income": 19567,
            "revenue": 4997844,
            "common_shares": 3500000,
            "book_valuer_per_share": 22.16,
            "book_valuer_per_share_4q_avg": 21.19,
            "equity": 8557304,
            "current_ratio": 137.28,
            "debt_ratio": 64.67,
            "inventory_turnover_ratio": 1.24,
            "account_receivable_turnover_ratio": 3.79,
            "reinvestment_rate": null,
            "research_to_sale_ratio": 0.04,
            "price_fair": 123.43,
            "eps_avg_yearly": 3.53,
            "eps_latest_yearly": 0.16,
            "eps_growth_yearly": 289.19
        },
        "20122": {
            "year_quarter": 20122,
            "year": 2012,
            "quarter": 2,
            "eps": -0.46,
            "eps_growth_year": null,
            "eps_4q": 0.9,
            "eps_4q_growth_year": 2712.14,
            "roe": -1.89,
            "roe_4q": 4.140000000000001,
            "gross_profit": -132065,
            "gross_margin": -2.98,
            "gross_margin_4q_avg": -1.02,
            "net_income": -160242,
            "revenue": 4434457,
            "common_shares": 3500000,
            "book_valuer_per_share": 21.7,
            "book_valuer_per_share_4q_avg": 21.49,
            "equity": 8396084,
            "current_ratio": 134.27,
            "debt_ratio": 64.49,
            "inventory_turnover_ratio": 1.12,
            "account_receivable_turnover_ratio": 4.07,
            "reinvestment_rate": null,
            "research_to_sale_ratio": 0.05,
            "price_fair": 123.43,
            "eps_avg_yearly": 3.53,
            "eps_latest_yearly": 0.16,
            "eps_growth_yearly": 289.19
        },
        "20123": {
            "year_quarter": 20123,
            "year": 2012,
            "quarter": 3,
            "eps": -0.7,
            "eps_growth_year": null,
            "eps_4q": 0.68,
            "eps_4q_growth_year": null,
            "roe": -2.93,
            "roe_4q": 3.2700000000000005,
            "gross_profit": -162090,
            "gross_margin": -3.54,
            "gross_margin_4q_avg": -1.58,
            "net_income": -242584,
            "revenue": 4572894,
            "common_shares": 3500000,
            "book_valuer_per_share": 20.99,
            "book_valuer_per_share_4q_avg": 21.74,
            "equity": 8151007,
            "current_ratio": 126.46,
            "debt_ratio": 65.86,
            "inventory_turnover_ratio": 1.22,
            "account_receivable_turnover_ratio": 5.48,
            "reinvestment_rate": null,
            "research_to_sale_ratio": 0.05,
            "price_fair": 123.43,
            "eps_avg_yearly": 3.53,
            "eps_latest_yearly": 0.16,
            "eps_growth_yearly": 289.19
        },
        "20124": {
            "year_quarter": 20124,
            "year": 2012,
            "quarter": 4,
            "eps": -0.23,
            "eps_growth_year": -112.76,
            "eps_4q": -1.35,
            "eps_4q_growth_year": -197.9,
            "roe": -1.07,
            "roe_4q": -5.659999999999999,
            "gross_profit": 19612,
            "gross_margin": 0.41,
            "gross_margin_4q_avg": -1.2,
            "net_income": -89042,
            "revenue": 4757760,
            "common_shares": 3500000,
            "book_valuer_per_share": 21.88,
            "book_valuer_per_share_4q_avg": 21.68,
            "equity": 8449621,
            "current_ratio": 122.32,
            "debt_ratio": 66.15,
            "inventory_turnover_ratio": 1.16,
            "account_receivable_turnover_ratio": 5.83,
            "reinvestment_rate": 14.38,
            "research_to_sale_ratio": 0.06,
            "price_fair": 123.43,
            "eps_avg_yearly": 3.53,
            "eps_latest_yearly": 0.16,
            "eps_growth_yearly": 289.19
        },
        "20131": {
            "year_quarter": 20131,
            "year": 2013,
            "quarter": 1,
            "eps": -0.23,
            "eps_growth_year": -675,
            "eps_4q": -1.61,
            "eps_4q_growth_year": -221.83,
            "roe": -1.03,
            "roe_4q": -6.92,
            "gross_profit": 13014,
            "gross_margin": 0.27,
            "gross_margin_4q_avg": -1.46,
            "net_income": -83538,
            "revenue": 4898111,
            "common_shares": 3500000,
            "book_valuer_per_share": 20.19,
            "book_valuer_per_share_4q_avg": 21.19,
            "equity": 7836335,
            "current_ratio": 121.6,
            "debt_ratio": 69.74,
            "inventory_turnover_ratio": 1.11,
            "account_receivable_turnover_ratio": 5.54,
            "reinvestment_rate": -21.95,
            "research_to_sale_ratio": 0.04,
            "price_fair": 123.43,
            "eps_avg_yearly": 3.53,
            "eps_latest_yearly": 0.16,
            "eps_growth_yearly": 289.19
        },
        "20132": {
            "year_quarter": 20132,
            "year": 2013,
            "quarter": 2,
            "eps": -0.95,
            "eps_growth_year": null,
            "eps_4q": -2.11,
            "eps_4q_growth_year": -334.32,
            "roe": -3.67,
            "roe_4q": -8.700000000000001,
            "gross_profit": -154803,
            "gross_margin": -3.88,
            "gross_margin_4q_avg": -1.69,
            "net_income": -281357,
            "revenue": 3988027,
            "common_shares": 3500000,
            "book_valuer_per_share": 19.16,
            "book_valuer_per_share_4q_avg": 20.56,
            "equity": 7494993,
            "current_ratio": 115.89,
            "debt_ratio": 73.21,
            "inventory_turnover_ratio": 0.82,
            "account_receivable_turnover_ratio": 4.45,
            "reinvestment_rate": -29.74,
            "research_to_sale_ratio": 0.09,
            "price_fair": 123.43,
            "eps_avg_yearly": 3.53,
            "eps_latest_yearly": 0.16,
            "eps_growth_yearly": 289.19
        },
        "20133": {
            "year_quarter": 20133,
            "year": 2013,
            "quarter": 3,
            "eps": -1.32,
            "eps_growth_year": null,
            "eps_4q": -2.72,
            "eps_4q_growth_year": -499.83,
            "roe": -6.61,
            "roe_4q": -12.38,
            "gross_profit": -293754,
            "gross_margin": -6.14,
            "gross_margin_4q_avg": -2.34,
            "net_income": -480056,
            "revenue": 4781745,
            "common_shares": 3500000,
            "book_valuer_per_share": 17.87,
            "book_valuer_per_share_4q_avg": 19.78,
            "equity": 7033599,
            "current_ratio": 116.47,
            "debt_ratio": 74.48,
            "inventory_turnover_ratio": 1,
            "account_receivable_turnover_ratio": 3.37,
            "reinvestment_rate": -69.37,
            "research_to_sale_ratio": 0.04,
            "price_fair": 117.6,
            "eps_avg_yearly": 3.36,
            "eps_latest_yearly": 0.16,
            "eps_growth_yearly": 126.34
        },
        "20134": {
            "year_quarter": 20134,
            "year": 2013,
            "quarter": 4,
            "eps": -0.27,
            "eps_growth_year": null,
            "eps_4q": -2.76,
            "eps_4q_growth_year": null,
            "roe": -1.51,
            "roe_4q": -12.82,
            "gross_profit": 71681,
            "gross_margin": 1.47,
            "gross_margin_4q_avg": -2.07,
            "net_income": -105990,
            "revenue": 4868108,
            "common_shares": 3500000,
            "book_valuer_per_share": 17.84,
            "book_valuer_per_share_4q_avg": 18.77,
            "equity": 7005926,
            "current_ratio": 123.98,
            "debt_ratio": 74.72,
            "inventory_turnover_ratio": 1.18,
            "account_receivable_turnover_ratio": 1.85,
            "reinvestment_rate": null,
            "research_to_sale_ratio": 0.14,
            "price_fair": 0.84,
            "eps_avg_yearly": 0.28,
            "eps_latest_yearly": 0.16,
            "eps_growth_yearly": -101.71
        },
        "20141": {
            "year_quarter": 20141,
            "year": 2014,
            "quarter": 1,
            "eps": 0.55,
            "eps_growth_year": null,
            "eps_4q": -1.99,
            "eps_4q_growth_year": null,
            "roe": 3.34,
            "roe_4q": -8.45,
            "gross_profit": 357164,
            "gross_margin": 7.18,
            "gross_margin_4q_avg": -0.34,
            "net_income": 239164,
            "revenue": 4976259,
            "common_shares": 3500000,
            "book_valuer_per_share": 18.47,
            "book_valuer_per_share_4q_avg": 18.34,
            "equity": 7306048,
            "current_ratio": 131.63,
            "debt_ratio": 72.11,
            "inventory_turnover_ratio": 1.27,
            "account_receivable_turnover_ratio": 1.96,
            "reinvestment_rate": null,
            "research_to_sale_ratio": 0.04,
            "price_fair": 0.84,
            "eps_avg_yearly": 0.28,
            "eps_latest_yearly": 0.16,
            "eps_growth_yearly": -4.66
        },
        "20142": {
            "year_quarter": 20142,
            "year": 2014,
            "quarter": 2,
            "eps": 1.1,
            "eps_growth_year": null,
            "eps_4q": 0.06,
            "eps_4q_growth_year": null,
            "roe": 5.05,
            "roe_4q": 0.27000000000000046,
            "gross_profit": 518254,
            "gross_margin": 7.62,
            "gross_margin_4q_avg": 2.53,
            "net_income": 378504,
            "revenue": 6796970,
            "common_shares": 3500000,
            "book_valuer_per_share": 19.55,
            "book_valuer_per_share_4q_avg": 18.43,
            "equity": 7672081,
            "current_ratio": 122.26,
            "debt_ratio": 69.78,
            "inventory_turnover_ratio": 1.65,
            "account_receivable_turnover_ratio": 3.51,
            "reinvestment_rate": null,
            "research_to_sale_ratio": 0.03,
            "price_fair": 57.4,
            "eps_avg_yearly": 1.64,
            "eps_latest_yearly": 4.4,
            "eps_growth_yearly": 109.63
        },
        "20143": {
            "year_quarter": 20143,
            "year": 2014,
            "quarter": 3,
            "eps": 0.16,
            "eps_growth_year": null,
            "eps_4q": 1.54,
            "eps_4q_growth_year": null,
            "roe": 0.82,
            "roe_4q": 7.700000000000001,
            "gross_profit": 189675,
            "gross_margin": 3.63,
            "gross_margin_4q_avg": 4.98,
            "net_income": 62622,
            "revenue": 5222676,
            "common_shares": 3500000,
            "book_valuer_per_share": 19.63,
            "book_valuer_per_share_4q_avg": 18.87,
            "equity": 7672382,
            "current_ratio": 119.81,
            "debt_ratio": 69.82,
            "inventory_turnover_ratio": 1.24,
            "account_receivable_turnover_ratio": 2.76,
            "reinvestment_rate": null,
            "research_to_sale_ratio": 0.05,
            "price_fair": 4.17,
            "eps_avg_yearly": 1.39,
            "eps_latest_yearly": 0.64,
            "eps_growth_yearly": -3.23
        },
        "20144": {
            "year_quarter": 20144,
            "year": 2014,
            "quarter": 4,
            "eps": -0.81,
            "eps_growth_year": null,
            "eps_4q": 1,
            "eps_4q_growth_year": null,
            "roe": -4.16,
            "roe_4q": 5.049999999999999,
            "gross_profit": -182763,
            "gross_margin": -4.85,
            "gross_margin_4q_avg": 3.4,
            "net_income": -309390,
            "revenue": 3764572,
            "common_shares": 3500000,
            "book_valuer_per_share": 18.42,
            "book_valuer_per_share_4q_avg": 19.02,
            "equity": 7207982,
            "current_ratio": 118.82,
            "debt_ratio": 71.47,
            "inventory_turnover_ratio": 0.9,
            "account_receivable_turnover_ratio": 2.1,
            "reinvestment_rate": null,
            "research_to_sale_ratio": 0.07,
            "price_fair": 4.17,
            "eps_avg_yearly": 1.39,
            "eps_latest_yearly": 0.64,
            "eps_growth_yearly": -3.23
        },
        "20151": {
            "year_quarter": 20151,
            "year": 2015,
            "quarter": 1,
            "eps": -0.67,
            "eps_growth_year": -221.82,
            "eps_4q": -0.22,
            "eps_4q_growth_year": null,
            "roe": -3.17,
            "roe_4q": -1.46,
            "gross_profit": -136309,
            "gross_margin": -3.36,
            "gross_margin_4q_avg": 0.76,
            "net_income": -224706,
            "revenue": 4058885,
            "common_shares": 3500000,
            "book_valuer_per_share": 17.76,
            "book_valuer_per_share_4q_avg": 18.84,
            "equity": 6988577,
            "current_ratio": 117.26,
            "debt_ratio": 71.94,
            "inventory_turnover_ratio": 0.95,
            "account_receivable_turnover_ratio": 2.39,
            "reinvestment_rate": null,
            "research_to_sale_ratio": 0.05,
            "price_fair": 5.2,
            "eps_avg_yearly": 1.73,
            "eps_latest_yearly": 0.64,
            "eps_growth_yearly": -110.98
        },
        "20152": {
            "year_quarter": 20152,
            "year": 2015,
            "quarter": 2,
            "eps": -0.53,
            "eps_growth_year": -148.18,
            "eps_4q": -1.84,
            "eps_4q_growth_year": -3176.5,
            "roe": -3.52,
            "roe_4q": -10.03,
            "gross_profit": -106011,
            "gross_margin": -2.31,
            "gross_margin_4q_avg": -1.72,
            "net_income": -229413,
            "revenue": 4581786,
            "common_shares": 3500000,
            "book_valuer_per_share": 17.31,
            "book_valuer_per_share_4q_avg": 18.28,
            "equity": 6060064,
            "current_ratio": 106.66,
            "debt_ratio": 69.53,
            "inventory_turnover_ratio": 1.15,
            "account_receivable_turnover_ratio": 4.49,
            "reinvestment_rate": null,
            "research_to_sale_ratio": 0.05,
            "price_fair": 5.2,
            "eps_avg_yearly": 1.73,
            "eps_latest_yearly": 0.64,
            "eps_growth_yearly": -110.98
        },
        "20153": {
            "year_quarter": 20153,
            "year": 2015,
            "quarter": 3,
            "eps": -1.09,
            "eps_growth_year": -781.25,
            "eps_4q": -3.09,
            "eps_4q_growth_year": -300.91,
            "roe": -6.5,
            "roe_4q": -17.35,
            "gross_profit": -362961,
            "gross_margin": -11.47,
            "gross_margin_4q_avg": -5.5,
            "net_income": -381368,
            "revenue": 3165500,
            "common_shares": 3500000,
            "book_valuer_per_share": 16.21,
            "book_valuer_per_share_4q_avg": 17.43,
            "equity": 5673644,
            "current_ratio": 100.53,
            "debt_ratio": 70.06,
            "inventory_turnover_ratio": 1,
            "account_receivable_turnover_ratio": 7.09,
            "reinvestment_rate": null,
            "research_to_sale_ratio": 0.08,
            "price_fair": 5.2,
            "eps_avg_yearly": 1.73,
            "eps_latest_yearly": 0.64,
            "eps_growth_yearly": -110.98
        },
        "20154": {
            "year_quarter": 20154,
            "year": 2015,
            "quarter": 4,
            "eps": -0.37,
            "eps_growth_year": null,
            "eps_4q": -2.66,
            "eps_4q_growth_year": -365.32,
            "roe": -2.34,
            "roe_4q": -15.53,
            "gross_profit": -143649,
            "gross_margin": -4.84,
            "gross_margin_4q_avg": -5.5,
            "net_income": -131166,
            "revenue": 2966475,
            "common_shares": 3500000,
            "book_valuer_per_share": 15.8,
            "book_valuer_per_share_4q_avg": 16.77,
            "equity": 5529801,
            "current_ratio": 101.98,
            "debt_ratio": 70.54,
            "inventory_turnover_ratio": 1.03,
            "account_receivable_turnover_ratio": 7.75,
            "reinvestment_rate": null,
            "research_to_sale_ratio": 0.3,
            "price_fair": 5.2,
            "eps_avg_yearly": 1.73,
            "eps_latest_yearly": 0.64,
            "eps_growth_yearly": -110.98
        },
        "20161": {
            "year_quarter": 20161,
            "year": 2016,
            "quarter": 1,
            "eps": -0.21,
            "eps_growth_year": null,
            "eps_4q": -2.2,
            "eps_4q_growth_year": null,
            "roe": -1.33,
            "roe_4q": -13.69,
            "gross_profit": -73853,
            "gross_margin": -2.82,
            "gross_margin_4q_avg": -5.36,
            "net_income": -73348,
            "revenue": 2614859,
            "common_shares": 3500000,
            "book_valuer_per_share": 15.62,
            "book_valuer_per_share_4q_avg": 16.24,
            "equity": 5468607,
            "current_ratio": 100.1,
            "debt_ratio": 71.06,
            "inventory_turnover_ratio": 0.92,
            "account_receivable_turnover_ratio": 7.53,
            "reinvestment_rate": null,
            "research_to_sale_ratio": 0.12,
            "price_fair": 88.2,
            "eps_avg_yearly": 2.52,
            "eps_latest_yearly": 0.64,
            "eps_growth_yearly": 29.09
        },
        "20162": {
            "year_quarter": 20162,
            "year": 2016,
            "quarter": 2,
            "eps": 0.84,
            "eps_growth_year": null,
            "eps_4q": -0.83,
            "eps_4q_growth_year": null,
            "roe": 5.25,
            "roe_4q": -4.92,
            "gross_profit": 370782,
            "gross_margin": 11.44,
            "gross_margin_4q_avg": -1.92,
            "net_income": 294887,
            "revenue": 3241111,
            "common_shares": 3500000,
            "book_valuer_per_share": 16.5,
            "book_valuer_per_share_4q_avg": 16.03,
            "equity": 5773544,
            "current_ratio": 105.65,
            "debt_ratio": 69.77,
            "inventory_turnover_ratio": 0.92,
            "account_receivable_turnover_ratio": 9.06,
            "reinvestment_rate": null,
            "research_to_sale_ratio": 0.46,
            "price_fair": 88.2,
            "eps_avg_yearly": 2.52,
            "eps_latest_yearly": 0.64,
            "eps_growth_yearly": 29.09
        },
        "20163": {
            "year_quarter": 20163,
            "year": 2016,
            "quarter": 3,
            "eps": 0.35,
            "eps_growth_year": null,
            "eps_4q": 0.6,
            "eps_4q_growth_year": null,
            "roe": 2.08,
            "roe_4q": 3.66,
            "gross_profit": 191448,
            "gross_margin": 7.08,
            "gross_margin_4q_avg": 2.72,
            "net_income": 121172,
            "revenue": 2702642,
            "common_shares": 3500000,
            "book_valuer_per_share": 16.87,
            "book_valuer_per_share_4q_avg": 16.2,
            "equity": 5905706,
            "current_ratio": 107.74,
            "debt_ratio": 70.13,
            "inventory_turnover_ratio": 0.72,
            "account_receivable_turnover_ratio": 5.84,
            "reinvestment_rate": null,
            "research_to_sale_ratio": 0.13,
            "price_fair": 6.44,
            "eps_avg_yearly": 2.15,
            "eps_latest_yearly": 1.4,
            "eps_growth_yearly": -58.38
        },
        "20164": {
            "year_quarter": 20164,
            "year": 2016,
            "quarter": 4,
            "eps": 0.46,
            "eps_growth_year": null,
            "eps_4q": 1.44,
            "eps_4q_growth_year": null,
            "roe": 2.7,
            "roe_4q": 8.700000000000001,
            "gross_profit": 273599,
            "gross_margin": 6.13,
            "gross_margin_4q_avg": 5.46,
            "net_income": 160639,
            "revenue": 4462716,
            "common_shares": 3500000,
            "book_valuer_per_share": 17.17,
            "book_valuer_per_share_4q_avg": 16.54,
            "equity": 6008710,
            "current_ratio": 105.25,
            "debt_ratio": 68.79,
            "inventory_turnover_ratio": 1.18,
            "account_receivable_turnover_ratio": 10.22,
            "reinvestment_rate": null,
            "research_to_sale_ratio": 0.28,
            "price_fair": 6.21,
            "eps_avg_yearly": 2.07,
            "eps_latest_yearly": 1.84,
            "eps_growth_yearly": -12.36
        },
        "20171": {
            "year_quarter": 20171,
            "year": 2017,
            "quarter": 1,
            "eps": 0.94,
            "eps_growth_year": null,
            "eps_4q": 2.58,
            "eps_4q_growth_year": null,
            "roe": 5.31,
            "roe_4q": 15.34,
            "gross_profit": 423390,
            "gross_margin": 7.5,
            "gross_margin_4q_avg": 8.04,
            "net_income": 327324,
            "revenue": 5645919,
            "common_shares": 3500000,
            "book_valuer_per_share": 18.05,
            "book_valuer_per_share_4q_avg": 17.15,
            "equity": 6317380,
            "current_ratio": 104.55,
            "debt_ratio": 66.41,
            "inventory_turnover_ratio": 1.62,
            "account_receivable_turnover_ratio": 17.34,
            "reinvestment_rate": null,
            "research_to_sale_ratio": 0.07,
            "price_fair": 84.28,
            "eps_avg_yearly": 2.41,
            "eps_latest_yearly": 3.76,
            "eps_growth_yearly": 73.59
        },
        "20172": {
            "year_quarter": 20172,
            "year": 2017,
            "quarter": 2,
            "eps": -0.19,
            "eps_growth_year": -122.62,
            "eps_4q": 1.55,
            "eps_4q_growth_year": null,
            "roe": -1.04,
            "roe_4q": 9.05,
            "gross_profit": -18150,
            "gross_margin": -0.42,
            "gross_margin_4q_avg": 5.07,
            "net_income": -65134,
            "revenue": 4344256,
            "common_shares": 3500000,
            "book_valuer_per_share": 17.87,
            "book_valuer_per_share_4q_avg": 17.49,
            "equity": 6254044,
            "current_ratio": 100.57,
            "debt_ratio": 66.91,
            "inventory_turnover_ratio": 1.58,
            "account_receivable_turnover_ratio": 11.95,
            "reinvestment_rate": null,
            "research_to_sale_ratio": 0.11,
            "price_fair": 84.28,
            "eps_avg_yearly": 2.41,
            "eps_latest_yearly": 3.76,
            "eps_growth_yearly": 73.59
        },
        "20173": {
            "year_quarter": 20173,
            "year": 2017,
            "quarter": 3,
            "eps": 0.03,
            "eps_growth_year": -91.43,
            "eps_4q": 1.24,
            "eps_4q_growth_year": 104.46,
            "roe": 0.16,
            "roe_4q": 7.13,
            "gross_profit": 78172,
            "gross_margin": 1.76,
            "gross_margin_4q_avg": 3.74,
            "net_income": 9701,
            "revenue": 4454110,
            "common_shares": 3500000,
            "book_valuer_per_share": 17.88,
            "book_valuer_per_share_4q_avg": 17.74,
            "equity": 6256492,
            "current_ratio": 106.3,
            "debt_ratio": 67.58,
            "inventory_turnover_ratio": 1.51,
            "account_receivable_turnover_ratio": 11.4,
            "reinvestment_rate": 160.59,
            "research_to_sale_ratio": 0.1,
            "price_fair": 84.28,
            "eps_avg_yearly": 2.41,
            "eps_latest_yearly": 3.76,
            "eps_growth_yearly": 73.59
        },
        "20174": {
            "year_quarter": 20174,
            "year": 2017,
            "quarter": 4,
            "eps": -0.08,
            "eps_growth_year": -117.84,
            "eps_4q": 0.69,
            "eps_4q_growth_year": -51.68,
            "roe": -0.46,
            "roe_4q": 3.9699999999999998,
            "gross_profit": 56858,
            "gross_margin": 1.27,
            "gross_margin_4q_avg": 2.53,
            "net_income": -28666,
            "revenue": 4473864,
            "common_shares": 3500000,
            "book_valuer_per_share": 17.6,
            "book_valuer_per_share_4q_avg": 17.85,
            "equity": 6159825,
            "current_ratio": 103.97,
            "debt_ratio": 68.66,
            "inventory_turnover_ratio": 1.31,
            "account_receivable_turnover_ratio": 9.77,
            "reinvestment_rate": 89.51,
            "research_to_sale_ratio": 0.12,
            "price_fair": 84.28,
            "eps_avg_yearly": 2.41,
            "eps_latest_yearly": 3.76,
            "eps_growth_yearly": 73.59
        },
        "20181": {
            "year_quarter": 20181,
            "year": 2018,
            "quarter": 1,
            "eps": -0.47,
            "eps_growth_year": -150,
            "eps_4q": -0.71,
            "eps_4q_growth_year": -127.65,
            "roe": -2.73,
            "roe_4q": -4.07,
            "gross_profit": -73079,
            "gross_margin": -1.72,
            "gross_margin_4q_avg": 0.22,
            "net_income": -165885,
            "revenue": 4239350,
            "common_shares": 3500000,
            "book_valuer_per_share": 17.12,
            "book_valuer_per_share_4q_avg": 17.62,
            "equity": 5991408,
            "current_ratio": 102.39,
            "debt_ratio": 69.23,
            "inventory_turnover_ratio": 1.23,
            "account_receivable_turnover_ratio": 9.72,
            "reinvestment_rate": null,
            "research_to_sale_ratio": 0.1,
            "price_fair": 84.28,
            "eps_avg_yearly": 2.41,
            "eps_latest_yearly": 3.76,
            "eps_growth_yearly": 73.59
        },
        "20182": {
            "year_quarter": 20182,
            "year": 2018,
            "quarter": 2,
            "eps": -0.23,
            "eps_growth_year": null,
            "eps_4q": -0.75,
            "eps_4q_growth_year": -148.5,
            "roe": -1.33,
            "roe_4q": -4.36,
            "gross_profit": 5330,
            "gross_margin": 0.12,
            "gross_margin_4q_avg": 0.36,
            "net_income": -78997,
            "revenue": 4363945,
            "common_shares": 3500000,
            "book_valuer_per_share": 16.9,
            "book_valuer_per_share_4q_avg": 17.38,
            "equity": 5913410,
            "current_ratio": 101.86,
            "debt_ratio": 70.03,
            "inventory_turnover_ratio": 1.23,
            "account_receivable_turnover_ratio": 9.13,
            "reinvestment_rate": null,
            "research_to_sale_ratio": 0.13,
            "price_fair": 5.73,
            "eps_avg_yearly": 1.91,
            "eps_latest_yearly": 3.76,
            "eps_growth_yearly": -8.01
        },
        "20183": {
            "year_quarter": 20183,
            "year": 2018,
            "quarter": 3,
            "eps": -1.43,
            "eps_growth_year": -4866.67,
            "eps_4q": -2.21,
            "eps_4q_growth_year": -278.56,
            "roe": -8.8,
            "roe_4q": -13.320000000000002,
            "gross_profit": -452823,
            "gross_margin": -13.27,
            "gross_margin_4q_avg": -3.4,
            "net_income": -498775,
            "revenue": 3413100,
            "common_shares": 3500000,
            "book_valuer_per_share": 15.49,
            "book_valuer_per_share_4q_avg": 16.78,
            "equity": 5420626,
            "current_ratio": 97.68,
            "debt_ratio": 72.17,
            "inventory_turnover_ratio": 1.16,
            "account_receivable_turnover_ratio": 7.24,
            "reinvestment_rate": null,
            "research_to_sale_ratio": 0.11,
            "price_fair": 81.67,
            "eps_avg_yearly": 2.33,
            "eps_latest_yearly": 3.76,
            "eps_growth_yearly": 103.26
        },
        "20184": {
            "year_quarter": 20184,
            "year": 2018,
            "quarter": 4,
            "eps": -1.99,
            "eps_growth_year": null,
            "eps_4q": -4.12,
            "eps_4q_growth_year": -692.73,
            "roe": -13.74,
            "roe_4q": -26.599999999999998,
            "gross_profit": -539238,
            "gross_margin": -18.83,
            "gross_margin_4q_avg": -8.43,
            "net_income": -698018,
            "revenue": 2863140,
            "common_shares": 3500000,
            "book_valuer_per_share": 13.55,
            "book_valuer_per_share_4q_avg": 15.77,
            "equity": 4742848,
            "current_ratio": 101.85,
            "debt_ratio": 74.96,
            "inventory_turnover_ratio": 1.13,
            "account_receivable_turnover_ratio": 8.59,
            "reinvestment_rate": null,
            "research_to_sale_ratio": 0.12,
            "price_fair": 81.67,
            "eps_avg_yearly": 2.33,
            "eps_latest_yearly": 3.76,
            "eps_growth_yearly": 103.26
        },
        "20191": {
            "year_quarter": 20191,
            "year": 2019,
            "quarter": 1,
            "eps": 0.43,
            "eps_growth_year": null,
            "eps_4q": -3.21,
            "eps_4q_growth_year": null,
            "roe": 3.14,
            "roe_4q": -20.729999999999997,
            "gross_profit": -60308,
            "gross_margin": -1.94,
            "gross_margin_4q_avg": -8.48,
            "net_income": 151189,
            "revenue": 3100883,
            "common_shares": 3500000,
            "book_valuer_per_share": 14,
            "book_valuer_per_share_4q_avg": 14.99,
            "equity": 4901716,
            "current_ratio": 96.23,
            "debt_ratio": 73.46,
            "inventory_turnover_ratio": 1.16,
            "account_receivable_turnover_ratio": 13.13,
            "reinvestment_rate": null,
            "research_to_sale_ratio": 0.13,
            "price_fair": 81.67,
            "eps_avg_yearly": 2.33,
            "eps_latest_yearly": 3.76,
            "eps_growth_yearly": 103.26
        },
        "20192": {
            "year_quarter": 20192,
            "year": 2019,
            "quarter": 2,
            "eps": -0.74,
            "eps_growth_year": null,
            "eps_4q": -3.73,
            "eps_4q_growth_year": null,
            "roe": -5.43,
            "roe_4q": -24.830000000000002,
            "gross_profit": -210652,
            "gross_margin": -6.6,
            "gross_margin_4q_avg": -10.16,
            "net_income": -259127,
            "revenue": 3189599,
            "common_shares": 3500000,
            "book_valuer_per_share": 13.27,
            "book_valuer_per_share_4q_avg": 14.08,
            "equity": 4643139,
            "current_ratio": 121.31,
            "debt_ratio": 74.87,
            "inventory_turnover_ratio": 1.28,
            "account_receivable_turnover_ratio": 25.45,
            "reinvestment_rate": null,
            "research_to_sale_ratio": 0.29,
            "price_fair": 81.67,
            "eps_avg_yearly": 2.33,
            "eps_latest_yearly": 3.76,
            "eps_growth_yearly": 103.26
        },
        "20193": {
            "year_quarter": 20193,
            "year": 2019,
            "quarter": 3,
            "eps": 2.02,
            "eps_growth_year": null,
            "eps_4q": -0.28,
            "eps_4q_growth_year": null,
            "roe": 14.18,
            "roe_4q": -1.8499999999999996,
            "gross_profit": 48588,
            "gross_margin": 1.39,
            "gross_margin_4q_avg": -6.5,
            "net_income": 708454,
            "revenue": 3494734,
            "common_shares": 3500000,
            "book_valuer_per_share": 15.29,
            "book_valuer_per_share_4q_avg": 14.03,
            "equity": 5350258,
            "current_ratio": 107.45,
            "debt_ratio": 70.41,
            "inventory_turnover_ratio": 1.26,
            "account_receivable_turnover_ratio": 25.21,
            "reinvestment_rate": null,
            "research_to_sale_ratio": 0.1,
            "price_fair": 81.67,
            "eps_avg_yearly": 2.33,
            "eps_latest_yearly": 3.76,
            "eps_growth_yearly": 103.26
        },
        "20194": {
            "year_quarter": 20194,
            "year": 2019,
            "quarter": 4,
            "eps": -1.67,
            "eps_growth_year": null,
            "eps_4q": 0.04,
            "eps_4q_growth_year": null,
            "roe": -11.53,
            "roe_4q": 0.36000000000000076,
            "gross_profit": -451814,
            "gross_margin": -17.61,
            "gross_margin_4q_avg": -6.19,
            "net_income": -585563,
            "revenue": 2565740,
            "common_shares": 3500000,
            "book_valuer_per_share": 13.74,
            "book_valuer_per_share_4q_avg": 14.08,
            "equity": 4807284,
            "current_ratio": 117.47,
            "debt_ratio": 74.34,
            "inventory_turnover_ratio": 1.01,
            "account_receivable_turnover_ratio": 15.03,
            "reinvestment_rate": null,
            "research_to_sale_ratio": 0.58,
            "price_fair": 81.67,
            "eps_avg_yearly": 2.33,
            "eps_latest_yearly": 3.76,
            "eps_growth_yearly": 103.26
        },
        "20201": {
            "year_quarter": 20201,
            "year": 2020,
            "quarter": 1,
            "eps": -1.51,
            "eps_growth_year": -451.16,
            "eps_4q": -1.9,
            "eps_4q_growth_year": null,
            "roe": -11.64,
            "roe_4q": -14.420000000000002,
            "gross_profit": -413832,
            "gross_margin": -14.57,
            "gross_margin_4q_avg": -9.35,
            "net_income": -528117,
            "revenue": 2840295,
            "common_shares": 3500000,
            "book_valuer_per_share": 12.19,
            "book_valuer_per_share_4q_avg": 13.62,
            "equity": 4266117,
            "current_ratio": 90.06,
            "debt_ratio": 75.8,
            "inventory_turnover_ratio": 1.14,
            "account_receivable_turnover_ratio": 26.04,
            "reinvestment_rate": null,
            "research_to_sale_ratio": 0.11,
            "price_fair": 81.67,
            "eps_avg_yearly": 2.33,
            "eps_latest_yearly": 3.76,
            "eps_growth_yearly": 103.26
        },
        "20202": {
            "year_quarter": 20202,
            "year": 2020,
            "quarter": 2,
            "eps": -0.26,
            "eps_growth_year": null,
            "eps_4q": -1.42,
            "eps_4q_growth_year": null,
            "roe": -2.19,
            "roe_4q": -11.18,
            "gross_profit": -90997,
            "gross_margin": -3.44,
            "gross_margin_4q_avg": -8.56,
            "net_income": -92327,
            "revenue": 2645972,
            "common_shares": 3500000,
            "book_valuer_per_share": 11.95,
            "book_valuer_per_share_4q_avg": 13.29,
            "equity": 4181006,
            "current_ratio": 114.26,
            "debt_ratio": 76.49,
            "inventory_turnover_ratio": 1.16,
            "account_receivable_turnover_ratio": 20.8,
            "reinvestment_rate": null,
            "research_to_sale_ratio": 0.67,
            "price_fair": 81.67,
            "eps_avg_yearly": 2.33,
            "eps_latest_yearly": 3.76,
            "eps_growth_yearly": 103.26
        },
        "20203": {
            "year_quarter": 20203,
            "year": 2020,
            "quarter": 3,
            "eps": 0.17,
            "eps_growth_year": -91.58,
            "eps_4q": -3.28,
            "eps_4q_growth_year": null,
            "roe": 1.38,
            "roe_4q": -23.98,
            "gross_profit": 97709,
            "gross_margin": 3.34,
            "gross_margin_4q_avg": -8.07,
            "net_income": 58081,
            "revenue": 2923743,
            "common_shares": 3500000,
            "book_valuer_per_share": 12.1,
            "book_valuer_per_share_4q_avg": 12.5,
            "equity": 4234600,
            "current_ratio": 131.11,
            "debt_ratio": 75.51,
            "inventory_turnover_ratio": 1.23,
            "account_receivable_turnover_ratio": 28.53,
            "reinvestment_rate": null,
            "research_to_sale_ratio": 0.12,
            "price_fair": 98,
            "eps_avg_yearly": 2.8,
            "eps_latest_yearly": 3.76,
            "eps_growth_yearly": 271.55
        },
        "20204": {
            "year_quarter": 20204,
            "year": 2020,
            "quarter": 4,
            "eps": -0.3,
            "eps_growth_year": null,
            "eps_4q": -1.9,
            "eps_4q_growth_year": -4551.75,
            "roe": -2.44,
            "roe_4q": -14.89,
            "gross_profit": -53011,
            "gross_margin": -2.19,
            "gross_margin_4q_avg": -4.22,
            "net_income": -103310,
            "revenue": 2418669,
            "common_shares": 3500000,
            "book_valuer_per_share": 12.05,
            "book_valuer_per_share_4q_avg": 12.07,
            "equity": 4216555,
            "current_ratio": 130.38,
            "debt_ratio": 75.93,
            "inventory_turnover_ratio": 1.11,
            "account_receivable_turnover_ratio": 67.43,
            "reinvestment_rate": null,
            "research_to_sale_ratio": 0.22,
            "price_fair": 131.6,
            "eps_avg_yearly": 3.76,
            "eps_latest_yearly": 3.76,
            "eps_growth_yearly": 417.39
        },
        "20211": {
            "year_quarter": 20211,
            "year": 2021,
            "quarter": 1,
            "eps": 0.16,
            "eps_growth_year": null,
            "eps_4q": -0.23,
            "eps_4q_growth_year": null,
            "roe": 1.32,
            "roe_4q": -1.93,
            "gross_profit": 127686,
            "gross_margin": 4.17,
            "gross_margin_4q_avg": 0.47,
            "net_income": 55885,
            "revenue": 3064472,
            "common_shares": 3500000,
            "book_valuer_per_share": 12.21,
            "book_valuer_per_share_4q_avg": 12.08,
            "equity": 4275223,
            "current_ratio": 134.52,
            "debt_ratio": 75.25,
            "inventory_turnover_ratio": 1.29,
            "account_receivable_turnover_ratio": 112.88,
            "reinvestment_rate": null,
            "research_to_sale_ratio": 0.09,
            "price_fair": 0,
            "eps_avg_yearly": 0,
            "eps_latest_yearly": 0,
            "eps_growth_yearly": 0
        },
        "20212": {
            "year_quarter": 20212,
            "year": 2021,
            "quarter": 2,
            "eps": 0.85,
            "eps_growth_year": null,
            "eps_4q": 0.88,
            "eps_4q_growth_year": null,
            "roe": 6.67,
            "roe_4q": 6.930000000000001,
            "gross_profit": 361222,
            "gross_margin": 8.59,
            "gross_margin_4q_avg": 3.48,
            "net_income": 296025,
            "revenue": 4204171,
            "common_shares": 3500000,
            "book_valuer_per_share": 13.14,
            "book_valuer_per_share_4q_avg": 12.38,
            "equity": 4599915,
            "current_ratio": 136.01,
            "debt_ratio": 73.94,
            "inventory_turnover_ratio": 1.64,
            "account_receivable_turnover_ratio": 67.29,
            "reinvestment_rate": null,
            "research_to_sale_ratio": 0.1,
            "price_fair": 119,
            "eps_avg_yearly": 3.4,
            "eps_latest_yearly": 3.4,
            "eps_growth_yearly": 1725
        },
        "20213": {
            "year_quarter": 20213,
            "year": 2021,
            "quarter": 3,
            "eps": 2.15,
            "eps_growth_year": 1164.71,
            "eps_4q": 2.86,
            "eps_4q_growth_year": null,
            "roe": 15.11,
            "roe_4q": 20.66,
            "gross_profit": 905134,
            "gross_margin": 17.79,
            "gross_margin_4q_avg": 7.09,
            "net_income": 751401,
            "revenue": 5089027,
            "common_shares": 3500000,
            "book_valuer_per_share": 15.27,
            "book_valuer_per_share_4q_avg": 13.17,
            "equity": 5345295,
            "current_ratio": 137.31,
            "debt_ratio": 72.22,
            "inventory_turnover_ratio": 1.41,
            "account_receivable_turnover_ratio": 28.59,
            "reinvestment_rate": null,
            "research_to_sale_ratio": 0.06,
            "price_fair": 210,
            "eps_avg_yearly": 6,
            "eps_latest_yearly": 8.6,
            "eps_growth_yearly": 1168.38
        },
        "20214": {
            "year_quarter": 20214,
            "year": 2021,
            "quarter": 4,
            "eps": 1.38,
            "eps_growth_year": null,
            "eps_4q": 4.53,
            "eps_4q_growth_year": null,
            "roe": 8.64,
            "roe_4q": 31.740000000000002,
            "gross_profit": 577888,
            "gross_margin": 12.97,
            "gross_margin_4q_avg": 10.88,
            "net_income": 482939,
            "revenue": 4455390,
            "common_shares": 3500000,
            "book_valuer_per_share": 16.67,
            "book_valuer_per_share_4q_avg": 14.32,
            "equity": 5833458,
            "current_ratio": 153.03,
            "debt_ratio": 71.04,
            "inventory_turnover_ratio": 1.02,
            "account_receivable_turnover_ratio": 25.54,
            "reinvestment_rate": null,
            "research_to_sale_ratio": 0.14,
            "price_fair": 204.4,
            "eps_avg_yearly": 5.84,
            "eps_latest_yearly": 5.52,
            "eps_growth_yearly": 731.17
        },
        "20221": {
            "year_quarter": 20221,
            "year": 2022,
            "quarter": 1,
            "eps": 0.83,
            "eps_growth_year": 418.75,
            "eps_4q": 5.2,
            "eps_4q_growth_year": null,
            "roe": 4.84,
            "roe_4q": 35.26,
            "gross_profit": 343284,
            "gross_margin": 8.51,
            "gross_margin_4q_avg": 11.97,
            "net_income": 289886,
            "revenue": 4034417,
            "common_shares": 3500000,
            "book_valuer_per_share": 17.53,
            "book_valuer_per_share_4q_avg": 15.65,
            "equity": 6135135,
            "current_ratio": 140.81,
            "debt_ratio": 67.67,
            "inventory_turnover_ratio": 0.97,
            "account_receivable_turnover_ratio": 31.78,
            "reinvestment_rate": null,
            "research_to_sale_ratio": 0.05,
            "price_fair": 182.35,
            "eps_avg_yearly": 5.21,
            "eps_latest_yearly": 3.32,
            "eps_growth_yearly": 508.52
        },
        "20222": {
            "year_quarter": 20222,
            "year": 2022,
            "quarter": 2,
            "eps": 0.11,
            "eps_growth_year": -87.06,
            "eps_4q": 4.46,
            "eps_4q_growth_year": 409.06,
            "roe": 0.6,
            "roe_4q": 29.189999999999998,
            "gross_profit": 64713,
            "gross_margin": 1.74,
            "gross_margin_4q_avg": 10.25,
            "net_income": 36973,
            "revenue": 3709420,
            "common_shares": 3500000,
            "book_valuer_per_share": 17.57,
            "book_valuer_per_share_4q_avg": 16.76,
            "equity": 6148608,
            "current_ratio": 170.17,
            "debt_ratio": 66.94,
            "inventory_turnover_ratio": 0.98,
            "account_receivable_turnover_ratio": 29.25,
            "reinvestment_rate": -873.38,
            "research_to_sale_ratio": 0.07,
            "price_fair": 148.96,
            "eps_avg_yearly": 4.26,
            "eps_latest_yearly": 0.44,
            "eps_growth_yearly": 337.42
        },
        "20223": {
            "year_quarter": 20223,
            "year": 2022,
            "quarter": 3,
            "eps": -1.26,
            "eps_growth_year": -158.6,
            "eps_4q": 1.05,
            "eps_4q_growth_year": -63.12,
            "roe": -7.44,
            "roe_4q": 6.64,
            "gross_profit": -388035,
            "gross_margin": -13.47,
            "gross_margin_4q_avg": 2.44,
            "net_income": -441002,
            "revenue": 2881363,
            "common_shares": 3500000,
            "book_valuer_per_share": 16.29,
            "book_valuer_per_share_4q_avg": 17.02,
            "equity": 5702183,
            "current_ratio": 140.92,
            "debt_ratio": 67.04,
            "inventory_turnover_ratio": 1.02,
            "account_receivable_turnover_ratio": 42.16,
            "reinvestment_rate": -514.45,
            "research_to_sale_ratio": 0.08,
            "price_fair": 148.96,
            "eps_avg_yearly": 4.26,
            "eps_latest_yearly": 0.44,
            "eps_growth_yearly": 337.42
        },
        "20224": {
            "year_quarter": 20224,
            "year": 2022,
            "quarter": 4,
            "eps": -0.32,
            "eps_growth_year": -122.94,
            "eps_4q": -0.64,
            "eps_4q_growth_year": -114.18,
            "roe": -1.94,
            "roe_4q": -3.9400000000000013,
            "gross_profit": -14050,
            "gross_margin": -0.41,
            "gross_margin_4q_avg": -0.91,
            "net_income": -110805,
            "revenue": 3396137,
            "common_shares": 3500000,
            "book_valuer_per_share": 16.32,
            "book_valuer_per_share_4q_avg": 16.93,
            "equity": 5712668,
            "current_ratio": 134.81,
            "debt_ratio": 67.13,
            "inventory_turnover_ratio": 1.42,
            "account_receivable_turnover_ratio": 175.21,
            "reinvestment_rate": -76.41,
            "research_to_sale_ratio": 0.11,
            "price_fair": 148.96,
            "eps_avg_yearly": 4.26,
            "eps_latest_yearly": 0.44,
            "eps_growth_yearly": 337.42
        },
        "20231": {
            "year_quarter": 20231,
            "year": 2023,
            "quarter": 1,
            "eps": 0.03,
            "eps_growth_year": -96.39,
            "eps_4q": -1.44,
            "eps_4q_growth_year": -127.75,
            "roe": 0.17,
            "roe_4q": -8.610000000000001,
            "gross_profit": 63776,
            "gross_margin": 2.02,
            "gross_margin_4q_avg": -2.53,
            "net_income": 9642,
            "revenue": 3150824,
            "common_shares": 3500000,
            "book_valuer_per_share": 16.35,
            "book_valuer_per_share_4q_avg": 16.63,
            "equity": 5723685,
            "current_ratio": 109.31,
            "debt_ratio": 66.95,
            "inventory_turnover_ratio": 1.26,
            "account_receivable_turnover_ratio": 169.52,
            "reinvestment_rate": -94.28,
            "research_to_sale_ratio": 0.07,
            "price_fair": 148.96,
            "eps_avg_yearly": 4.26,
            "eps_latest_yearly": 0.44,
            "eps_growth_yearly": 337.42
        }
    },
    "months": {
        "2006-07": {
            "month": "2006-07",
            "price": "17.09",
            "revenue": 2477476
        },
        "2006-08": {
            "month": "2006-08",
            "price": "16.47",
            "revenue": 2767642
        },
        "2006-09": {
            "month": "2006-09",
            "price": "17.25",
            "revenue": 2979796
        },
        "2006-10": {
            "month": "2006-10",
            "price": "27.62",
            "revenue": 2850014
        },
        "2006-11": {
            "month": "2006-11",
            "price": "27.48",
            "revenue": 3077030
        },
        "2006-12": {
            "month": "2006-12",
            "price": "28.63",
            "revenue": 3265628
        },
        "2007-01": {
            "month": "2007-01",
            "price": "30.03",
            "revenue": 3442426
        },
        "2007-02": {
            "month": "2007-02",
            "price": "32.08",
            "revenue": 2479940
        },
        "2007-03": {
            "month": "2007-03",
            "price": "34.25",
            "revenue": 4114416
        },
        "2007-04": {
            "month": "2007-04",
            "price": "45.40",
            "revenue": 3392620
        },
        "2007-05": {
            "month": "2007-05",
            "price": "44.95",
            "revenue": 3828960
        },
        "2007-06": {
            "month": "2007-06",
            "price": "41.84",
            "revenue": 2643385
        },
        "2007-07": {
            "month": "2007-07",
            "price": "44.05",
            "revenue": 1789032
        },
        "2007-08": {
            "month": "2007-08",
            "price": "34.76",
            "revenue": 1680864
        },
        "2007-09": {
            "month": "2007-09",
            "price": "35.34",
            "revenue": 1708901
        },
        "2007-10": {
            "month": "2007-10",
            "price": "32.71",
            "revenue": 2215274
        },
        "2007-11": {
            "month": "2007-11",
            "price": "23.45",
            "revenue": 3041656
        },
        "2007-12": {
            "month": "2007-12",
            "price": "22.10",
            "revenue": 2177180
        },
        "2008-01": {
            "month": "2008-01",
            "price": "24.55",
            "revenue": 2347300
        },
        "2008-02": {
            "month": "2008-02",
            "price": "27.02",
            "revenue": 2129162
        },
        "2008-03": {
            "month": "2008-03",
            "price": "33.03",
            "revenue": 2543388
        },
        "2008-04": {
            "month": "2008-04",
            "price": "40.22",
            "revenue": 2865366
        },
        "2008-05": {
            "month": "2008-05",
            "price": "38.25",
            "revenue": 2180053
        },
        "2008-06": {
            "month": "2008-06",
            "price": "29.04",
            "revenue": 1944424
        },
        "2008-07": {
            "month": "2008-07",
            "price": "26.20",
            "revenue": 1664575
        },
        "2008-08": {
            "month": "2008-08",
            "price": "26.34",
            "revenue": 1293647
        },
        "2008-09": {
            "month": "2008-09",
            "price": "24.31",
            "revenue": 1189837
        },
        "2008-10": {
            "month": "2008-10",
            "price": "22.03",
            "revenue": 1003658
        },
        "2008-11": {
            "month": "2008-11",
            "price": "18.85",
            "revenue": 515578
        },
        "2008-12": {
            "month": "2008-12",
            "price": "22.45",
            "revenue": 421237
        },
        "2009-01": {
            "month": "2009-01",
            "price": "24.18",
            "revenue": 599923
        },
        "2009-02": {
            "month": "2009-02",
            "price": "22.07",
            "revenue": 808556
        },
        "2009-03": {
            "month": "2009-03",
            "price": "21.28",
            "revenue": 950238
        },
        "2009-04": {
            "month": "2009-04",
            "price": "24.21",
            "revenue": 1126368
        },
        "2009-05": {
            "month": "2009-05",
            "price": "31.43",
            "revenue": 1281272
        },
        "2009-06": {
            "month": "2009-06",
            "price": "32.71",
            "revenue": 1631130
        },
        "2009-07": {
            "month": "2009-07",
            "price": "34.93",
            "revenue": 1808036
        },
        "2009-08": {
            "month": "2009-08",
            "price": "33.77",
            "revenue": 1921602
        },
        "2009-09": {
            "month": "2009-09",
            "price": "32.05",
            "revenue": 1957052
        },
        "2009-10": {
            "month": "2009-10",
            "price": "34.15",
            "revenue": 1703442
        },
        "2009-11": {
            "month": "2009-11",
            "price": "34.15",
            "revenue": 1791552
        },
        "2009-12": {
            "month": "2009-12",
            "price": "34.23",
            "revenue": 1791458
        },
        "2010-01": {
            "month": "2010-01",
            "price": "35.20",
            "revenue": 1755586
        },
        "2010-02": {
            "month": "2010-02",
            "price": "30.54",
            "revenue": 1310066
        },
        "2010-03": {
            "month": "2010-03",
            "price": "32.22",
            "revenue": 2180317
        },
        "2010-04": {
            "month": "2010-04",
            "price": "32.99",
            "revenue": 2395408
        },
        "2010-05": {
            "month": "2010-05",
            "price": "28.03",
            "revenue": 2063936
        },
        "2010-06": {
            "month": "2010-06",
            "price": "26.21",
            "revenue": 1805820
        },
        "2010-07": {
            "month": "2010-07",
            "price": "27.24",
            "revenue": 1308925
        },
        "2010-08": {
            "month": "2010-08",
            "price": "27.89",
            "revenue": 1632013
        },
        "2010-09": {
            "month": "2010-09",
            "price": "27.25",
            "revenue": 1506081
        },
        "2010-10": {
            "month": "2010-10",
            "price": "28.72",
            "revenue": 1696137
        },
        "2010-11": {
            "month": "2010-11",
            "price": "27.82",
            "revenue": 1788511
        },
        "2010-12": {
            "month": "2010-12",
            "price": "28.20",
            "revenue": 1703880
        },
        "2011-01": {
            "month": "2011-01",
            "price": "28.39",
            "revenue": 1754301
        },
        "2011-02": {
            "month": "2011-02",
            "price": "28.08",
            "revenue": 1544965
        },
        "2011-03": {
            "month": "2011-03",
            "price": "28.37",
            "revenue": 1941397
        },
        "2011-04": {
            "month": "2011-04",
            "price": "28.85",
            "revenue": 1979388
        },
        "2011-05": {
            "month": "2011-05",
            "price": "28.22",
            "revenue": 1785781
        },
        "2011-06": {
            "month": "2011-06",
            "price": "28.27",
            "revenue": 1442258
        },
        "2011-07": {
            "month": "2011-07",
            "price": "28.18",
            "revenue": 1488947
        },
        "2011-08": {
            "month": "2011-08",
            "price": "28.08",
            "revenue": 1668399
        },
        "2011-09": {
            "month": "2011-09",
            "price": "28.50",
            "revenue": 1753613
        },
        "2011-10": {
            "month": "2011-10",
            "price": "27.94",
            "revenue": 1802340
        },
        "2011-11": {
            "month": "2011-11",
            "price": "27.44",
            "revenue": 1720578
        },
        "2011-12": {
            "month": "2011-12",
            "price": "28.31",
            "revenue": 1394772
        },
        "2012-01": {
            "month": "2012-01",
            "price": "28.21",
            "revenue": 1059021
        },
        "2012-02": {
            "month": "2012-02",
            "price": "28.56",
            "revenue": 1555368
        },
        "2012-03": {
            "month": "2012-03",
            "price": "29.74",
            "revenue": 1640254
        },
        "2012-04": {
            "month": "2012-04",
            "price": "29.05",
            "revenue": 1455777
        },
        "2012-05": {
            "month": "2012-05",
            "price": "26.98",
            "revenue": 1425040
        },
        "2012-06": {
            "month": "2012-06",
            "price": "27.39",
            "revenue": 965496
        },
        "2012-07": {
            "month": "2012-07",
            "price": "27.69",
            "revenue": 1280125
        },
        "2012-08": {
            "month": "2012-08",
            "price": "27.37",
            "revenue": 1301253
        },
        "2012-09": {
            "month": "2012-09",
            "price": "30.00",
            "revenue": 1342075
        },
        "2012-10": {
            "month": "2012-10",
            "price": "29.17",
            "revenue": 1481195
        },
        "2012-11": {
            "month": "2012-11",
            "price": "26.53",
            "revenue": 1243906
        },
        "2012-12": {
            "month": "2012-12",
            "price": "29.62",
            "revenue": 1424799
        },
        "2013-01": {
            "month": "2013-01",
            "price": "30.08",
            "revenue": 1858427
        },
        "2013-02": {
            "month": "2013-02",
            "price": "30.45",
            "revenue": 1355799
        },
        "2013-03": {
            "month": "2013-03",
            "price": "30.46",
            "revenue": 1679240
        },
        "2013-04": {
            "month": "2013-04",
            "price": "30.15",
            "revenue": 1348426
        },
        "2013-05": {
            "month": "2013-05",
            "price": "30.12",
            "revenue": 1446515
        },
        "2013-06": {
            "month": "2013-06",
            "price": "30.16",
            "revenue": 1197565
        },
        "2013-07": {
            "month": "2013-07",
            "price": "29.96",
            "revenue": 1249331
        },
        "2013-08": {
            "month": "2013-08",
            "price": "29.37",
            "revenue": 1698714
        },
        "2013-09": {
            "month": "2013-09",
            "price": "28.98",
            "revenue": 1833866
        },
        "2013-10": {
            "month": "2013-10",
            "price": "28.82",
            "revenue": 1724576
        },
        "2013-11": {
            "month": "2013-11",
            "price": "28.12",
            "revenue": 1566897
        },
        "2013-12": {
            "month": "2013-12",
            "price": "27.68",
            "revenue": 1576552
        },
        "2014-01": {
            "month": "2014-01",
            "price": "27.56",
            "revenue": 1437782
        },
        "2014-02": {
            "month": "2014-02",
            "price": "27.64",
            "revenue": 1627966
        },
        "2014-03": {
            "month": "2014-03",
            "price": "27.85",
            "revenue": 1910511
        },
        "2014-04": {
            "month": "2014-04",
            "price": "27.84",
            "revenue": 2153093
        },
        "2014-05": {
            "month": "2014-05",
            "price": "32.88",
            "revenue": 2344968
        },
        "2014-06": {
            "month": "2014-06",
            "price": "37.04",
            "revenue": 2298909
        },
        "2014-07": {
            "month": "2014-07",
            "price": "36.27",
            "revenue": 2000106
        },
        "2014-08": {
            "month": "2014-08",
            "price": "35.51",
            "revenue": 1650007
        },
        "2014-09": {
            "month": "2014-09",
            "price": "37.86",
            "revenue": 1572563
        },
        "2014-10": {
            "month": "2014-10",
            "price": "43.59",
            "revenue": 1253461
        },
        "2014-11": {
            "month": "2014-11",
            "price": "44.40",
            "revenue": 1246070
        },
        "2014-12": {
            "month": "2014-12",
            "price": "43.53",
            "revenue": 1265042
        },
        "2015-01": {
            "month": "2015-01",
            "price": "41.89",
            "revenue": 1416366
        },
        "2015-02": {
            "month": "2015-02",
            "price": "42.60",
            "revenue": 1114650
        },
        "2015-03": {
            "month": "2015-03",
            "price": "48.67",
            "revenue": 1527869
        },
        "2015-04": {
            "month": "2015-04",
            "price": "51.72",
            "revenue": 1552839
        },
        "2015-05": {
            "month": "2015-05",
            "price": "53.15",
            "revenue": 1574865
        },
        "2015-06": {
            "month": "2015-06",
            "price": "51.30",
            "revenue": 1441859
        },
        "2015-07": {
            "month": "2015-07",
            "price": "48.67",
            "revenue": 1143869
        },
        "2015-08": {
            "month": "2015-08",
            "price": "48.62",
            "revenue": 937509
        },
        "2015-09": {
            "month": "2015-09",
            "price": "48.46",
            "revenue": 1084122
        },
        "2015-10": {
            "month": "2015-10",
            "price": "47.38",
            "revenue": 1089319
        },
        "2015-11": {
            "month": "2015-11",
            "price": "45.49",
            "revenue": 1045182
        },
        "2015-12": {
            "month": "2015-12",
            "price": "44.80",
            "revenue": 831972
        },
        "2016-01": {
            "month": "2016-01",
            "price": "44.93",
            "revenue": 794612
        },
        "2016-02": {
            "month": "2016-02",
            "price": "46.01",
            "revenue": 730200
        },
        "2016-03": {
            "month": "2016-03",
            "price": "46.04",
            "revenue": 1090047
        },
        "2016-04": {
            "month": "2016-04",
            "price": "44.93",
            "revenue": 1051948
        },
        "2016-05": {
            "month": "2016-05",
            "price": "45.04",
            "revenue": 1102018
        },
        "2016-06": {
            "month": "2016-06",
            "price": "45.28",
            "revenue": 1087145
        },
        "2016-07": {
            "month": "2016-07",
            "price": "45.34",
            "revenue": 1035401
        },
        "2016-08": {
            "month": "2016-08",
            "price": "46.64",
            "revenue": 802001
        },
        "2016-09": {
            "month": "2016-09",
            "price": "46.91",
            "revenue": 865240
        },
        "2016-10": {
            "month": "2016-10",
            "price": "46.77",
            "revenue": 1093253
        },
        "2016-11": {
            "month": "2016-11",
            "price": "46.81",
            "revenue": 1561015
        },
        "2016-12": {
            "month": "2016-12",
            "price": "46.79",
            "revenue": 1808448
        },
        "2017-01": {
            "month": "2017-01",
            "price": "46.92",
            "revenue": 1778129
        },
        "2017-02": {
            "month": "2017-02",
            "price": "48.32",
            "revenue": 1790136
        },
        "2017-03": {
            "month": "2017-03",
            "price": "48.86",
            "revenue": 2077654
        },
        "2017-04": {
            "month": "2017-04",
            "price": "48.82",
            "revenue": 1720970
        },
        "2017-05": {
            "month": "2017-05",
            "price": "47.52",
            "revenue": 1546464
        },
        "2017-06": {
            "month": "2017-06",
            "price": "46.97",
            "revenue": 1076822
        },
        "2017-07": {
            "month": "2017-07",
            "price": "46.59",
            "revenue": 1215286
        },
        "2017-08": {
            "month": "2017-08",
            "price": "46.68",
            "revenue": 1493919
        },
        "2017-09": {
            "month": "2017-09",
            "price": "46.51",
            "revenue": 1744906
        },
        "2017-10": {
            "month": "2017-10",
            "price": "45.87",
            "revenue": 1573165
        },
        "2017-11": {
            "month": "2017-11",
            "price": "44.62",
            "revenue": 1610697
        },
        "2017-12": {
            "month": "2017-12",
            "price": "45.53",
            "revenue": 1290002
        },
        "2018-01": {
            "month": "2018-01",
            "price": "44.72",
            "revenue": 1489867
        },
        "2018-02": {
            "month": "2018-02",
            "price": "44.20",
            "revenue": 1212901
        },
        "2018-03": {
            "month": "2018-03",
            "price": "44.92",
            "revenue": 1536581
        },
        "2018-04": {
            "month": "2018-04",
            "price": "44.67",
            "revenue": 1412554
        },
        "2018-05": {
            "month": "2018-05",
            "price": "44.17",
            "revenue": 1400832
        },
        "2018-06": {
            "month": "2018-06",
            "price": "44.20",
            "revenue": 1550559
        },
        "2018-07": {
            "month": "2018-07",
            "price": "42.09",
            "revenue": 1485072
        },
        "2018-08": {
            "month": "2018-08",
            "price": "43.80",
            "revenue": 1142138
        },
        "2018-09": {
            "month": "2018-09",
            "price": "44.95",
            "revenue": 785891
        },
        "2018-10": {
            "month": "2018-10",
            "price": "44.73",
            "revenue": 701206
        },
        "2018-11": {
            "month": "2018-11",
            "price": "44.90",
            "revenue": 1173903
        },
        "2018-12": {
            "month": "2018-12",
            "price": "44.78",
            "revenue": 988030
        },
        "2019-01": {
            "month": "2019-01",
            "price": "44.65",
            "revenue": 893031
        },
        "2019-02": {
            "month": "2019-02",
            "price": "44.49",
            "revenue": 846760
        },
        "2019-03": {
            "month": "2019-03",
            "price": "42.51",
            "revenue": 1361092
        },
        "2019-04": {
            "month": "2019-04",
            "price": "41.29",
            "revenue": 1147885
        },
        "2019-05": {
            "month": "2019-05",
            "price": "39.65",
            "revenue": 1009388
        },
        "2019-06": {
            "month": "2019-06",
            "price": "39.21",
            "revenue": 1032326
        },
        "2019-07": {
            "month": "2019-07",
            "price": "39.10",
            "revenue": 1103454
        },
        "2019-08": {
            "month": "2019-08",
            "price": "39.04",
            "revenue": 1170530
        },
        "2019-09": {
            "month": "2019-09",
            "price": "39.27",
            "revenue": 1220750
        },
        "2019-10": {
            "month": "2019-10",
            "price": "39.43",
            "revenue": 993827
        },
        "2019-11": {
            "month": "2019-11",
            "price": "39.42",
            "revenue": 765896
        },
        "2019-12": {
            "month": "2019-12",
            "price": "39.75",
            "revenue": 806018
        },
        "2020-01": {
            "month": "2020-01",
            "price": "40.78",
            "revenue": 800264
        },
        "2020-02": {
            "month": "2020-02",
            "price": "39.70",
            "revenue": 997018
        },
        "2020-03": {
            "month": "2020-03",
            "price": "38.42",
            "revenue": 1043013
        },
        "2020-04": {
            "month": "2020-04",
            "price": "39.03",
            "revenue": 744883
        },
        "2020-05": {
            "month": "2020-05",
            "price": "38.53",
            "revenue": 908224
        },
        "2020-06": {
            "month": "2020-06",
            "price": "38.92",
            "revenue": 992866
        },
        "2020-07": {
            "month": "2020-07",
            "price": "38.63",
            "revenue": 911201
        },
        "2020-08": {
            "month": "2020-08",
            "price": "38.58",
            "revenue": 978545
        },
        "2020-09": {
            "month": "2020-09",
            "price": "38.30",
            "revenue": 1033997
        },
        "2020-10": {
            "month": "2020-10",
            "price": "37.94",
            "revenue": 714706
        },
        "2020-11": {
            "month": "2020-11",
            "price": "37.37",
            "revenue": 848353
        },
        "2020-12": {
            "month": "2020-12",
            "price": "38.26",
            "revenue": 855610
        },
        "2021-01": {
            "month": "2021-01",
            "price": "37.45",
            "revenue": 1064279
        },
        "2021-02": {
            "month": "2021-02",
            "price": "36.96",
            "revenue": 694512
        },
        "2021-03": {
            "month": "2021-03",
            "price": "36.44",
            "revenue": 1305681
        },
        "2021-04": {
            "month": "2021-04",
            "price": "37.00",
            "revenue": 1175614
        },
        "2021-05": {
            "month": "2021-05",
            "price": "36.77",
            "revenue": 1488655
        },
        "2021-06": {
            "month": "2021-06",
            "price": "38.27",
            "revenue": 1539902
        },
        "2021-07": {
            "month": "2021-07",
            "price": "39.90",
            "revenue": 1685947
        },
        "2021-08": {
            "month": "2021-08",
            "price": "37.28",
            "revenue": 1676944
        },
        "2021-09": {
            "month": "2021-09",
            "price": "35.97",
            "revenue": 1726136
        },
        "2021-10": {
            "month": "2021-10",
            "price": "33.85",
            "revenue": 1668664
        },
        "2021-11": {
            "month": "2021-11",
            "price": "36.85",
            "revenue": 1545990
        },
        "2021-12": {
            "month": "2021-12",
            "price": "36.11",
            "revenue": 1240735
        },
        "2022-01": {
            "month": "2022-01",
            "price": "35.41",
            "revenue": 1248066
        },
        "2022-02": {
            "month": "2022-02",
            "price": "36.56",
            "revenue": 1188199
        },
        "2022-03": {
            "month": "2022-03",
            "price": "36.95",
            "revenue": 1598152
        },
        "2022-04": {
            "month": "2022-04",
            "price": "36.72",
            "revenue": 1443303
        },
        "2022-05": {
            "month": "2022-05",
            "price": "33.47",
            "revenue": 1343096
        },
        "2022-06": {
            "month": "2022-06",
            "price": "32.27",
            "revenue": 959702
        },
        "2022-07": {
            "month": "2022-07",
            "price": "31.77",
            "revenue": 728521
        },
        "2022-08": {
            "month": "2022-08",
            "price": "32.97",
            "revenue": 1087296
        },
        "2022-09": {
            "month": "2022-09",
            "price": "32.50",
            "revenue": 1028865
        },
        "2022-10": {
            "month": "2022-10",
            "price": "30.84",
            "revenue": 1215942
        },
        "2022-11": {
            "month": "2022-11",
            "price": "31.32",
            "revenue": 1259388
        },
        "2022-12": {
            "month": "2022-12",
            "price": "31.85",
            "revenue": 951288
        },
        "2023-01": {
            "month": "2023-01",
            "price": "31.94",
            "revenue": 793783
        },
        "2023-02": {
            "month": "2023-02",
            "price": "32.03",
            "revenue": 1215685
        },
        "2023-03": {
            "month": "2023-03",
            "price": "31.48",
            "revenue": 1141356
        },
        "2023-04": {
            "month": "2023-04",
            "price": "31.36",
            "revenue": 1085844
        },
        "2023-05": {
            "month": "2023-05",
            "price": "31.30",
            "revenue": 1032386
        }
    }
}
