{
    "summary": {
        "stock_name": "海光",
        "stock_id": "2038",
        "category": "鋼鐵",
        "main_business": "鋼筋製造買賣<br>鋼胚製造買賣",
        "website_url": "http://www.haikwang.com.tw",
        "ceo": "黃燦明",
        "pe_ratio": 65,
        "report_year_from": 2001,
        "report_year_to": 2023,
        "age": 23,
        "eps_negative_percentage": 35,
        "eps_growth_avg": {
            "last_all": -29.55,
            "last_2y": -9.72,
            "last_4y": -9.72,
            "last_8y": -44.62,
            "last_12y": -36.94,
            "last_16y": null,
            "last_20y": null,
            "at_2006_last_3y": null,
            "at_2007_last_3y": null,
            "at_2008_last_3y": null,
            "at_2009_last_3y": null,
            "at_2010_last_3y": null,
            "at_2011_last_3y": 33.33,
            "at_2012_last_3y": -24.14,
            "at_2013_last_3y": -24.14,
            "at_2014_last_3y": -24.14,
            "at_2015_last_3y": -86.21,
            "at_2016_last_3y": -100,
            "at_2017_last_3y": -93.94,
            "at_2018_last_3y": -96.97,
            "at_2019_last_3y": -96.97,
            "at_2020_last_3y": -96.97,
            "at_2021_last_3y": 0,
            "at_2022_last_3y": 22.92,
            "at_2023_last_3y": -9.72,
            "at_2024_last_3y": -9.72,
            "at_2006_last_all": null,
            "at_2007_last_all": null,
            "at_2008_last_all": null,
            "at_2009_last_all": 0,
            "at_2010_last_all": 0,
            "at_2011_last_all": 33.33,
            "at_2012_last_all": 6.9,
            "at_2013_last_all": -14.48,
            "at_2014_last_all": -14.48,
            "at_2015_last_all": -14.48,
            "at_2016_last_all": -14.48,
            "at_2017_last_all": -27.73,
            "at_2018_last_all": -38.05,
            "at_2019_last_all": -38.05,
            "at_2020_last_all": -38.05,
            "at_2021_last_all": -20.79,
            "at_2022_last_all": -24.5,
            "at_2023_last_all": -29.55,
            "at_2024_last_all": -29.55
        },
        "latest_eps": 0.28,
        "latest_price": 18.25,
        "latest_roe": 0.76,
        "latest_gross_margin": 2.57,
        "latest_equity": 3958645,
        "latest_revenue": 2595646,
        "latest_gross_profit": 66758,
        "latest_net_income": -32322,
        "latest_debt_ratio": 58.1,
        "latest_current_ratio": 100.51,
        "latest_account_receivable_turnover_ratio": 2.43,
        "latest_inventory_turnover_ratio": 1.07,
        "latest_reinvestment_rate": 133.43,
        "latest_research_to_sale_ratio": 0.02
    },
    "eps_dividends": {
        "2001": {
            "cash": 0,
            "stock": 0,
            "eps": 0
        },
        "2002": {
            "cash": 0,
            "stock": 0,
            "eps": 0
        },
        "2003": {
            "cash": 0,
            "stock": 0,
            "eps": 0
        },
        "2004": {
            "cash": 0.5,
            "stock": 0.3,
            "eps": 0
        },
        "2005": {
            "cash": 1,
            "stock": 0,
            "eps": 0
        },
        "2006": {
            "cash": 1,
            "stock": 0,
            "eps": 0
        },
        "2007": {
            "cash": 1,
            "stock": 0,
            "eps": 1.13
        },
        "2008": {
            "cash": 1.5,
            "stock": 0,
            "eps": 3.56
        },
        "2009": {
            "cash": 2,
            "stock": 0,
            "eps": -1.16
        },
        "2010": {
            "cash": 0,
            "stock": 0,
            "eps": 0.38
        },
        "2011": {
            "cash": 1.4000000000000001,
            "stock": 0,
            "eps": 1.45
        },
        "2012": {
            "cash": 0,
            "stock": 0,
            "eps": 0.4
        },
        "2013": {
            "cash": 0.28,
            "stock": 0,
            "eps": -0.38
        },
        "2014": {
            "cash": 0,
            "stock": 0,
            "eps": -0.89
        },
        "2015": {
            "cash": 0,
            "stock": 0,
            "eps": -1.16
        },
        "2016": {
            "cash": 0,
            "stock": 0,
            "eps": 0.66
        },
        "2017": {
            "cash": 0,
            "stock": 0.5,
            "eps": 0.04
        },
        "2018": {
            "cash": 0,
            "stock": 0,
            "eps": -1.09
        },
        "2019": {
            "cash": 0,
            "stock": 0,
            "eps": -1.41
        },
        "2020": {
            "cash": 0,
            "stock": 0,
            "eps": 0.87
        },
        "2021": {
            "cash": 0.5,
            "stock": 0,
            "eps": 2.53
        },
        "2022": {
            "cash": 1.5,
            "stock": 0,
            "eps": 1.16
        },
        "2023": {
            "cash": 0,
            "stock": 0.5,
            "eps": 0.29
        }
    },
    "dividends": {
        "2004-04-23": {
            "cash": 0.5,
            "stock": 0.3
        },
        "2005-04-20": {
            "cash": 1,
            "stock": 0
        },
        "2006-04-26": {
            "cash": 1,
            "stock": 0
        },
        "2007-04-13": {
            "cash": 1,
            "stock": 0
        },
        "2008-03-19": {
            "cash": 1.5,
            "stock": 0
        },
        "2009-04-14": {
            "cash": 2,
            "stock": 0
        },
        "2011-01-01": {
            "cash": 1.1,
            "stock": 0
        },
        "2011-04-28": {
            "cash": 0.3,
            "stock": 0
        },
        "2013-03-15": {
            "cash": 0.28,
            "stock": 0
        },
        "2017-02-16": {
            "cash": 0,
            "stock": 0.5
        },
        "2021-09-15": {
            "cash": 0.5,
            "stock": 0
        },
        "2022-09-16": {
            "cash": 1.5,
            "stock": 0
        },
        "2023-03-24": {
            "cash": 0,
            "stock": 0.5
        }
    },
    "prices": {
        "200101": "無",
        "200102": "無",
        "200103": "無",
        "200104": "無",
        "200105": "無",
        "200106": "無",
        "200107": "無",
        "200108": "無",
        "200109": "無",
        "200110": "無",
        "200111": "無",
        "200112": "無",
        "200201": "無",
        "200202": "無",
        "200203": "無",
        "200204": "無",
        "200205": "無",
        "200206": "無",
        "200207": "無",
        "200208": "無",
        "200209": "無",
        "200210": "無",
        "200211": "無",
        "200212": "無",
        "200301": "無",
        "200302": "無",
        "200303": "無",
        "200304": "無",
        "200305": "無",
        "200306": "無",
        "200307": "無",
        "200308": "無",
        "200309": "無",
        "200310": "無",
        "200311": "無",
        "200312": "無",
        "200401": "無",
        "200402": "無",
        "200403": "無",
        "200404": "無",
        "200405": "無",
        "200406": "無",
        "200407": "無",
        "200408": "無",
        "200409": "無",
        "200410": "無",
        "200411": "無",
        "200412": "無",
        "200501": "無",
        "200502": "無",
        "200503": "無",
        "200504": "無",
        "200505": "無",
        "200506": "無",
        "200507": "無",
        "200508": "無",
        "200509": "無",
        "200510": "無",
        "200511": "無",
        "200512": "無",
        "200601": "無",
        "200602": "無",
        "200603": "無",
        "200604": "無",
        "200605": "無",
        "200606": "無",
        "200607": "無",
        "200608": "無",
        "200609": "無",
        "200610": "無",
        "200611": "無",
        "200612": "無",
        "200701": "無",
        "200702": "無",
        "200703": "無",
        "200704": "無",
        "200705": "無",
        "200706": "無",
        "200707": "無",
        "200708": "無",
        "200709": "23.29",
        "200710": "22.42",
        "200711": "17.76",
        "200712": "19.37",
        "200801": "19.03",
        "200802": "21.77",
        "200803": "24.02",
        "200804": "25.54",
        "200805": "37.37",
        "200806": "30.83",
        "200807": "27.28",
        "200808": "24.20",
        "200809": "21.47",
        "200810": "15.58",
        "200811": "16.61",
        "200812": "20.68",
        "200901": "21.74",
        "200902": "18.68",
        "200903": "17.90",
        "200904": "21.53",
        "200905": "21.69",
        "200906": "24.10",
        "200907": "20.97",
        "200908": "20.70",
        "200909": "19.69",
        "200910": "18.73",
        "200911": "18.04",
        "200912": "19.51",
        "201001": "21.43",
        "201002": "19.31",
        "201003": "20.04",
        "201004": "21.50",
        "201005": "17.25",
        "201006": "15.60",
        "201007": "15.97",
        "201008": "16.45",
        "201009": "15.87",
        "201010": "15.37",
        "201011": "14.49",
        "201012": "15.57",
        "201101": "17.85",
        "201102": "17.66",
        "201103": "16.34",
        "201104": "16.45",
        "201105": "16.99",
        "201106": "15.95",
        "201107": "15.55",
        "201108": "15.07",
        "201109": "15.24",
        "201110": "14.83",
        "201111": "14.03",
        "201112": "13.47",
        "201201": "13.28",
        "201202": "14.49",
        "201203": "14.67",
        "201204": "14.10",
        "201205": "13.80",
        "201206": "13.29",
        "201207": "10.79",
        "201208": "10.49",
        "201209": "10.80",
        "201210": "10.29",
        "201211": "9.51",
        "201212": "10.38",
        "201301": "11.35",
        "201302": "10.83",
        "201303": "10.34",
        "201304": "10.12",
        "201305": "10.32",
        "201306": "10.17",
        "201307": "10.16",
        "201308": "9.78",
        "201309": "9.74",
        "201310": "9.70",
        "201311": "9.19",
        "201312": "9.29",
        "201401": "9.62",
        "201402": "9.44",
        "201403": "9.28",
        "201404": "9.26",
        "201405": "9.16",
        "201406": "9.08",
        "201407": "9.07",
        "201408": "9.44",
        "201409": "9.64",
        "201410": "8.36",
        "201411": "7.86",
        "201412": "8.10",
        "201501": "8.19",
        "201502": "8.13",
        "201503": "7.93",
        "201504": "7.82",
        "201505": "7.57",
        "201506": "6.83",
        "201507": "6.30",
        "201508": "5.59",
        "201509": "5.64",
        "201510": "5.90",
        "201511": "5.66",
        "201512": "5.55",
        "201601": "5.82",
        "201602": "6.09",
        "201603": "6.35",
        "201604": "6.28",
        "201605": "6.04",
        "201606": "5.99",
        "201607": "6.10",
        "201608": "6.22",
        "201609": "6.25",
        "201610": "6.31",
        "201611": "6.70",
        "201612": "7.01",
        "201701": "6.76",
        "201702": "7.41",
        "201703": "8.37",
        "201704": "8.25",
        "201705": "7.80",
        "201706": "8.03",
        "201707": "8.09",
        "201708": "8.19",
        "201709": "7.95",
        "201710": "7.93",
        "201711": "7.80",
        "201712": "7.86",
        "201801": "10.62",
        "201802": "12.07",
        "201803": "12.85",
        "201804": "13.30",
        "201805": "12.36",
        "201806": "11.94",
        "201807": "10.63",
        "201808": "10.53",
        "201809": "10.13",
        "201810": "9.12",
        "201811": "8.49",
        "201812": "8.04",
        "201901": "7.94",
        "201902": "8.18",
        "201903": "8.18",
        "201904": "7.86",
        "201905": "7.62",
        "201906": "7.45",
        "201907": "7.30",
        "201908": "7.12",
        "201909": "7.39",
        "201910": "7.40",
        "201911": "7.15",
        "201912": "7.20",
        "202001": "7.09",
        "202002": "6.92",
        "202003": "5.67",
        "202004": "5.44",
        "202005": "6.43",
        "202006": "7.17",
        "202007": "7.22",
        "202008": "7.86",
        "202009": "10.22",
        "202010": "9.82",
        "202011": "10.68",
        "202012": "17.05",
        "202101": "19.06",
        "202102": "17.02",
        "202103": "18.22",
        "202104": "28.01",
        "202105": "31.78",
        "202106": "49.97",
        "202107": "52.45",
        "202108": "42.72",
        "202109": "37.61",
        "202110": "33.28",
        "202111": "34.39",
        "202112": "35.70",
        "202201": "31.78",
        "202202": "31.96",
        "202203": "33.71",
        "202204": "32.81",
        "202205": "26.54",
        "202206": "23.27",
        "202207": "20.31",
        "202208": "22.64",
        "202209": "20.88",
        "202210": "18.32",
        "202211": "19.06",
        "202212": "21.28",
        "202301": "22.28",
        "202302": "23.02",
        "202303": "22.44",
        "202304": "21.33",
        "202305": "19.99",
        "202306": "20.24",
        "202307": "19.44",
        "202308": "18.93",
        "202309": "18.02",
        "202310": "17.13",
        "202311": "17.60",
        "202312": "20.19"
    },
    "quarters": {
        "20011": {
            "year_quarter": 20011,
            "year": 2001,
            "quarter": 1,
            "eps": null,
            "eps_growth_year": null,
            "eps_4q": null,
            "eps_4q_growth_year": null,
            "roe": null,
            "roe_4q": 0,
            "gross_profit": null,
            "gross_margin": null,
            "gross_margin_4q_avg": 0,
            "net_income": null,
            "net_income_4q": null,
            "revenue": null,
            "revenue_4q": null,
            "common_shares": null,
            "book_valuer_per_share": null,
            "book_valuer_per_share_4q_avg": 0,
            "equity": null,
            "current_ratio": null,
            "debt_ratio": null,
            "inventory_turnover_ratio": null,
            "account_receivable_turnover_ratio": null,
            "reinvestment_rate": null,
            "research_to_sale_ratio": null,
            "price_fair": 0,
            "eps_avg_yearly": 0,
            "eps_latest_yearly": 0,
            "eps_growth_yearly": 0
        },
        "20012": {
            "year_quarter": 20012,
            "year": 2001,
            "quarter": 2,
            "eps": null,
            "eps_growth_year": null,
            "eps_4q": null,
            "eps_4q_growth_year": null,
            "roe": null,
            "roe_4q": 0,
            "gross_profit": null,
            "gross_margin": null,
            "gross_margin_4q_avg": 0,
            "net_income": null,
            "net_income_4q": null,
            "revenue": null,
            "revenue_4q": null,
            "common_shares": null,
            "book_valuer_per_share": null,
            "book_valuer_per_share_4q_avg": 0,
            "equity": null,
            "current_ratio": null,
            "debt_ratio": null,
            "inventory_turnover_ratio": null,
            "account_receivable_turnover_ratio": null,
            "reinvestment_rate": null,
            "research_to_sale_ratio": null,
            "price_fair": 0,
            "eps_avg_yearly": 0,
            "eps_latest_yearly": 0,
            "eps_growth_yearly": 0
        },
        "20013": {
            "year_quarter": 20013,
            "year": 2001,
            "quarter": 3,
            "eps": null,
            "eps_growth_year": null,
            "eps_4q": null,
            "eps_4q_growth_year": null,
            "roe": null,
            "roe_4q": 0,
            "gross_profit": null,
            "gross_margin": null,
            "gross_margin_4q_avg": 0,
            "net_income": null,
            "net_income_4q": null,
            "revenue": null,
            "revenue_4q": null,
            "common_shares": null,
            "book_valuer_per_share": null,
            "book_valuer_per_share_4q_avg": 0,
            "equity": null,
            "current_ratio": null,
            "debt_ratio": null,
            "inventory_turnover_ratio": null,
            "account_receivable_turnover_ratio": null,
            "reinvestment_rate": null,
            "research_to_sale_ratio": null,
            "price_fair": 0,
            "eps_avg_yearly": 0,
            "eps_latest_yearly": 0,
            "eps_growth_yearly": 0
        },
        "20014": {
            "year_quarter": 20014,
            "year": 2001,
            "quarter": 4,
            "eps": null,
            "eps_growth_year": null,
            "eps_4q": null,
            "eps_4q_growth_year": null,
            "roe": null,
            "roe_4q": 0,
            "gross_profit": null,
            "gross_margin": null,
            "gross_margin_4q_avg": 0,
            "net_income": null,
            "net_income_4q": null,
            "revenue": null,
            "revenue_4q": null,
            "common_shares": 1371500,
            "book_valuer_per_share": 10.76,
            "book_valuer_per_share_4q_avg": 2.69,
            "equity": 1476108,
            "current_ratio": 54,
            "debt_ratio": 68.25,
            "inventory_turnover_ratio": null,
            "account_receivable_turnover_ratio": null,
            "reinvestment_rate": null,
            "research_to_sale_ratio": null,
            "price_fair": 0,
            "eps_avg_yearly": 0,
            "eps_latest_yearly": 0,
            "eps_growth_yearly": 0
        },
        "20021": {
            "year_quarter": 20021,
            "year": 2002,
            "quarter": 1,
            "eps": null,
            "eps_growth_year": null,
            "eps_4q": null,
            "eps_4q_growth_year": null,
            "roe": null,
            "roe_4q": 0,
            "gross_profit": null,
            "gross_margin": null,
            "gross_margin_4q_avg": 0,
            "net_income": null,
            "net_income_4q": null,
            "revenue": null,
            "revenue_4q": null,
            "common_shares": null,
            "book_valuer_per_share": null,
            "book_valuer_per_share_4q_avg": 2.69,
            "equity": null,
            "current_ratio": null,
            "debt_ratio": null,
            "inventory_turnover_ratio": null,
            "account_receivable_turnover_ratio": null,
            "reinvestment_rate": null,
            "research_to_sale_ratio": null,
            "price_fair": 0,
            "eps_avg_yearly": 0,
            "eps_latest_yearly": 0,
            "eps_growth_yearly": 0
        },
        "20022": {
            "year_quarter": 20022,
            "year": 2002,
            "quarter": 2,
            "eps": null,
            "eps_growth_year": null,
            "eps_4q": null,
            "eps_4q_growth_year": null,
            "roe": null,
            "roe_4q": 0,
            "gross_profit": null,
            "gross_margin": null,
            "gross_margin_4q_avg": 0,
            "net_income": null,
            "net_income_4q": null,
            "revenue": null,
            "revenue_4q": null,
            "common_shares": null,
            "book_valuer_per_share": null,
            "book_valuer_per_share_4q_avg": 2.69,
            "equity": null,
            "current_ratio": null,
            "debt_ratio": null,
            "inventory_turnover_ratio": null,
            "account_receivable_turnover_ratio": null,
            "reinvestment_rate": null,
            "research_to_sale_ratio": null,
            "price_fair": 0,
            "eps_avg_yearly": 0,
            "eps_latest_yearly": 0,
            "eps_growth_yearly": 0
        },
        "20023": {
            "year_quarter": 20023,
            "year": 2002,
            "quarter": 3,
            "eps": null,
            "eps_growth_year": null,
            "eps_4q": null,
            "eps_4q_growth_year": null,
            "roe": null,
            "roe_4q": 0,
            "gross_profit": null,
            "gross_margin": null,
            "gross_margin_4q_avg": 0,
            "net_income": null,
            "net_income_4q": null,
            "revenue": null,
            "revenue_4q": null,
            "common_shares": null,
            "book_valuer_per_share": null,
            "book_valuer_per_share_4q_avg": 2.69,
            "equity": null,
            "current_ratio": null,
            "debt_ratio": null,
            "inventory_turnover_ratio": null,
            "account_receivable_turnover_ratio": null,
            "reinvestment_rate": null,
            "research_to_sale_ratio": null,
            "price_fair": 0,
            "eps_avg_yearly": 0,
            "eps_latest_yearly": 0,
            "eps_growth_yearly": 0
        },
        "20024": {
            "year_quarter": 20024,
            "year": 2002,
            "quarter": 4,
            "eps": null,
            "eps_growth_year": null,
            "eps_4q": null,
            "eps_4q_growth_year": null,
            "roe": null,
            "roe_4q": 0,
            "gross_profit": null,
            "gross_margin": null,
            "gross_margin_4q_avg": 0,
            "net_income": null,
            "net_income_4q": null,
            "revenue": null,
            "revenue_4q": null,
            "common_shares": 1371500,
            "book_valuer_per_share": 11.77,
            "book_valuer_per_share_4q_avg": 2.94,
            "equity": 1614519,
            "current_ratio": 66.25,
            "debt_ratio": 69.05,
            "inventory_turnover_ratio": null,
            "account_receivable_turnover_ratio": null,
            "reinvestment_rate": null,
            "research_to_sale_ratio": null,
            "price_fair": 0,
            "eps_avg_yearly": 0,
            "eps_latest_yearly": 0,
            "eps_growth_yearly": 0
        },
        "20031": {
            "year_quarter": 20031,
            "year": 2003,
            "quarter": 1,
            "eps": null,
            "eps_growth_year": null,
            "eps_4q": null,
            "eps_4q_growth_year": null,
            "roe": null,
            "roe_4q": 0,
            "gross_profit": null,
            "gross_margin": null,
            "gross_margin_4q_avg": 0,
            "net_income": null,
            "net_income_4q": null,
            "revenue": null,
            "revenue_4q": null,
            "common_shares": null,
            "book_valuer_per_share": null,
            "book_valuer_per_share_4q_avg": 2.94,
            "equity": null,
            "current_ratio": null,
            "debt_ratio": null,
            "inventory_turnover_ratio": null,
            "account_receivable_turnover_ratio": null,
            "reinvestment_rate": null,
            "research_to_sale_ratio": null,
            "price_fair": 0,
            "eps_avg_yearly": 0,
            "eps_latest_yearly": 0,
            "eps_growth_yearly": 0
        },
        "20032": {
            "year_quarter": 20032,
            "year": 2003,
            "quarter": 2,
            "eps": null,
            "eps_growth_year": null,
            "eps_4q": null,
            "eps_4q_growth_year": null,
            "roe": null,
            "roe_4q": 0,
            "gross_profit": null,
            "gross_margin": null,
            "gross_margin_4q_avg": 0,
            "net_income": null,
            "net_income_4q": null,
            "revenue": null,
            "revenue_4q": null,
            "common_shares": null,
            "book_valuer_per_share": null,
            "book_valuer_per_share_4q_avg": 2.94,
            "equity": null,
            "current_ratio": null,
            "debt_ratio": null,
            "inventory_turnover_ratio": null,
            "account_receivable_turnover_ratio": null,
            "reinvestment_rate": null,
            "research_to_sale_ratio": null,
            "price_fair": 0,
            "eps_avg_yearly": 0,
            "eps_latest_yearly": 0,
            "eps_growth_yearly": 0
        },
        "20033": {
            "year_quarter": 20033,
            "year": 2003,
            "quarter": 3,
            "eps": null,
            "eps_growth_year": null,
            "eps_4q": null,
            "eps_4q_growth_year": null,
            "roe": null,
            "roe_4q": 0,
            "gross_profit": null,
            "gross_margin": null,
            "gross_margin_4q_avg": 0,
            "net_income": null,
            "net_income_4q": null,
            "revenue": null,
            "revenue_4q": null,
            "common_shares": null,
            "book_valuer_per_share": null,
            "book_valuer_per_share_4q_avg": 2.94,
            "equity": null,
            "current_ratio": null,
            "debt_ratio": null,
            "inventory_turnover_ratio": null,
            "account_receivable_turnover_ratio": null,
            "reinvestment_rate": null,
            "research_to_sale_ratio": null,
            "price_fair": 0,
            "eps_avg_yearly": 0,
            "eps_latest_yearly": 0,
            "eps_growth_yearly": 0
        },
        "20034": {
            "year_quarter": 20034,
            "year": 2003,
            "quarter": 4,
            "eps": null,
            "eps_growth_year": null,
            "eps_4q": null,
            "eps_4q_growth_year": null,
            "roe": null,
            "roe_4q": 0,
            "gross_profit": null,
            "gross_margin": null,
            "gross_margin_4q_avg": 0,
            "net_income": null,
            "net_income_4q": null,
            "revenue": null,
            "revenue_4q": null,
            "common_shares": 1380000,
            "book_valuer_per_share": 12.92,
            "book_valuer_per_share_4q_avg": 3.23,
            "equity": 1782593,
            "current_ratio": 73.87,
            "debt_ratio": 69.08,
            "inventory_turnover_ratio": null,
            "account_receivable_turnover_ratio": null,
            "reinvestment_rate": null,
            "research_to_sale_ratio": null,
            "price_fair": 0,
            "eps_avg_yearly": 0,
            "eps_latest_yearly": 0,
            "eps_growth_yearly": 0
        },
        "20041": {
            "year_quarter": 20041,
            "year": 2004,
            "quarter": 1,
            "eps": null,
            "eps_growth_year": null,
            "eps_4q": null,
            "eps_4q_growth_year": null,
            "roe": null,
            "roe_4q": 0,
            "gross_profit": null,
            "gross_margin": null,
            "gross_margin_4q_avg": 0,
            "net_income": null,
            "net_income_4q": null,
            "revenue": null,
            "revenue_4q": null,
            "common_shares": null,
            "book_valuer_per_share": null,
            "book_valuer_per_share_4q_avg": 3.23,
            "equity": null,
            "current_ratio": null,
            "debt_ratio": null,
            "inventory_turnover_ratio": null,
            "account_receivable_turnover_ratio": null,
            "reinvestment_rate": null,
            "research_to_sale_ratio": null,
            "price_fair": 0,
            "eps_avg_yearly": 0,
            "eps_latest_yearly": 0,
            "eps_growth_yearly": 0
        },
        "20042": {
            "year_quarter": 20042,
            "year": 2004,
            "quarter": 2,
            "eps": null,
            "eps_growth_year": null,
            "eps_4q": null,
            "eps_4q_growth_year": null,
            "roe": null,
            "roe_4q": 0,
            "gross_profit": null,
            "gross_margin": null,
            "gross_margin_4q_avg": 0,
            "net_income": null,
            "net_income_4q": null,
            "revenue": null,
            "revenue_4q": null,
            "common_shares": null,
            "book_valuer_per_share": null,
            "book_valuer_per_share_4q_avg": 3.23,
            "equity": null,
            "current_ratio": null,
            "debt_ratio": null,
            "inventory_turnover_ratio": null,
            "account_receivable_turnover_ratio": null,
            "reinvestment_rate": null,
            "research_to_sale_ratio": null,
            "price_fair": 0,
            "eps_avg_yearly": 0,
            "eps_latest_yearly": 0,
            "eps_growth_yearly": 0
        },
        "20043": {
            "year_quarter": 20043,
            "year": 2004,
            "quarter": 3,
            "eps": null,
            "eps_growth_year": null,
            "eps_4q": null,
            "eps_4q_growth_year": null,
            "roe": null,
            "roe_4q": 0,
            "gross_profit": null,
            "gross_margin": null,
            "gross_margin_4q_avg": 0,
            "net_income": null,
            "net_income_4q": null,
            "revenue": null,
            "revenue_4q": null,
            "common_shares": null,
            "book_valuer_per_share": null,
            "book_valuer_per_share_4q_avg": 3.23,
            "equity": null,
            "current_ratio": null,
            "debt_ratio": null,
            "inventory_turnover_ratio": null,
            "account_receivable_turnover_ratio": null,
            "reinvestment_rate": null,
            "research_to_sale_ratio": null,
            "price_fair": 0,
            "eps_avg_yearly": 0,
            "eps_latest_yearly": 0,
            "eps_growth_yearly": 0
        },
        "20044": {
            "year_quarter": 20044,
            "year": 2004,
            "quarter": 4,
            "eps": null,
            "eps_growth_year": null,
            "eps_4q": null,
            "eps_4q_growth_year": null,
            "roe": null,
            "roe_4q": 0,
            "gross_profit": null,
            "gross_margin": null,
            "gross_margin_4q_avg": 0,
            "net_income": null,
            "net_income_4q": null,
            "revenue": null,
            "revenue_4q": null,
            "common_shares": 1380000,
            "book_valuer_per_share": 14.83,
            "book_valuer_per_share_4q_avg": 3.71,
            "equity": 2046967,
            "current_ratio": 108.9,
            "debt_ratio": 65.51,
            "inventory_turnover_ratio": null,
            "account_receivable_turnover_ratio": null,
            "reinvestment_rate": null,
            "research_to_sale_ratio": null,
            "price_fair": 0,
            "eps_avg_yearly": 0,
            "eps_latest_yearly": 0,
            "eps_growth_yearly": 0
        },
        "20051": {
            "year_quarter": 20051,
            "year": 2005,
            "quarter": 1,
            "eps": null,
            "eps_growth_year": null,
            "eps_4q": null,
            "eps_4q_growth_year": null,
            "roe": null,
            "roe_4q": 0,
            "gross_profit": null,
            "gross_margin": null,
            "gross_margin_4q_avg": 0,
            "net_income": null,
            "net_income_4q": null,
            "revenue": null,
            "revenue_4q": null,
            "common_shares": null,
            "book_valuer_per_share": null,
            "book_valuer_per_share_4q_avg": 3.71,
            "equity": null,
            "current_ratio": null,
            "debt_ratio": null,
            "inventory_turnover_ratio": null,
            "account_receivable_turnover_ratio": null,
            "reinvestment_rate": null,
            "research_to_sale_ratio": null,
            "price_fair": 0,
            "eps_avg_yearly": 0,
            "eps_latest_yearly": 0,
            "eps_growth_yearly": 0
        },
        "20052": {
            "year_quarter": 20052,
            "year": 2005,
            "quarter": 2,
            "eps": null,
            "eps_growth_year": null,
            "eps_4q": null,
            "eps_4q_growth_year": null,
            "roe": null,
            "roe_4q": 0,
            "gross_profit": null,
            "gross_margin": null,
            "gross_margin_4q_avg": 0,
            "net_income": null,
            "net_income_4q": null,
            "revenue": null,
            "revenue_4q": null,
            "common_shares": null,
            "book_valuer_per_share": null,
            "book_valuer_per_share_4q_avg": 3.71,
            "equity": null,
            "current_ratio": null,
            "debt_ratio": null,
            "inventory_turnover_ratio": null,
            "account_receivable_turnover_ratio": null,
            "reinvestment_rate": null,
            "research_to_sale_ratio": null,
            "price_fair": 0,
            "eps_avg_yearly": 0,
            "eps_latest_yearly": 0,
            "eps_growth_yearly": 0
        },
        "20053": {
            "year_quarter": 20053,
            "year": 2005,
            "quarter": 3,
            "eps": null,
            "eps_growth_year": null,
            "eps_4q": null,
            "eps_4q_growth_year": null,
            "roe": null,
            "roe_4q": 0,
            "gross_profit": null,
            "gross_margin": null,
            "gross_margin_4q_avg": 0,
            "net_income": null,
            "net_income_4q": null,
            "revenue": null,
            "revenue_4q": null,
            "common_shares": null,
            "book_valuer_per_share": null,
            "book_valuer_per_share_4q_avg": 3.71,
            "equity": null,
            "current_ratio": null,
            "debt_ratio": null,
            "inventory_turnover_ratio": null,
            "account_receivable_turnover_ratio": null,
            "reinvestment_rate": null,
            "research_to_sale_ratio": null,
            "price_fair": 0,
            "eps_avg_yearly": 0,
            "eps_latest_yearly": 0,
            "eps_growth_yearly": 0
        },
        "20054": {
            "year_quarter": 20054,
            "year": 2005,
            "quarter": 4,
            "eps": null,
            "eps_growth_year": null,
            "eps_4q": null,
            "eps_4q_growth_year": null,
            "roe": null,
            "roe_4q": 0,
            "gross_profit": null,
            "gross_margin": null,
            "gross_margin_4q_avg": 0,
            "net_income": null,
            "net_income_4q": null,
            "revenue": null,
            "revenue_4q": null,
            "common_shares": 1380000,
            "book_valuer_per_share": 15.41,
            "book_valuer_per_share_4q_avg": 3.85,
            "equity": 2125997,
            "current_ratio": 116.76,
            "debt_ratio": 63.71,
            "inventory_turnover_ratio": null,
            "account_receivable_turnover_ratio": null,
            "reinvestment_rate": null,
            "research_to_sale_ratio": null,
            "price_fair": 0,
            "eps_avg_yearly": 0,
            "eps_latest_yearly": 0,
            "eps_growth_yearly": 0
        },
        "20061": {
            "year_quarter": 20061,
            "year": 2006,
            "quarter": 1,
            "eps": null,
            "eps_growth_year": null,
            "eps_4q": null,
            "eps_4q_growth_year": null,
            "roe": null,
            "roe_4q": 0,
            "gross_profit": null,
            "gross_margin": null,
            "gross_margin_4q_avg": 0,
            "net_income": null,
            "net_income_4q": null,
            "revenue": null,
            "revenue_4q": null,
            "common_shares": null,
            "book_valuer_per_share": null,
            "book_valuer_per_share_4q_avg": 3.85,
            "equity": null,
            "current_ratio": null,
            "debt_ratio": null,
            "inventory_turnover_ratio": null,
            "account_receivable_turnover_ratio": null,
            "reinvestment_rate": null,
            "research_to_sale_ratio": null,
            "price_fair": 0,
            "eps_avg_yearly": 0,
            "eps_latest_yearly": 0,
            "eps_growth_yearly": 0
        },
        "20062": {
            "year_quarter": 20062,
            "year": 2006,
            "quarter": 2,
            "eps": null,
            "eps_growth_year": null,
            "eps_4q": null,
            "eps_4q_growth_year": null,
            "roe": null,
            "roe_4q": 0,
            "gross_profit": null,
            "gross_margin": null,
            "gross_margin_4q_avg": 0,
            "net_income": null,
            "net_income_4q": null,
            "revenue": null,
            "revenue_4q": null,
            "common_shares": null,
            "book_valuer_per_share": null,
            "book_valuer_per_share_4q_avg": 3.85,
            "equity": null,
            "current_ratio": null,
            "debt_ratio": null,
            "inventory_turnover_ratio": null,
            "account_receivable_turnover_ratio": null,
            "reinvestment_rate": null,
            "research_to_sale_ratio": null,
            "price_fair": 0,
            "eps_avg_yearly": 0,
            "eps_latest_yearly": 0,
            "eps_growth_yearly": 0
        },
        "20063": {
            "year_quarter": 20063,
            "year": 2006,
            "quarter": 3,
            "eps": null,
            "eps_growth_year": null,
            "eps_4q": null,
            "eps_4q_growth_year": null,
            "roe": null,
            "roe_4q": 0,
            "gross_profit": null,
            "gross_margin": null,
            "gross_margin_4q_avg": 0,
            "net_income": null,
            "net_income_4q": null,
            "revenue": null,
            "revenue_4q": null,
            "common_shares": null,
            "book_valuer_per_share": null,
            "book_valuer_per_share_4q_avg": 3.85,
            "equity": null,
            "current_ratio": null,
            "debt_ratio": null,
            "inventory_turnover_ratio": null,
            "account_receivable_turnover_ratio": null,
            "reinvestment_rate": null,
            "research_to_sale_ratio": null,
            "price_fair": 0,
            "eps_avg_yearly": 0,
            "eps_latest_yearly": 0,
            "eps_growth_yearly": 0
        },
        "20064": {
            "year_quarter": 20064,
            "year": 2006,
            "quarter": 4,
            "eps": null,
            "eps_growth_year": null,
            "eps_4q": null,
            "eps_4q_growth_year": null,
            "roe": null,
            "roe_4q": 0,
            "gross_profit": null,
            "gross_margin": null,
            "gross_margin_4q_avg": 0,
            "net_income": null,
            "net_income_4q": null,
            "revenue": null,
            "revenue_4q": null,
            "common_shares": 1380000,
            "book_valuer_per_share": 16.98,
            "book_valuer_per_share_4q_avg": 4.25,
            "equity": 2342560,
            "current_ratio": 152.54,
            "debt_ratio": 63.8,
            "inventory_turnover_ratio": null,
            "account_receivable_turnover_ratio": null,
            "reinvestment_rate": null,
            "research_to_sale_ratio": null,
            "price_fair": 0,
            "eps_avg_yearly": 0,
            "eps_latest_yearly": 0,
            "eps_growth_yearly": 0
        },
        "20071": {
            "year_quarter": 20071,
            "year": 2007,
            "quarter": 1,
            "eps": null,
            "eps_growth_year": null,
            "eps_4q": null,
            "eps_4q_growth_year": null,
            "roe": null,
            "roe_4q": 0,
            "gross_profit": null,
            "gross_margin": null,
            "gross_margin_4q_avg": 0,
            "net_income": null,
            "net_income_4q": null,
            "revenue": null,
            "revenue_4q": null,
            "common_shares": null,
            "book_valuer_per_share": null,
            "book_valuer_per_share_4q_avg": 4.25,
            "equity": null,
            "current_ratio": null,
            "debt_ratio": null,
            "inventory_turnover_ratio": null,
            "account_receivable_turnover_ratio": null,
            "reinvestment_rate": null,
            "research_to_sale_ratio": null,
            "price_fair": 0,
            "eps_avg_yearly": 0,
            "eps_latest_yearly": 0,
            "eps_growth_yearly": 0
        },
        "20072": {
            "year_quarter": 20072,
            "year": 2007,
            "quarter": 2,
            "eps": null,
            "eps_growth_year": null,
            "eps_4q": null,
            "eps_4q_growth_year": null,
            "roe": null,
            "roe_4q": 0,
            "gross_profit": null,
            "gross_margin": null,
            "gross_margin_4q_avg": 0,
            "net_income": null,
            "net_income_4q": null,
            "revenue": null,
            "revenue_4q": null,
            "common_shares": null,
            "book_valuer_per_share": null,
            "book_valuer_per_share_4q_avg": 4.25,
            "equity": null,
            "current_ratio": null,
            "debt_ratio": null,
            "inventory_turnover_ratio": null,
            "account_receivable_turnover_ratio": null,
            "reinvestment_rate": null,
            "research_to_sale_ratio": null,
            "price_fair": 0,
            "eps_avg_yearly": 0,
            "eps_latest_yearly": 0,
            "eps_growth_yearly": 0
        },
        "20073": {
            "year_quarter": 20073,
            "year": 2007,
            "quarter": 3,
            "eps": 0.23,
            "eps_growth_year": null,
            "eps_4q": null,
            "eps_4q_growth_year": null,
            "roe": 1.26,
            "roe_4q": 1.26,
            "gross_profit": 111262,
            "gross_margin": 3.61,
            "gross_margin_4q_avg": 0.9,
            "net_income": 31269,
            "net_income_4q": null,
            "revenue": 3081572,
            "revenue_4q": null,
            "common_shares": 1380000,
            "book_valuer_per_share": 17.91,
            "book_valuer_per_share_4q_avg": 8.72,
            "equity": 2472054,
            "current_ratio": 134.34,
            "debt_ratio": 65.34,
            "inventory_turnover_ratio": 1.51,
            "account_receivable_turnover_ratio": null,
            "reinvestment_rate": null,
            "research_to_sale_ratio": null,
            "price_fair": 0,
            "eps_avg_yearly": 0,
            "eps_latest_yearly": 0,
            "eps_growth_yearly": 0
        },
        "20074": {
            "year_quarter": 20074,
            "year": 2007,
            "quarter": 4,
            "eps": 0.9,
            "eps_growth_year": null,
            "eps_4q": null,
            "eps_4q_growth_year": null,
            "roe": 4.89,
            "roe_4q": 6.1499999999999995,
            "gross_profit": 326430,
            "gross_margin": 7.58,
            "gross_margin_4q_avg": 2.8,
            "net_income": 123957,
            "net_income_4q": null,
            "revenue": 4304087,
            "revenue_4q": null,
            "common_shares": 1380000,
            "book_valuer_per_share": 18.85,
            "book_valuer_per_share_4q_avg": 9.19,
            "equity": 2601652,
            "current_ratio": 146.54,
            "debt_ratio": 64.36,
            "inventory_turnover_ratio": 2.14,
            "account_receivable_turnover_ratio": null,
            "reinvestment_rate": null,
            "research_to_sale_ratio": null,
            "price_fair": 126,
            "eps_avg_yearly": 3.6,
            "eps_latest_yearly": 3.6,
            "eps_growth_yearly": 1165.22
        },
        "20081": {
            "year_quarter": 20081,
            "year": 2008,
            "quarter": 1,
            "eps": 1.3,
            "eps_growth_year": null,
            "eps_4q": null,
            "eps_4q_growth_year": null,
            "roe": 6.68,
            "roe_4q": 12.83,
            "gross_profit": 467412,
            "gross_margin": 9.92,
            "gross_margin_4q_avg": 5.28,
            "net_income": 179895,
            "net_income_4q": null,
            "revenue": 4709670,
            "revenue_4q": null,
            "common_shares": 1380000,
            "book_valuer_per_share": 20.16,
            "book_valuer_per_share_4q_avg": 14.23,
            "equity": 2781546,
            "current_ratio": 146.91,
            "debt_ratio": 63.47,
            "inventory_turnover_ratio": 2.13,
            "account_receivable_turnover_ratio": null,
            "reinvestment_rate": null,
            "research_to_sale_ratio": null,
            "price_fair": 154,
            "eps_avg_yearly": 4.4,
            "eps_latest_yearly": 5.2,
            "eps_growth_yearly": 671.5
        },
        "20082": {
            "year_quarter": 20082,
            "year": 2008,
            "quarter": 2,
            "eps": 2.88,
            "eps_growth_year": null,
            "eps_4q": 5.31,
            "eps_4q_growth_year": null,
            "roe": 13.83,
            "roe_4q": 26.66,
            "gross_profit": 584066,
            "gross_margin": 11.09,
            "gross_margin_4q_avg": 8.05,
            "net_income": 397054,
            "net_income_4q": null,
            "revenue": 5268084,
            "revenue_4q": null,
            "common_shares": 1380000,
            "book_valuer_per_share": 21.46,
            "book_valuer_per_share_4q_avg": 19.6,
            "equity": 2960810,
            "current_ratio": 141.81,
            "debt_ratio": 65.59,
            "inventory_turnover_ratio": 1.59,
            "account_receivable_turnover_ratio": null,
            "reinvestment_rate": null,
            "research_to_sale_ratio": null,
            "price_fair": 237.07,
            "eps_avg_yearly": 6.77,
            "eps_latest_yearly": 11.52,
            "eps_growth_yearly": 609.72
        },
        "20083": {
            "year_quarter": 20083,
            "year": 2008,
            "quarter": 3,
            "eps": 0.91,
            "eps_growth_year": 295.65,
            "eps_4q": 6,
            "eps_4q_growth_year": null,
            "roe": 4.14,
            "roe_4q": 29.54,
            "gross_profit": 236764,
            "gross_margin": 5.66,
            "gross_margin_4q_avg": 8.56,
            "net_income": 125260,
            "net_income_4q": null,
            "revenue": 4180866,
            "revenue_4q": null,
            "common_shares": 1380000,
            "book_valuer_per_share": 22.36,
            "book_valuer_per_share_4q_avg": 20.71,
            "equity": 3086070,
            "current_ratio": 151.86,
            "debt_ratio": 60.4,
            "inventory_turnover_ratio": 1.12,
            "account_receivable_turnover_ratio": null,
            "reinvestment_rate": null,
            "research_to_sale_ratio": null,
            "price_fair": 209.65,
            "eps_avg_yearly": 5.99,
            "eps_latest_yearly": 3.64,
            "eps_growth_yearly": 388.88
        },
        "20084": {
            "year_quarter": 20084,
            "year": 2008,
            "quarter": 4,
            "eps": -1.53,
            "eps_growth_year": -270,
            "eps_4q": 3.55,
            "eps_4q_growth_year": null,
            "roe": -6.89,
            "roe_4q": 17.759999999999998,
            "gross_profit": -217403,
            "gross_margin": -5.98,
            "gross_margin_4q_avg": 5.17,
            "net_income": -211225,
            "net_income_4q": null,
            "revenue": 3632637,
            "revenue_4q": null,
            "common_shares": 1540000,
            "book_valuer_per_share": 19.79,
            "book_valuer_per_share_4q_avg": 20.94,
            "equity": 3046983,
            "current_ratio": 205.53,
            "debt_ratio": 50.12,
            "inventory_turnover_ratio": 1.61,
            "account_receivable_turnover_ratio": 11.47,
            "reinvestment_rate": null,
            "research_to_sale_ratio": null,
            "price_fair": 209.65,
            "eps_avg_yearly": 5.99,
            "eps_latest_yearly": 3.64,
            "eps_growth_yearly": 388.88
        },
        "20091": {
            "year_quarter": 20091,
            "year": 2009,
            "quarter": 1,
            "eps": -0.71,
            "eps_growth_year": -154.62,
            "eps_4q": 1.31,
            "eps_4q_growth_year": null,
            "roe": -3.66,
            "roe_4q": 7.419999999999999,
            "gross_profit": -83924,
            "gross_margin": -4.09,
            "gross_margin_4q_avg": 1.67,
            "net_income": -109552,
            "net_income_4q": null,
            "revenue": 2052666,
            "revenue_4q": null,
            "common_shares": 1540000,
            "book_valuer_per_share": 19.07,
            "book_valuer_per_share_4q_avg": 20.67,
            "equity": 2937431,
            "current_ratio": 172.53,
            "debt_ratio": 49.85,
            "inventory_turnover_ratio": 1.45,
            "account_receivable_turnover_ratio": 4.17,
            "reinvestment_rate": null,
            "research_to_sale_ratio": null,
            "price_fair": 209.65,
            "eps_avg_yearly": 5.99,
            "eps_latest_yearly": 3.64,
            "eps_growth_yearly": 388.88
        },
        "20092": {
            "year_quarter": 20092,
            "year": 2009,
            "quarter": 2,
            "eps": -0.41,
            "eps_growth_year": -114.24,
            "eps_4q": -1.68,
            "eps_4q_growth_year": -131.7,
            "roe": -2.31,
            "roe_4q": -8.719999999999999,
            "gross_profit": 49871,
            "gross_margin": 2.04,
            "gross_margin_4q_avg": -0.59,
            "net_income": -63724,
            "net_income_4q": null,
            "revenue": 2441798,
            "revenue_4q": null,
            "common_shares": 1540000,
            "book_valuer_per_share": 16.72,
            "book_valuer_per_share_4q_avg": 19.49,
            "equity": 2575347,
            "current_ratio": 134.99,
            "debt_ratio": 56.57,
            "inventory_turnover_ratio": 1.45,
            "account_receivable_turnover_ratio": 5.52,
            "reinvestment_rate": null,
            "research_to_sale_ratio": null,
            "price_fair": 209.65,
            "eps_avg_yearly": 5.99,
            "eps_latest_yearly": 3.64,
            "eps_growth_yearly": 388.88
        },
        "20093": {
            "year_quarter": 20093,
            "year": 2009,
            "quarter": 3,
            "eps": -0.06,
            "eps_growth_year": -106.59,
            "eps_4q": -2.27,
            "eps_4q_growth_year": -137.76,
            "roe": -0.36,
            "roe_4q": -13.219999999999999,
            "gross_profit": 51430,
            "gross_margin": 1.82,
            "gross_margin_4q_avg": -1.55,
            "net_income": -9817,
            "net_income_4q": null,
            "revenue": 2826629,
            "revenue_4q": null,
            "common_shares": 1740000,
            "book_valuer_per_share": 16.76,
            "book_valuer_per_share_4q_avg": 18.09,
            "equity": 2915531,
            "current_ratio": 130.12,
            "debt_ratio": 52.49,
            "inventory_turnover_ratio": 1.55,
            "account_receivable_turnover_ratio": 5.37,
            "reinvestment_rate": null,
            "research_to_sale_ratio": null,
            "price_fair": 209.65,
            "eps_avg_yearly": 5.99,
            "eps_latest_yearly": 3.64,
            "eps_growth_yearly": 388.88
        },
        "20094": {
            "year_quarter": 20094,
            "year": 2009,
            "quarter": 4,
            "eps": 0.02,
            "eps_growth_year": null,
            "eps_4q": -1.03,
            "eps_4q_growth_year": -129.07,
            "roe": 0.12,
            "roe_4q": -6.21,
            "gross_profit": 57912,
            "gross_margin": 1.86,
            "gross_margin_4q_avg": 0.41,
            "net_income": 3533,
            "net_income_4q": null,
            "revenue": 3114295,
            "revenue_4q": null,
            "common_shares": 1740000,
            "book_valuer_per_share": 16.83,
            "book_valuer_per_share_4q_avg": 17.35,
            "equity": 2927782,
            "current_ratio": 129.12,
            "debt_ratio": 50.79,
            "inventory_turnover_ratio": 1.64,
            "account_receivable_turnover_ratio": 11.38,
            "reinvestment_rate": null,
            "research_to_sale_ratio": null,
            "price_fair": 209.65,
            "eps_avg_yearly": 5.99,
            "eps_latest_yearly": 3.64,
            "eps_growth_yearly": 388.88
        },
        "20101": {
            "year_quarter": 20101,
            "year": 2010,
            "quarter": 1,
            "eps": 0.05,
            "eps_growth_year": null,
            "eps_4q": -0.35,
            "eps_4q_growth_year": -127.08,
            "roe": 0.28,
            "roe_4q": -2.27,
            "gross_profit": 54505,
            "gross_margin": 2.06,
            "gross_margin_4q_avg": 1.95,
            "net_income": 8352,
            "net_income_4q": null,
            "revenue": 2649151,
            "revenue_4q": null,
            "common_shares": 1740000,
            "book_valuer_per_share": 16.87,
            "book_valuer_per_share_4q_avg": 16.8,
            "equity": 2936134,
            "current_ratio": 131.62,
            "debt_ratio": 50.79,
            "inventory_turnover_ratio": 1.35,
            "account_receivable_turnover_ratio": 5.2,
            "reinvestment_rate": null,
            "research_to_sale_ratio": 0.02,
            "price_fair": 169.12,
            "eps_avg_yearly": 4.83,
            "eps_latest_yearly": 0.2,
            "eps_growth_yearly": 431.11
        },
        "20102": {
            "year_quarter": 20102,
            "year": 2010,
            "quarter": 2,
            "eps": 0.56,
            "eps_growth_year": null,
            "eps_4q": 0.58,
            "eps_4q_growth_year": null,
            "roe": 3.3,
            "roe_4q": 3.3400000000000003,
            "gross_profit": 157440,
            "gross_margin": 4.56,
            "gross_margin_4q_avg": 2.58,
            "net_income": 98226,
            "net_income_4q": null,
            "revenue": 3455798,
            "revenue_4q": null,
            "common_shares": 1740000,
            "book_valuer_per_share": 17.31,
            "book_valuer_per_share_4q_avg": 16.94,
            "equity": 3012539,
            "current_ratio": 148,
            "debt_ratio": 44.73,
            "inventory_turnover_ratio": 1.96,
            "account_receivable_turnover_ratio": 6.38,
            "reinvestment_rate": null,
            "research_to_sale_ratio": 0.01,
            "price_fair": 154,
            "eps_avg_yearly": 4.4,
            "eps_latest_yearly": 2.24,
            "eps_growth_yearly": 1039.26
        },
        "20103": {
            "year_quarter": 20103,
            "year": 2010,
            "quarter": 3,
            "eps": -0.25,
            "eps_growth_year": null,
            "eps_4q": 0.38,
            "eps_4q_growth_year": null,
            "roe": -1.46,
            "roe_4q": 2.24,
            "gross_profit": -1810,
            "gross_margin": -0.08,
            "gross_margin_4q_avg": 2.1,
            "net_income": -43522,
            "net_income_4q": null,
            "revenue": 2412356,
            "revenue_4q": null,
            "common_shares": 1740000,
            "book_valuer_per_share": 17.06,
            "book_valuer_per_share_4q_avg": 17.02,
            "equity": 2969016,
            "current_ratio": 110.49,
            "debt_ratio": 50.64,
            "inventory_turnover_ratio": 1.36,
            "account_receivable_turnover_ratio": 4.49,
            "reinvestment_rate": null,
            "research_to_sale_ratio": 0.02,
            "price_fair": 154,
            "eps_avg_yearly": 4.4,
            "eps_latest_yearly": 2.24,
            "eps_growth_yearly": 1039.26
        },
        "20104": {
            "year_quarter": 20104,
            "year": 2010,
            "quarter": 4,
            "eps": 0.02,
            "eps_growth_year": 1.15,
            "eps_4q": 0.38,
            "eps_4q_growth_year": null,
            "roe": 0.12,
            "roe_4q": 2.24,
            "gross_profit": 80314,
            "gross_margin": 2.4,
            "gross_margin_4q_avg": 2.24,
            "net_income": 3520,
            "net_income_4q": null,
            "revenue": 3343246,
            "revenue_4q": null,
            "common_shares": 1740000,
            "book_valuer_per_share": 17.02,
            "book_valuer_per_share_4q_avg": 17.07,
            "equity": 2961530,
            "current_ratio": 112.01,
            "debt_ratio": 51.88,
            "inventory_turnover_ratio": 1.59,
            "account_receivable_turnover_ratio": 4.85,
            "reinvestment_rate": null,
            "research_to_sale_ratio": 0.01,
            "price_fair": 154,
            "eps_avg_yearly": 4.4,
            "eps_latest_yearly": 2.24,
            "eps_growth_yearly": 1039.26
        },
        "20111": {
            "year_quarter": 20111,
            "year": 2011,
            "quarter": 1,
            "eps": 0.72,
            "eps_growth_year": 1340,
            "eps_4q": 1.06,
            "eps_4q_growth_year": null,
            "roe": 4.15,
            "roe_4q": 6.11,
            "gross_profit": 195042,
            "gross_margin": 5.23,
            "gross_margin_4q_avg": 3.03,
            "net_income": 125955,
            "net_income_4q": null,
            "revenue": 3730710,
            "revenue_4q": null,
            "common_shares": 1740000,
            "book_valuer_per_share": 17.89,
            "book_valuer_per_share_4q_avg": 17.32,
            "equity": 3113030,
            "current_ratio": 164.56,
            "debt_ratio": 49.92,
            "inventory_turnover_ratio": 1.7,
            "account_receivable_turnover_ratio": 4.87,
            "reinvestment_rate": null,
            "research_to_sale_ratio": 0.01,
            "price_fair": 146.4,
            "eps_avg_yearly": 4.18,
            "eps_latest_yearly": 2.88,
            "eps_growth_yearly": 2890.79
        },
        "20112": {
            "year_quarter": 20112,
            "year": 2011,
            "quarter": 2,
            "eps": 0.71,
            "eps_growth_year": 26.34,
            "eps_4q": 1.21,
            "eps_4q_growth_year": 109.44,
            "roe": 3.94,
            "roe_4q": 6.749999999999999,
            "gross_profit": 197254,
            "gross_margin": 5.53,
            "gross_margin_4q_avg": 3.27,
            "net_income": 124100,
            "net_income_4q": null,
            "revenue": 3566968,
            "revenue_4q": null,
            "common_shares": 1740000,
            "book_valuer_per_share": 18.3,
            "book_valuer_per_share_4q_avg": 17.57,
            "equity": 3184930,
            "current_ratio": 206.38,
            "debt_ratio": 42.96,
            "inventory_turnover_ratio": 1.8,
            "account_receivable_turnover_ratio": 4.82,
            "reinvestment_rate": 346.42,
            "research_to_sale_ratio": 0.01,
            "price_fair": 140.53,
            "eps_avg_yearly": 4.02,
            "eps_latest_yearly": 2.84,
            "eps_growth_yearly": 2528.75
        },
        "20113": {
            "year_quarter": 20113,
            "year": 2011,
            "quarter": 3,
            "eps": 0.01,
            "eps_growth_year": null,
            "eps_4q": 1.47,
            "eps_4q_growth_year": 283.84,
            "roe": 0.06,
            "roe_4q": 8.27,
            "gross_profit": 72327,
            "gross_margin": 2.1,
            "gross_margin_4q_avg": 3.82,
            "net_income": 2023,
            "net_income_4q": null,
            "revenue": 3447287,
            "revenue_4q": null,
            "common_shares": 1740000,
            "book_valuer_per_share": 18.32,
            "book_valuer_per_share_4q_avg": 17.88,
            "equity": 3186953,
            "current_ratio": 174.25,
            "debt_ratio": 47.82,
            "inventory_turnover_ratio": 1.97,
            "account_receivable_turnover_ratio": 3.81,
            "reinvestment_rate": -20.4,
            "research_to_sale_ratio": 0.01,
            "price_fair": 125.07,
            "eps_avg_yearly": 3.57,
            "eps_latest_yearly": 0.04,
            "eps_growth_yearly": 2203.96
        },
        "20114": {
            "year_quarter": 20114,
            "year": 2011,
            "quarter": 4,
            "eps": 0.01,
            "eps_growth_year": -48.42,
            "eps_4q": 1.4,
            "eps_4q_growth_year": 264.76,
            "roe": 0.06,
            "roe_4q": 8.21,
            "gross_profit": 49429,
            "gross_margin": 1.36,
            "gross_margin_4q_avg": 3.56,
            "net_income": 1899,
            "net_income_4q": null,
            "revenue": 3645412,
            "revenue_4q": null,
            "common_shares": 1740000,
            "book_valuer_per_share": 18.2,
            "book_valuer_per_share_4q_avg": 18.18,
            "equity": 3311198,
            "current_ratio": 167.8,
            "debt_ratio": 47.04,
            "inventory_turnover_ratio": 2.02,
            "account_receivable_turnover_ratio": 3.21,
            "reinvestment_rate": -12.22,
            "research_to_sale_ratio": 0.01,
            "price_fair": 111.22,
            "eps_avg_yearly": 3.18,
            "eps_latest_yearly": 0.04,
            "eps_growth_yearly": 2074.49
        },
        "20121": {
            "year_quarter": 20121,
            "year": 2012,
            "quarter": 1,
            "eps": 0.13,
            "eps_growth_year": -81.94,
            "eps_4q": 0.83,
            "eps_4q_growth_year": -21.4,
            "roe": 0.7,
            "roe_4q": 4.76,
            "gross_profit": 79833,
            "gross_margin": 2.3,
            "gross_margin_4q_avg": 2.82,
            "net_income": 23388,
            "net_income_4q": null,
            "revenue": 3469225,
            "revenue_4q": null,
            "common_shares": 1819769,
            "book_valuer_per_share": 0,
            "book_valuer_per_share_4q_avg": 13.71,
            "equity": 3334586,
            "current_ratio": 127.51,
            "debt_ratio": 48.33,
            "inventory_turnover_ratio": 1.89,
            "account_receivable_turnover_ratio": 2.65,
            "reinvestment_rate": -4.72,
            "research_to_sale_ratio": 0.01,
            "price_fair": 93.02,
            "eps_avg_yearly": 2.66,
            "eps_latest_yearly": 0.52,
            "eps_growth_yearly": 2588.07
        },
        "20122": {
            "year_quarter": 20122,
            "year": 2012,
            "quarter": 2,
            "eps": -0.04,
            "eps_growth_year": -104.95,
            "eps_4q": 0.11,
            "eps_4q_growth_year": -90.5,
            "roe": -0.2,
            "roe_4q": 0.6199999999999999,
            "gross_profit": 48843,
            "gross_margin": 1.44,
            "gross_margin_4q_avg": 1.8,
            "net_income": -6429,
            "net_income_4q": null,
            "revenue": 3400016,
            "revenue_4q": null,
            "common_shares": 1819769,
            "book_valuer_per_share": 0,
            "book_valuer_per_share_4q_avg": 9.13,
            "equity": 3127982,
            "current_ratio": 123.43,
            "debt_ratio": 50.2,
            "inventory_turnover_ratio": 1.6,
            "account_receivable_turnover_ratio": 3.15,
            "reinvestment_rate": -12.12,
            "research_to_sale_ratio": 0.01,
            "price_fair": 54.25,
            "eps_avg_yearly": 1.55,
            "eps_latest_yearly": 0.52,
            "eps_growth_yearly": 2850.81
        },
        "20123": {
            "year_quarter": 20123,
            "year": 2012,
            "quarter": 3,
            "eps": -0.11,
            "eps_growth_year": -1073.83,
            "eps_4q": -0.01,
            "eps_4q_growth_year": -100.65,
            "roe": -0.65,
            "roe_4q": -0.09000000000000014,
            "gross_profit": 23886,
            "gross_margin": 0.81,
            "gross_margin_4q_avg": 1.48,
            "net_income": -20603,
            "net_income_4q": null,
            "revenue": 2960969,
            "revenue_4q": null,
            "common_shares": 1819769,
            "book_valuer_per_share": 17.07,
            "book_valuer_per_share_4q_avg": 8.82,
            "equity": 3194797,
            "current_ratio": 99.34,
            "debt_ratio": 56.91,
            "inventory_turnover_ratio": 1.24,
            "account_receivable_turnover_ratio": 3.59,
            "reinvestment_rate": null,
            "research_to_sale_ratio": 0.02,
            "price_fair": 43.8,
            "eps_avg_yearly": 1.25,
            "eps_latest_yearly": 0.52,
            "eps_growth_yearly": 3297.15
        },
        "20124": {
            "year_quarter": 20124,
            "year": 2012,
            "quarter": 4,
            "eps": 0.42,
            "eps_growth_year": 3947.25,
            "eps_4q": 0.4,
            "eps_4q_growth_year": -71.2,
            "roe": 2.43,
            "roe_4q": 2.2800000000000002,
            "gross_profit": 92967,
            "gross_margin": 3.03,
            "gross_margin_4q_avg": 1.9,
            "net_income": 77910,
            "net_income_4q": null,
            "revenue": 3064570,
            "revenue_4q": null,
            "common_shares": 1819769,
            "book_valuer_per_share": 17.37,
            "book_valuer_per_share_4q_avg": 8.61,
            "equity": 3205514,
            "current_ratio": 100.27,
            "debt_ratio": 58.28,
            "inventory_turnover_ratio": 1.15,
            "account_receivable_turnover_ratio": 3.42,
            "reinvestment_rate": 706.23,
            "research_to_sale_ratio": 0.01,
            "price_fair": 43.8,
            "eps_avg_yearly": 1.25,
            "eps_latest_yearly": 0.52,
            "eps_growth_yearly": 3297.15
        },
        "20131": {
            "year_quarter": 20131,
            "year": 2013,
            "quarter": 1,
            "eps": 0.06,
            "eps_growth_year": -53.85,
            "eps_4q": 0.34,
            "eps_4q_growth_year": -59.25,
            "roe": 0.36,
            "roe_4q": 1.9400000000000002,
            "gross_profit": 83779,
            "gross_margin": 2.73,
            "gross_margin_4q_avg": 2,
            "net_income": 11978,
            "net_income_4q": null,
            "revenue": 3073408,
            "revenue_4q": null,
            "common_shares": 1726329,
            "book_valuer_per_share": 17.58,
            "book_valuer_per_share_4q_avg": 13.01,
            "equity": 3430456,
            "current_ratio": 129.85,
            "debt_ratio": 61.36,
            "inventory_turnover_ratio": 0.93,
            "account_receivable_turnover_ratio": 3.44,
            "reinvestment_rate": -6.41,
            "research_to_sale_ratio": 0.01,
            "price_fair": 39.38,
            "eps_avg_yearly": 1.13,
            "eps_latest_yearly": 0.24,
            "eps_growth_yearly": 2842.15
        },
        "20132": {
            "year_quarter": 20132,
            "year": 2013,
            "quarter": 2,
            "eps": -0.43,
            "eps_growth_year": null,
            "eps_4q": -0.06,
            "eps_4q_growth_year": -149.87,
            "roe": -2.19,
            "roe_4q": -0.04999999999999993,
            "gross_profit": -33641,
            "gross_margin": -1.34,
            "gross_margin_4q_avg": 1.31,
            "net_income": -73641,
            "net_income_4q": null,
            "revenue": 2506447,
            "revenue_4q": null,
            "common_shares": 1726329,
            "book_valuer_per_share": 16.86,
            "book_valuer_per_share_4q_avg": 17.22,
            "equity": 3293766,
            "current_ratio": 126.45,
            "debt_ratio": 60.62,
            "inventory_turnover_ratio": 0.71,
            "account_receivable_turnover_ratio": 3.31,
            "reinvestment_rate": -11.35,
            "research_to_sale_ratio": 0.02,
            "price_fair": 39.38,
            "eps_avg_yearly": 1.13,
            "eps_latest_yearly": 0.24,
            "eps_growth_yearly": 2842.15
        },
        "20133": {
            "year_quarter": 20133,
            "year": 2013,
            "quarter": 3,
            "eps": -0.2,
            "eps_growth_year": null,
            "eps_4q": -0.13,
            "eps_4q_growth_year": null,
            "roe": -0.99,
            "roe_4q": -0.3899999999999997,
            "gross_profit": 13996,
            "gross_margin": 0.54,
            "gross_margin_4q_avg": 1.24,
            "net_income": -32492,
            "net_income_4q": null,
            "revenue": 2610988,
            "revenue_4q": null,
            "common_shares": 1726329,
            "book_valuer_per_share": 16.67,
            "book_valuer_per_share_4q_avg": 17.12,
            "equity": 3261261,
            "current_ratio": 122.07,
            "debt_ratio": 61.52,
            "inventory_turnover_ratio": 0.76,
            "account_receivable_turnover_ratio": 3.52,
            "reinvestment_rate": -30.22,
            "research_to_sale_ratio": 0.01,
            "price_fair": 39.38,
            "eps_avg_yearly": 1.13,
            "eps_latest_yearly": 0.24,
            "eps_growth_yearly": 2842.15
        },
        "20134": {
            "year_quarter": 20134,
            "year": 2013,
            "quarter": 4,
            "eps": 0.19,
            "eps_growth_year": -53.96,
            "eps_4q": -0.38,
            "eps_4q_growth_year": -193.92,
            "roe": 1.05,
            "roe_4q": -1.77,
            "gross_profit": 103772,
            "gross_margin": 2.84,
            "gross_margin_4q_avg": 1.19,
            "net_income": 34332,
            "net_income_4q": null,
            "revenue": 3651306,
            "revenue_4q": null,
            "common_shares": 1726329,
            "book_valuer_per_share": 16.9,
            "book_valuer_per_share_4q_avg": 17,
            "equity": 3301118,
            "current_ratio": 130.58,
            "debt_ratio": 55.04,
            "inventory_turnover_ratio": 1.3,
            "account_receivable_turnover_ratio": 3.8,
            "reinvestment_rate": 266.57,
            "research_to_sale_ratio": 0.01,
            "price_fair": 39.38,
            "eps_avg_yearly": 1.13,
            "eps_latest_yearly": 0.24,
            "eps_growth_yearly": 2842.15
        },
        "20141": {
            "year_quarter": 20141,
            "year": 2014,
            "quarter": 1,
            "eps": -0.24,
            "eps_growth_year": -500,
            "eps_4q": -0.68,
            "eps_4q_growth_year": -300.24,
            "roe": -1.3,
            "roe_4q": -3.4299999999999997,
            "gross_profit": 9426,
            "gross_margin": 0.3,
            "gross_margin_4q_avg": 0.59,
            "net_income": -42708,
            "net_income_4q": null,
            "revenue": 3105806,
            "revenue_4q": null,
            "common_shares": 1726329,
            "book_valuer_per_share": 16.66,
            "book_valuer_per_share_4q_avg": 16.77,
            "equity": 3258410,
            "current_ratio": 132.2,
            "debt_ratio": 52.56,
            "inventory_turnover_ratio": 1.79,
            "account_receivable_turnover_ratio": 2.76,
            "reinvestment_rate": 349.43,
            "research_to_sale_ratio": 0.01,
            "price_fair": 44,
            "eps_avg_yearly": 1.26,
            "eps_latest_yearly": 0.24,
            "eps_growth_yearly": 3162.46
        },
        "20142": {
            "year_quarter": 20142,
            "year": 2014,
            "quarter": 2,
            "eps": -0.09,
            "eps_growth_year": null,
            "eps_4q": -0.33,
            "eps_4q_growth_year": null,
            "roe": -0.46,
            "roe_4q": -1.7,
            "gross_profit": 37665,
            "gross_margin": 1.32,
            "gross_margin_4q_avg": 1.25,
            "net_income": -14873,
            "net_income_4q": null,
            "revenue": 2845617,
            "revenue_4q": null,
            "common_shares": 1726329,
            "book_valuer_per_share": 16.57,
            "book_valuer_per_share_4q_avg": 16.7,
            "equity": 3243537,
            "current_ratio": 120.99,
            "debt_ratio": 55.59,
            "inventory_turnover_ratio": 1.69,
            "account_receivable_turnover_ratio": 2.6,
            "reinvestment_rate": 583.77,
            "research_to_sale_ratio": 0.01,
            "price_fair": 38.27,
            "eps_avg_yearly": 1.09,
            "eps_latest_yearly": 0.24,
            "eps_growth_yearly": 3009.54
        },
        "20143": {
            "year_quarter": 20143,
            "year": 2014,
            "quarter": 3,
            "eps": 0.08,
            "eps_growth_year": null,
            "eps_4q": -0.06,
            "eps_4q_growth_year": null,
            "roe": 0.55,
            "roe_4q": -0.15999999999999992,
            "gross_profit": 37746,
            "gross_margin": 1.33,
            "gross_margin_4q_avg": 1.45,
            "net_income": 17752,
            "net_income_4q": null,
            "revenue": 2835055,
            "revenue_4q": null,
            "common_shares": 1726329,
            "book_valuer_per_share": 16.65,
            "book_valuer_per_share_4q_avg": 16.7,
            "equity": 3261289,
            "current_ratio": 115.25,
            "debt_ratio": 57.66,
            "inventory_turnover_ratio": 1.36,
            "account_receivable_turnover_ratio": 2.7,
            "reinvestment_rate": 408.85,
            "research_to_sale_ratio": 0.03,
            "price_fair": 38.27,
            "eps_avg_yearly": 1.09,
            "eps_latest_yearly": 0.24,
            "eps_growth_yearly": 3009.54
        },
        "20144": {
            "year_quarter": 20144,
            "year": 2014,
            "quarter": 4,
            "eps": -0.64,
            "eps_growth_year": -426.83,
            "eps_4q": -0.89,
            "eps_4q_growth_year": null,
            "roe": -3.36,
            "roe_4q": -4.569999999999999,
            "gross_profit": -64430,
            "gross_margin": -2.99,
            "gross_margin_4q_avg": -0.01,
            "net_income": -107833,
            "net_income_4q": null,
            "revenue": 2153633,
            "revenue_4q": null,
            "common_shares": 1726329,
            "book_valuer_per_share": 16,
            "book_valuer_per_share_4q_avg": 16.47,
            "equity": 3151838,
            "current_ratio": 106.01,
            "debt_ratio": 60.26,
            "inventory_turnover_ratio": 0.96,
            "account_receivable_turnover_ratio": 2.15,
            "reinvestment_rate": 1149.98,
            "research_to_sale_ratio": -0,
            "price_fair": 38.27,
            "eps_avg_yearly": 1.09,
            "eps_latest_yearly": 0.24,
            "eps_growth_yearly": 3009.54
        },
        "20151": {
            "year_quarter": 20151,
            "year": 2015,
            "quarter": 1,
            "eps": -0.46,
            "eps_growth_year": null,
            "eps_4q": -1.1,
            "eps_4q_growth_year": null,
            "roe": -2.51,
            "roe_4q": -5.779999999999999,
            "gross_profit": -53062,
            "gross_margin": -2.27,
            "gross_margin_4q_avg": -0.65,
            "net_income": -78035,
            "net_income_4q": null,
            "revenue": 2334819,
            "revenue_4q": null,
            "common_shares": 1726329,
            "book_valuer_per_share": 15.55,
            "book_valuer_per_share_4q_avg": 16.19,
            "equity": 3073803,
            "current_ratio": 103.57,
            "debt_ratio": 57.45,
            "inventory_turnover_ratio": 1.2,
            "account_receivable_turnover_ratio": 2.12,
            "reinvestment_rate": null,
            "research_to_sale_ratio": 0.01,
            "price_fair": 25.76,
            "eps_avg_yearly": 0.74,
            "eps_latest_yearly": 0.24,
            "eps_growth_yearly": 811.44
        },
        "20152": {
            "year_quarter": 20152,
            "year": 2015,
            "quarter": 2,
            "eps": 0.06,
            "eps_growth_year": null,
            "eps_4q": -0.95,
            "eps_4q_growth_year": null,
            "roe": 0.35,
            "roe_4q": -4.97,
            "gross_profit": 3637,
            "gross_margin": 0.17,
            "gross_margin_4q_avg": -0.94,
            "net_income": 10856,
            "net_income_4q": null,
            "revenue": 2156638,
            "revenue_4q": null,
            "common_shares": 1726329,
            "book_valuer_per_share": 15.61,
            "book_valuer_per_share_4q_avg": 15.95,
            "equity": 3082686,
            "current_ratio": 105.31,
            "debt_ratio": 56.82,
            "inventory_turnover_ratio": 1.4,
            "account_receivable_turnover_ratio": 2.03,
            "reinvestment_rate": null,
            "research_to_sale_ratio": 0.02,
            "price_fair": 7.35,
            "eps_avg_yearly": 0.21,
            "eps_latest_yearly": 0.24,
            "eps_growth_yearly": 1015.69
        },
        "20153": {
            "year_quarter": 20153,
            "year": 2015,
            "quarter": 3,
            "eps": -0.42,
            "eps_growth_year": -625,
            "eps_4q": -1.45,
            "eps_4q_growth_year": null,
            "roe": -2.35,
            "roe_4q": -7.869999999999999,
            "gross_profit": -30549,
            "gross_margin": -1.58,
            "gross_margin_4q_avg": -1.67,
            "net_income": -71472,
            "net_income_4q": null,
            "revenue": 1930108,
            "revenue_4q": null,
            "common_shares": 1726329,
            "book_valuer_per_share": 15.19,
            "book_valuer_per_share_4q_avg": 15.59,
            "equity": 3011214,
            "current_ratio": 101.82,
            "debt_ratio": 55.68,
            "inventory_turnover_ratio": 1.4,
            "account_receivable_turnover_ratio": 2.08,
            "reinvestment_rate": null,
            "research_to_sale_ratio": 0.02,
            "price_fair": 9.33,
            "eps_avg_yearly": 0.27,
            "eps_latest_yearly": 0.24,
            "eps_growth_yearly": 1485.71
        },
        "20154": {
            "year_quarter": 20154,
            "year": 2015,
            "quarter": 4,
            "eps": -0.34,
            "eps_growth_year": null,
            "eps_4q": -1.16,
            "eps_4q_growth_year": null,
            "roe": -1.95,
            "roe_4q": -6.459999999999999,
            "gross_profit": -29251,
            "gross_margin": -1.83,
            "gross_margin_4q_avg": -1.38,
            "net_income": -57935,
            "net_income_4q": null,
            "revenue": 1602070,
            "revenue_4q": null,
            "common_shares": 1726329,
            "book_valuer_per_share": 14.77,
            "book_valuer_per_share_4q_avg": 15.28,
            "equity": 2940852,
            "current_ratio": 110.42,
            "debt_ratio": 51.49,
            "inventory_turnover_ratio": 1.46,
            "account_receivable_turnover_ratio": 1.92,
            "reinvestment_rate": null,
            "research_to_sale_ratio": 0.03,
            "price_fair": 13.3,
            "eps_avg_yearly": 0.38,
            "eps_latest_yearly": 0.24,
            "eps_growth_yearly": 2228.57
        },
        "20161": {
            "year_quarter": 20161,
            "year": 2016,
            "quarter": 1,
            "eps": 0.01,
            "eps_growth_year": null,
            "eps_4q": -0.69,
            "eps_4q_growth_year": null,
            "roe": 0.08,
            "roe_4q": -3.8699999999999997,
            "gross_profit": 25926,
            "gross_margin": 2.39,
            "gross_margin_4q_avg": -0.21,
            "net_income": 2256,
            "net_income_4q": null,
            "revenue": 1086384,
            "revenue_4q": null,
            "common_shares": 1726329,
            "book_valuer_per_share": 14.78,
            "book_valuer_per_share_4q_avg": 15.09,
            "equity": 2943108,
            "current_ratio": 109.06,
            "debt_ratio": 51.4,
            "inventory_turnover_ratio": 1.18,
            "account_receivable_turnover_ratio": 1.76,
            "reinvestment_rate": null,
            "research_to_sale_ratio": 0.04,
            "price_fair": 0.72,
            "eps_avg_yearly": 0.24,
            "eps_latest_yearly": 0.24,
            "eps_growth_yearly": -342.86
        },
        "20162": {
            "year_quarter": 20162,
            "year": 2016,
            "quarter": 2,
            "eps": 0.01,
            "eps_growth_year": -83.33,
            "eps_4q": -0.74,
            "eps_4q_growth_year": null,
            "roe": 0.05,
            "roe_4q": -4.17,
            "gross_profit": 43601,
            "gross_margin": 3.51,
            "gross_margin_4q_avg": 0.62,
            "net_income": 1345,
            "net_income_4q": null,
            "revenue": 1243566,
            "revenue_4q": null,
            "common_shares": 1726329,
            "book_valuer_per_share": 14.79,
            "book_valuer_per_share_4q_avg": 14.88,
            "equity": 2944453,
            "current_ratio": 109.57,
            "debt_ratio": 47.36,
            "inventory_turnover_ratio": 1.25,
            "account_receivable_turnover_ratio": 3.49,
            "reinvestment_rate": null,
            "research_to_sale_ratio": 0.05,
            "price_fair": 0.42,
            "eps_avg_yearly": 0.14,
            "eps_latest_yearly": 0.04,
            "eps_growth_yearly": -171.43
        },
        "20163": {
            "year_quarter": 20163,
            "year": 2016,
            "quarter": 3,
            "eps": -0.09,
            "eps_growth_year": null,
            "eps_4q": -0.41,
            "eps_4q_growth_year": null,
            "roe": -0.45,
            "roe_4q": -2.27,
            "gross_profit": 16325,
            "gross_margin": 1.38,
            "gross_margin_4q_avg": 1.36,
            "net_income": -14130,
            "net_income_4q": null,
            "revenue": 1179778,
            "revenue_4q": null,
            "common_shares": 1726329,
            "book_valuer_per_share": 16.89,
            "book_valuer_per_share_4q_avg": 15.31,
            "equity": 3311937,
            "current_ratio": 130.93,
            "debt_ratio": 43.83,
            "inventory_turnover_ratio": 1.15,
            "account_receivable_turnover_ratio": 3.87,
            "reinvestment_rate": null,
            "research_to_sale_ratio": 0.03,
            "price_fair": 0.42,
            "eps_avg_yearly": 0.14,
            "eps_latest_yearly": 0.04,
            "eps_growth_yearly": -171.43
        },
        "20164": {
            "year_quarter": 20164,
            "year": 2016,
            "quarter": 4,
            "eps": 0.73,
            "eps_growth_year": null,
            "eps_4q": 0.65,
            "eps_4q_growth_year": null,
            "roe": 6.05,
            "roe_4q": 5.7299999999999995,
            "gross_profit": -7136,
            "gross_margin": -0.57,
            "gross_margin_4q_avg": 1.68,
            "net_income": 214333,
            "net_income_4q": null,
            "revenue": 1250438,
            "revenue_4q": null,
            "common_shares": 1726329,
            "book_valuer_per_share": 19.04,
            "book_valuer_per_share_4q_avg": 16.38,
            "equity": 3771631,
            "current_ratio": 166.06,
            "debt_ratio": 36.31,
            "inventory_turnover_ratio": 1.52,
            "account_receivable_turnover_ratio": 3.8,
            "reinvestment_rate": null,
            "research_to_sale_ratio": 0.05,
            "price_fair": 0.42,
            "eps_avg_yearly": 0.14,
            "eps_latest_yearly": 0.04,
            "eps_growth_yearly": -171.43
        },
        "20171": {
            "year_quarter": 20171,
            "year": 2017,
            "quarter": 1,
            "eps": -0.17,
            "eps_growth_year": -1800,
            "eps_4q": 0.47,
            "eps_4q_growth_year": null,
            "roe": -0.88,
            "roe_4q": 4.77,
            "gross_profit": 12717,
            "gross_margin": 1.24,
            "gross_margin_4q_avg": 1.39,
            "net_income": -35020,
            "net_income_4q": null,
            "revenue": 1025347,
            "revenue_4q": null,
            "common_shares": 1726329,
            "book_valuer_per_share": 21.24,
            "book_valuer_per_share_4q_avg": 17.99,
            "equity": 4146524,
            "current_ratio": 149.61,
            "debt_ratio": 35.66,
            "inventory_turnover_ratio": 1.36,
            "account_receivable_turnover_ratio": 3.68,
            "reinvestment_rate": null,
            "research_to_sale_ratio": 0.05,
            "price_fair": 0.4,
            "eps_avg_yearly": 0.04,
            "eps_latest_yearly": 0.04,
            "eps_growth_yearly": 0
        },
        "20172": {
            "year_quarter": 20172,
            "year": 2017,
            "quarter": 2,
            "eps": -0.11,
            "eps_growth_year": -1200,
            "eps_4q": 0.34,
            "eps_4q_growth_year": null,
            "roe": -0.86,
            "roe_4q": 3.8599999999999994,
            "gross_profit": 17923,
            "gross_margin": 1.63,
            "gross_margin_4q_avg": 0.92,
            "net_income": -34241,
            "net_income_4q": null,
            "revenue": 1100046,
            "revenue_4q": null,
            "common_shares": 1726329,
            "book_valuer_per_share": 19.39,
            "book_valuer_per_share_4q_avg": 19.14,
            "equity": 3825091,
            "current_ratio": 127.24,
            "debt_ratio": 40.72,
            "inventory_turnover_ratio": 1.17,
            "account_receivable_turnover_ratio": 3.57,
            "reinvestment_rate": null,
            "research_to_sale_ratio": 0.11,
            "price_fair": 0.4,
            "eps_avg_yearly": 0.04,
            "eps_latest_yearly": 0.04,
            "eps_growth_yearly": 0
        },
        "20173": {
            "year_quarter": 20173,
            "year": 2017,
            "quarter": 3,
            "eps": -0.26,
            "eps_growth_year": null,
            "eps_4q": 0.17,
            "eps_4q_growth_year": null,
            "roe": -1.25,
            "roe_4q": 3.06,
            "gross_profit": -11932,
            "gross_margin": -0.9,
            "gross_margin_4q_avg": 0.35,
            "net_income": -48075,
            "net_income_4q": null,
            "revenue": 1319929,
            "revenue_4q": null,
            "common_shares": 1812645,
            "book_valuer_per_share": 18.56,
            "book_valuer_per_share_4q_avg": 19.56,
            "equity": 3840204,
            "current_ratio": 125.27,
            "debt_ratio": 42.8,
            "inventory_turnover_ratio": 1.18,
            "account_receivable_turnover_ratio": 4.06,
            "reinvestment_rate": null,
            "research_to_sale_ratio": 0.2,
            "price_fair": 0.4,
            "eps_avg_yearly": 0.04,
            "eps_latest_yearly": 0.04,
            "eps_growth_yearly": 0
        },
        "20174": {
            "year_quarter": 20174,
            "year": 2017,
            "quarter": 4,
            "eps": 0.58,
            "eps_growth_year": -19.65,
            "eps_4q": 0.06,
            "eps_4q_growth_year": -90.91,
            "roe": 2.65,
            "roe_4q": -0.3400000000000001,
            "gross_profit": 180598,
            "gross_margin": 9.92,
            "gross_margin_4q_avg": 2.97,
            "net_income": 106897,
            "net_income_4q": null,
            "revenue": 1820521,
            "revenue_4q": null,
            "common_shares": 1812645,
            "book_valuer_per_share": 20.65,
            "book_valuer_per_share_4q_avg": 19.96,
            "equity": 4221313,
            "current_ratio": 140.81,
            "debt_ratio": 46.99,
            "inventory_turnover_ratio": 1.11,
            "account_receivable_turnover_ratio": 3.38,
            "reinvestment_rate": null,
            "research_to_sale_ratio": 0.1,
            "price_fair": 0.4,
            "eps_avg_yearly": 0.04,
            "eps_latest_yearly": 0.04,
            "eps_growth_yearly": 0
        },
        "20181": {
            "year_quarter": 20181,
            "year": 2018,
            "quarter": 1,
            "eps": 0.25,
            "eps_growth_year": null,
            "eps_4q": 0.48,
            "eps_4q_growth_year": 0.06,
            "roe": 1.03,
            "roe_4q": 1.5699999999999998,
            "gross_profit": 86699,
            "gross_margin": 4,
            "gross_margin_4q_avg": 3.66,
            "net_income": 44540,
            "net_income_4q": null,
            "revenue": 2165048,
            "revenue_4q": null,
            "common_shares": 1812645,
            "book_valuer_per_share": 21.66,
            "book_valuer_per_share_4q_avg": 20.07,
            "equity": 4401909,
            "current_ratio": 152.74,
            "debt_ratio": 45.48,
            "inventory_turnover_ratio": 1.27,
            "account_receivable_turnover_ratio": 2.9,
            "reinvestment_rate": null,
            "research_to_sale_ratio": 0.07,
            "price_fair": 1.56,
            "eps_avg_yearly": 0.52,
            "eps_latest_yearly": 1,
            "eps_growth_yearly": -113.79
        },
        "20182": {
            "year_quarter": 20182,
            "year": 2018,
            "quarter": 2,
            "eps": 0.08,
            "eps_growth_year": null,
            "eps_4q": 0.65,
            "eps_4q_growth_year": 91.58,
            "roe": 0.29,
            "roe_4q": 2.7199999999999998,
            "gross_profit": -16130,
            "gross_margin": -0.78,
            "gross_margin_4q_avg": 3.06,
            "net_income": 12503,
            "net_income_4q": null,
            "revenue": 2055938,
            "revenue_4q": null,
            "common_shares": 1812645,
            "book_valuer_per_share": 20.88,
            "book_valuer_per_share_4q_avg": 20.44,
            "equity": 4259358,
            "current_ratio": 147.99,
            "debt_ratio": 46.65,
            "inventory_turnover_ratio": 1.3,
            "account_receivable_turnover_ratio": 3.18,
            "reinvestment_rate": null,
            "research_to_sale_ratio": 0.09,
            "price_fair": 1.36,
            "eps_avg_yearly": 0.45,
            "eps_latest_yearly": 0.32,
            "eps_growth_yearly": -166.53
        },
        "20183": {
            "year_quarter": 20183,
            "year": 2018,
            "quarter": 3,
            "eps": -0.59,
            "eps_growth_year": null,
            "eps_4q": 0.32,
            "eps_4q_growth_year": 92.93,
            "roe": -2.58,
            "roe_4q": 1.39,
            "gross_profit": -95951,
            "gross_margin": -5.98,
            "gross_margin_4q_avg": 1.79,
            "net_income": -108030,
            "net_income_4q": null,
            "revenue": 1605358,
            "revenue_4q": null,
            "common_shares": 1812645,
            "book_valuer_per_share": 20.02,
            "book_valuer_per_share_4q_avg": 20.8,
            "equity": 4111518,
            "current_ratio": 135.74,
            "debt_ratio": 49.85,
            "inventory_turnover_ratio": 0.9,
            "account_receivable_turnover_ratio": 3.16,
            "reinvestment_rate": null,
            "research_to_sale_ratio": 0.09,
            "price_fair": 1.36,
            "eps_avg_yearly": 0.45,
            "eps_latest_yearly": 0.32,
            "eps_growth_yearly": -166.53
        },
        "20184": {
            "year_quarter": 20184,
            "year": 2018,
            "quarter": 4,
            "eps": -0.83,
            "eps_growth_year": -242.22,
            "eps_4q": -1.09,
            "eps_4q_growth_year": -1935.73,
            "roe": -3.89,
            "roe_4q": -5.15,
            "gross_profit": -150876,
            "gross_margin": -6.52,
            "gross_margin_4q_avg": -2.32,
            "net_income": -152306,
            "net_income_4q": null,
            "revenue": 2315743,
            "revenue_4q": null,
            "common_shares": 1812645,
            "book_valuer_per_share": 17.9,
            "book_valuer_per_share_4q_avg": 20.12,
            "equity": 3724621,
            "current_ratio": 120.82,
            "debt_ratio": 54.92,
            "inventory_turnover_ratio": 1.17,
            "account_receivable_turnover_ratio": 3.13,
            "reinvestment_rate": null,
            "research_to_sale_ratio": 0.06,
            "price_fair": 1.36,
            "eps_avg_yearly": 0.45,
            "eps_latest_yearly": 0.32,
            "eps_growth_yearly": -166.53
        },
        "20191": {
            "year_quarter": 20191,
            "year": 2019,
            "quarter": 1,
            "eps": -0.31,
            "eps_growth_year": -224,
            "eps_4q": -1.65,
            "eps_4q_growth_year": -447.2,
            "roe": -1.5,
            "roe_4q": -7.680000000000001,
            "gross_profit": -35670,
            "gross_margin": -1.67,
            "gross_margin_4q_avg": -3.74,
            "net_income": -56575,
            "net_income_4q": null,
            "revenue": 2134871,
            "revenue_4q": null,
            "common_shares": 1812645,
            "book_valuer_per_share": 18.42,
            "book_valuer_per_share_4q_avg": 19.31,
            "equity": 3818311,
            "current_ratio": 117.71,
            "debt_ratio": 53.53,
            "inventory_turnover_ratio": 1.06,
            "account_receivable_turnover_ratio": 2.29,
            "reinvestment_rate": null,
            "research_to_sale_ratio": 0.05,
            "price_fair": 1.36,
            "eps_avg_yearly": 0.45,
            "eps_latest_yearly": 0.32,
            "eps_growth_yearly": -166.53
        },
        "20192": {
            "year_quarter": 20192,
            "year": 2019,
            "quarter": 2,
            "eps": -0.1,
            "eps_growth_year": -225,
            "eps_4q": -1.82,
            "eps_4q_growth_year": -378.44,
            "roe": -0.5,
            "roe_4q": -8.47,
            "gross_profit": -24740,
            "gross_margin": -1.2,
            "gross_margin_4q_avg": -3.84,
            "net_income": -18939,
            "net_income_4q": null,
            "revenue": 2053350,
            "revenue_4q": null,
            "common_shares": 1812645,
            "book_valuer_per_share": 18.19,
            "book_valuer_per_share_4q_avg": 18.63,
            "equity": 3775278,
            "current_ratio": 95.19,
            "debt_ratio": 51.55,
            "inventory_turnover_ratio": 1.13,
            "account_receivable_turnover_ratio": 2.44,
            "reinvestment_rate": null,
            "research_to_sale_ratio": 0.03,
            "price_fair": 1.36,
            "eps_avg_yearly": 0.45,
            "eps_latest_yearly": 0.32,
            "eps_growth_yearly": -166.53
        },
        "20193": {
            "year_quarter": 20193,
            "year": 2019,
            "quarter": 3,
            "eps": -0.46,
            "eps_growth_year": null,
            "eps_4q": -1.69,
            "eps_4q_growth_year": -624,
            "roe": -2.29,
            "roe_4q": -8.18,
            "gross_profit": -58438,
            "gross_margin": -3.6,
            "gross_margin_4q_avg": -3.25,
            "net_income": -84601,
            "net_income_4q": null,
            "revenue": 1622027,
            "revenue_4q": null,
            "common_shares": 1812645,
            "book_valuer_per_share": 17.34,
            "book_valuer_per_share_4q_avg": 17.96,
            "equity": 3619704,
            "current_ratio": 96.28,
            "debt_ratio": 53.15,
            "inventory_turnover_ratio": 0.92,
            "account_receivable_turnover_ratio": 2.39,
            "reinvestment_rate": null,
            "research_to_sale_ratio": 0.05,
            "price_fair": 1.36,
            "eps_avg_yearly": 0.45,
            "eps_latest_yearly": 0.32,
            "eps_growth_yearly": -166.53
        },
        "20194": {
            "year_quarter": 20194,
            "year": 2019,
            "quarter": 4,
            "eps": -0.54,
            "eps_growth_year": null,
            "eps_4q": -1.4,
            "eps_4q_growth_year": null,
            "roe": -2.81,
            "roe_4q": -7.1,
            "gross_profit": -70832,
            "gross_margin": -3.3,
            "gross_margin_4q_avg": -2.44,
            "net_income": -99201,
            "net_income_4q": null,
            "revenue": 2143344,
            "revenue_4q": null,
            "common_shares": 1812645,
            "book_valuer_per_share": 16.4,
            "book_valuer_per_share_4q_avg": 17.59,
            "equity": 3447873,
            "current_ratio": 90.89,
            "debt_ratio": 56.35,
            "inventory_turnover_ratio": 1.14,
            "account_receivable_turnover_ratio": 3.38,
            "reinvestment_rate": null,
            "research_to_sale_ratio": 0.03,
            "price_fair": 1.36,
            "eps_avg_yearly": 0.45,
            "eps_latest_yearly": 0.32,
            "eps_growth_yearly": -166.53
        },
        "20201": {
            "year_quarter": 20201,
            "year": 2020,
            "quarter": 1,
            "eps": 0.12,
            "eps_growth_year": null,
            "eps_4q": -0.98,
            "eps_4q_growth_year": null,
            "roe": 0.58,
            "roe_4q": -5.02,
            "gross_profit": 76757,
            "gross_margin": 4.09,
            "gross_margin_4q_avg": -1,
            "net_income": 19002,
            "net_income_4q": null,
            "revenue": 1875974,
            "revenue_4q": null,
            "common_shares": 1812645,
            "book_valuer_per_share": 14.8,
            "book_valuer_per_share_4q_avg": 16.68,
            "equity": 3153602,
            "current_ratio": 91.08,
            "debt_ratio": 61.52,
            "inventory_turnover_ratio": 0.85,
            "account_receivable_turnover_ratio": 2.12,
            "reinvestment_rate": null,
            "research_to_sale_ratio": 0.03,
            "price_fair": 1.36,
            "eps_avg_yearly": 0.45,
            "eps_latest_yearly": 0.32,
            "eps_growth_yearly": -166.53
        },
        "20202": {
            "year_quarter": 20202,
            "year": 2020,
            "quarter": 2,
            "eps": 0.27,
            "eps_growth_year": null,
            "eps_4q": -0.61,
            "eps_4q_growth_year": null,
            "roe": 1.48,
            "roe_4q": -3.04,
            "gross_profit": 79132,
            "gross_margin": 3.88,
            "gross_margin_4q_avg": 0.27,
            "net_income": 47807,
            "net_income_4q": null,
            "revenue": 2037231,
            "revenue_4q": null,
            "common_shares": 1812645,
            "book_valuer_per_share": 15.62,
            "book_valuer_per_share_4q_avg": 16.04,
            "equity": 3310923,
            "current_ratio": 112.72,
            "debt_ratio": 57.01,
            "inventory_turnover_ratio": 0.95,
            "account_receivable_turnover_ratio": 2.45,
            "reinvestment_rate": null,
            "research_to_sale_ratio": 0.03,
            "price_fair": 8,
            "eps_avg_yearly": 0.8,
            "eps_latest_yearly": 1.08,
            "eps_growth_yearly": 0.14
        },
        "20203": {
            "year_quarter": 20203,
            "year": 2020,
            "quarter": 3,
            "eps": 0.13,
            "eps_growth_year": null,
            "eps_4q": -0.01,
            "eps_4q_growth_year": null,
            "roe": 0.68,
            "roe_4q": -0.06999999999999984,
            "gross_profit": 83382,
            "gross_margin": 5.13,
            "gross_margin_4q_avg": 2.45,
            "net_income": 22644,
            "net_income_4q": null,
            "revenue": 1623877,
            "revenue_4q": null,
            "common_shares": 1812645,
            "book_valuer_per_share": 16.04,
            "book_valuer_per_share_4q_avg": 15.72,
            "equity": 3385929,
            "current_ratio": 111.56,
            "debt_ratio": 55.91,
            "inventory_turnover_ratio": 0.77,
            "account_receivable_turnover_ratio": 2.97,
            "reinvestment_rate": null,
            "research_to_sale_ratio": 0.02,
            "price_fair": 2.19,
            "eps_avg_yearly": 0.73,
            "eps_latest_yearly": 0.52,
            "eps_growth_yearly": -51.75
        },
        "20204": {
            "year_quarter": 20204,
            "year": 2020,
            "quarter": 4,
            "eps": 0.35,
            "eps_growth_year": null,
            "eps_4q": 0.87,
            "eps_4q_growth_year": null,
            "roe": 1.74,
            "roe_4q": 4.4799999999999995,
            "gross_profit": 117499,
            "gross_margin": 5.69,
            "gross_margin_4q_avg": 4.7,
            "net_income": 60088,
            "net_income_4q": null,
            "revenue": 2063443,
            "revenue_4q": null,
            "common_shares": 1812645,
            "book_valuer_per_share": 16.91,
            "book_valuer_per_share_4q_avg": 15.84,
            "equity": 3540413,
            "current_ratio": 109.69,
            "debt_ratio": 57.36,
            "inventory_turnover_ratio": 0.83,
            "account_receivable_turnover_ratio": 3.57,
            "reinvestment_rate": null,
            "research_to_sale_ratio": 0.02,
            "price_fair": 30.24,
            "eps_avg_yearly": 0.86,
            "eps_latest_yearly": 1.4,
            "eps_growth_yearly": 93.99
        },
        "20211": {
            "year_quarter": 20211,
            "year": 2021,
            "quarter": 1,
            "eps": 0.45,
            "eps_growth_year": 275,
            "eps_4q": 1.21,
            "eps_4q_growth_year": null,
            "roe": 2.19,
            "roe_4q": 6.09,
            "gross_profit": 139008,
            "gross_margin": 6.07,
            "gross_margin_4q_avg": 5.19,
            "net_income": 78283,
            "net_income_4q": null,
            "revenue": 2290943,
            "revenue_4q": null,
            "common_shares": 1812645,
            "book_valuer_per_share": 17.24,
            "book_valuer_per_share_4q_avg": 16.45,
            "equity": 3597614,
            "current_ratio": 108,
            "debt_ratio": 57.53,
            "inventory_turnover_ratio": 0.91,
            "account_receivable_turnover_ratio": 3.32,
            "reinvestment_rate": null,
            "research_to_sale_ratio": 0.01,
            "price_fair": 35.7,
            "eps_avg_yearly": 1.02,
            "eps_latest_yearly": 1.8,
            "eps_growth_yearly": 97.37
        },
        "20212": {
            "year_quarter": 20212,
            "year": 2021,
            "quarter": 2,
            "eps": 0.93,
            "eps_growth_year": 244.44,
            "eps_4q": 1.87,
            "eps_4q_growth_year": null,
            "roe": 4.53,
            "roe_4q": 9.14,
            "gross_profit": 221424,
            "gross_margin": 9.18,
            "gross_margin_4q_avg": 6.52,
            "net_income": 165881,
            "net_income_4q": null,
            "revenue": 2412981,
            "revenue_4q": null,
            "common_shares": 1812645,
            "book_valuer_per_share": 18.18,
            "book_valuer_per_share_4q_avg": 17.09,
            "equity": 3721905,
            "current_ratio": 108.98,
            "debt_ratio": 54.3,
            "inventory_turnover_ratio": 1.04,
            "account_receivable_turnover_ratio": 3.86,
            "reinvestment_rate": 3003.39,
            "research_to_sale_ratio": 0.01,
            "price_fair": 49.2,
            "eps_avg_yearly": 1.41,
            "eps_latest_yearly": 3.72,
            "eps_growth_yearly": 144.41
        },
        "20213": {
            "year_quarter": 20213,
            "year": 2021,
            "quarter": 3,
            "eps": 0.42,
            "eps_growth_year": 223.08,
            "eps_4q": 2.15,
            "eps_4q_growth_year": null,
            "roe": 1.91,
            "roe_4q": 10.370000000000001,
            "gross_profit": 140473,
            "gross_margin": 5.66,
            "gross_margin_4q_avg": 6.65,
            "net_income": 71173,
            "net_income_4q": null,
            "revenue": 2481736,
            "revenue_4q": null,
            "common_shares": 1812645,
            "book_valuer_per_share": 18.83,
            "book_valuer_per_share_4q_avg": 17.79,
            "equity": 3727273,
            "current_ratio": 105.19,
            "debt_ratio": 57.64,
            "inventory_turnover_ratio": 1.19,
            "account_receivable_turnover_ratio": 3.19,
            "reinvestment_rate": 103.45,
            "research_to_sale_ratio": 0.01,
            "price_fair": 50.4,
            "eps_avg_yearly": 1.44,
            "eps_latest_yearly": 1.68,
            "eps_growth_yearly": 98.94
        },
        "20214": {
            "year_quarter": 20214,
            "year": 2021,
            "quarter": 4,
            "eps": 0.73,
            "eps_growth_year": 110.36,
            "eps_4q": 2.54,
            "eps_4q_growth_year": 190.9,
            "roe": 3.34,
            "roe_4q": 11.97,
            "gross_profit": 231924,
            "gross_margin": 7.63,
            "gross_margin_4q_avg": 7.14,
            "net_income": 127623,
            "net_income_4q": null,
            "revenue": 3039470,
            "revenue_4q": null,
            "common_shares": 1812645,
            "book_valuer_per_share": 19.87,
            "book_valuer_per_share_4q_avg": 18.53,
            "equity": 3911053,
            "current_ratio": 105.04,
            "debt_ratio": 56.46,
            "inventory_turnover_ratio": 1.43,
            "account_receivable_turnover_ratio": 2.89,
            "reinvestment_rate": 75.61,
            "research_to_sale_ratio": 0.01,
            "price_fair": 56.16,
            "eps_avg_yearly": 1.6,
            "eps_latest_yearly": 2.92,
            "eps_growth_yearly": 120.75
        },
        "20221": {
            "year_quarter": 20221,
            "year": 2022,
            "quarter": 1,
            "eps": 0.45,
            "eps_growth_year": 0,
            "eps_4q": 2.54,
            "eps_4q_growth_year": 110.84,
            "roe": 1.95,
            "roe_4q": 11.73,
            "gross_profit": 131010,
            "gross_margin": 4.84,
            "gross_margin_4q_avg": 6.83,
            "net_income": 77356,
            "net_income_4q": null,
            "revenue": 2706469,
            "revenue_4q": null,
            "common_shares": 1812645,
            "book_valuer_per_share": 20.51,
            "book_valuer_per_share_4q_avg": 19.35,
            "equity": 4022637,
            "current_ratio": 105.98,
            "debt_ratio": 57.1,
            "inventory_turnover_ratio": 1.17,
            "account_receivable_turnover_ratio": 2.5,
            "reinvestment_rate": 375.3,
            "research_to_sale_ratio": 0,
            "price_fair": 59.27,
            "eps_avg_yearly": 1.69,
            "eps_latest_yearly": 1.8,
            "eps_growth_yearly": 128.99
        },
        "20222": {
            "year_quarter": 20222,
            "year": 2022,
            "quarter": 2,
            "eps": 0.28,
            "eps_growth_year": -69.89,
            "eps_4q": 1.89,
            "eps_4q_growth_year": 1.11,
            "roe": 1.16,
            "roe_4q": 8.36,
            "gross_profit": 45791,
            "gross_margin": 1.68,
            "gross_margin_4q_avg": 4.95,
            "net_income": 45462,
            "net_income_4q": null,
            "revenue": 2730141,
            "revenue_4q": null,
            "common_shares": 1812645,
            "book_valuer_per_share": 19.23,
            "book_valuer_per_share_4q_avg": 19.61,
            "equity": 3795784,
            "current_ratio": 99.59,
            "debt_ratio": 58.49,
            "inventory_turnover_ratio": 1.15,
            "account_receivable_turnover_ratio": 2.91,
            "reinvestment_rate": 362.5,
            "research_to_sale_ratio": 0,
            "price_fair": 62.38,
            "eps_avg_yearly": 1.78,
            "eps_latest_yearly": 1.12,
            "eps_growth_yearly": 142.42
        },
        "20223": {
            "year_quarter": 20223,
            "year": 2022,
            "quarter": 3,
            "eps": 0.3,
            "eps_growth_year": -28.57,
            "eps_4q": 1.77,
            "eps_4q_growth_year": -17.6,
            "roe": 1.25,
            "roe_4q": 7.7,
            "gross_profit": 31604,
            "gross_margin": 1.04,
            "gross_margin_4q_avg": 3.8,
            "net_income": 48224,
            "net_income_4q": null,
            "revenue": 3028185,
            "revenue_4q": null,
            "common_shares": 1812645,
            "book_valuer_per_share": 19.89,
            "book_valuer_per_share_4q_avg": 19.88,
            "equity": 3908270,
            "current_ratio": 112.58,
            "debt_ratio": 59.56,
            "inventory_turnover_ratio": 1.33,
            "account_receivable_turnover_ratio": 2.89,
            "reinvestment_rate": 239.01,
            "research_to_sale_ratio": 0.01,
            "price_fair": 60.34,
            "eps_avg_yearly": 1.72,
            "eps_latest_yearly": 1.2,
            "eps_growth_yearly": 131.04
        },
        "20224": {
            "year_quarter": 20224,
            "year": 2022,
            "quarter": 4,
            "eps": 0.13,
            "eps_growth_year": -82.95,
            "eps_4q": 1.16,
            "eps_4q_growth_year": -54.14,
            "roe": 0.33,
            "roe_4q": 4.69,
            "gross_profit": 100667,
            "gross_margin": 3.9,
            "gross_margin_4q_avg": 2.87,
            "net_income": 13057,
            "net_income_4q": null,
            "revenue": 2580183,
            "revenue_4q": null,
            "common_shares": 1812645,
            "book_valuer_per_share": 20.16,
            "book_valuer_per_share_4q_avg": 19.95,
            "equity": 3947369,
            "current_ratio": 109.23,
            "debt_ratio": 58,
            "inventory_turnover_ratio": 1.16,
            "account_receivable_turnover_ratio": 2.24,
            "reinvestment_rate": 190.11,
            "research_to_sale_ratio": 0,
            "price_fair": 56.51,
            "eps_avg_yearly": 1.61,
            "eps_latest_yearly": 0.52,
            "eps_growth_yearly": 98.52
        },
        "20231": {
            "year_quarter": 20231,
            "year": 2023,
            "quarter": 1,
            "eps": 0.28,
            "eps_growth_year": -37.78,
            "eps_4q": 0.99,
            "eps_4q_growth_year": -61.12,
            "roe": 1.07,
            "roe_4q": 3.8100000000000005,
            "gross_profit": 51593,
            "gross_margin": 2.19,
            "gross_margin_4q_avg": 2.2,
            "net_income": 42388,
            "net_income_4q": null,
            "revenue": 2359097,
            "revenue_4q": null,
            "common_shares": 1812645,
            "book_valuer_per_share": 20.56,
            "book_valuer_per_share_4q_avg": 19.96,
            "equity": 4011888,
            "current_ratio": 108.32,
            "debt_ratio": 59.46,
            "inventory_turnover_ratio": 1.05,
            "account_receivable_turnover_ratio": 2.1,
            "reinvestment_rate": 162.13,
            "research_to_sale_ratio": 0.01,
            "price_fair": 55.07,
            "eps_avg_yearly": 1.57,
            "eps_latest_yearly": 1.12,
            "eps_growth_yearly": 128.77
        },
        "20232": {
            "year_quarter": 20232,
            "year": 2023,
            "quarter": 2,
            "eps": 0.16,
            "eps_growth_year": -42.86,
            "eps_4q": 0.83,
            "eps_4q_growth_year": -56.12,
            "roe": 0.61,
            "roe_4q": 3.2600000000000002,
            "gross_profit": 82394,
            "gross_margin": 3.64,
            "gross_margin_4q_avg": 2.69,
            "net_income": 24316,
            "net_income_4q": null,
            "revenue": 2265082,
            "revenue_4q": null,
            "common_shares": 1812645,
            "book_valuer_per_share": 20.51,
            "book_valuer_per_share_4q_avg": 20.28,
            "equity": 3986058,
            "current_ratio": 105.3,
            "debt_ratio": 57.71,
            "inventory_turnover_ratio": 0.95,
            "account_receivable_turnover_ratio": 2.14,
            "reinvestment_rate": 178.72,
            "research_to_sale_ratio": 0.01,
            "price_fair": 52.55,
            "eps_avg_yearly": 1.5,
            "eps_latest_yearly": 0.64,
            "eps_growth_yearly": 105.68
        },
        "20233": {
            "year_quarter": 20233,
            "year": 2023,
            "quarter": 3,
            "eps": 0,
            "eps_growth_year": -100,
            "eps_4q": 0.55,
            "eps_4q_growth_year": -69.2,
            "roe": -0.11,
            "roe_4q": 1.9000000000000001,
            "gross_profit": 51570,
            "gross_margin": 2.4,
            "gross_margin_4q_avg": 3.03,
            "net_income": -4395,
            "net_income_4q": null,
            "revenue": 2145264,
            "revenue_4q": null,
            "common_shares": 1903277,
            "book_valuer_per_share": 19.42,
            "book_valuer_per_share_4q_avg": 20.16,
            "equity": 3960636,
            "current_ratio": 100.07,
            "debt_ratio": 59.04,
            "inventory_turnover_ratio": 0.87,
            "account_receivable_turnover_ratio": 2.35,
            "reinvestment_rate": 159.12,
            "research_to_sale_ratio": 0.02,
            "price_fair": 52.55,
            "eps_avg_yearly": 1.5,
            "eps_latest_yearly": 0.64,
            "eps_growth_yearly": 105.68
        },
        "20234": {
            "year_quarter": 20234,
            "year": 2023,
            "quarter": 4,
            "eps": -0.15,
            "eps_growth_year": -216.97,
            "eps_4q": 0.28,
            "eps_4q_growth_year": -75.92,
            "roe": -0.82,
            "roe_4q": 0.7500000000000001,
            "gross_profit": 66758,
            "gross_margin": 2.57,
            "gross_margin_4q_avg": 2.7,
            "net_income": -32322,
            "net_income_4q": null,
            "revenue": 2595646,
            "revenue_4q": null,
            "common_shares": 1903277,
            "book_valuer_per_share": 19.44,
            "book_valuer_per_share_4q_avg": 19.98,
            "equity": 3958645,
            "current_ratio": 100.51,
            "debt_ratio": 58.1,
            "inventory_turnover_ratio": 1.07,
            "account_receivable_turnover_ratio": 2.43,
            "reinvestment_rate": 133.43,
            "research_to_sale_ratio": 0.02,
            "price_fair": 52.55,
            "eps_avg_yearly": 1.5,
            "eps_latest_yearly": 0.64,
            "eps_growth_yearly": 105.68
        }
    },
    "months": {
        "2007-09": {
            "month": "2007-09",
            "price": "23.29",
            "revenue": 1003006
        },
        "2007-10": {
            "month": "2007-10",
            "price": "22.42",
            "revenue": 1310036
        },
        "2007-11": {
            "month": "2007-11",
            "price": "17.76",
            "revenue": 1565894
        },
        "2007-12": {
            "month": "2007-12",
            "price": "19.37",
            "revenue": 1427724
        },
        "2008-01": {
            "month": "2008-01",
            "price": "19.03",
            "revenue": 1618520
        },
        "2008-02": {
            "month": "2008-02",
            "price": "21.77",
            "revenue": 1370650
        },
        "2008-03": {
            "month": "2008-03",
            "price": "24.02",
            "revenue": 1720759
        },
        "2008-04": {
            "month": "2008-04",
            "price": "25.54",
            "revenue": 1863533
        },
        "2008-05": {
            "month": "2008-05",
            "price": "37.37",
            "revenue": 1897734
        },
        "2008-06": {
            "month": "2008-06",
            "price": "30.83",
            "revenue": 1506387
        },
        "2008-07": {
            "month": "2008-07",
            "price": "27.28",
            "revenue": 1258267
        },
        "2008-08": {
            "month": "2008-08",
            "price": "24.20",
            "revenue": 1510835
        },
        "2008-09": {
            "month": "2008-09",
            "price": "21.47",
            "revenue": 1411931
        },
        "2008-10": {
            "month": "2008-10",
            "price": "15.58",
            "revenue": 1599832
        },
        "2008-11": {
            "month": "2008-11",
            "price": "16.61",
            "revenue": 1199994
        },
        "2008-12": {
            "month": "2008-12",
            "price": "20.68",
            "revenue": 832524
        },
        "2009-01": {
            "month": "2009-01",
            "price": "21.74",
            "revenue": 473996
        },
        "2009-02": {
            "month": "2009-02",
            "price": "18.68",
            "revenue": 741670
        },
        "2009-03": {
            "month": "2009-03",
            "price": "17.90",
            "revenue": 836985
        },
        "2009-04": {
            "month": "2009-04",
            "price": "21.53",
            "revenue": 667696
        },
        "2009-05": {
            "month": "2009-05",
            "price": "21.69",
            "revenue": 873940
        },
        "2009-06": {
            "month": "2009-06",
            "price": "24.10",
            "revenue": 900177
        },
        "2009-07": {
            "month": "2009-07",
            "price": "20.97",
            "revenue": 874100
        },
        "2009-08": {
            "month": "2009-08",
            "price": "20.70",
            "revenue": 890866
        },
        "2009-09": {
            "month": "2009-09",
            "price": "19.69",
            "revenue": 1061662
        },
        "2009-10": {
            "month": "2009-10",
            "price": "18.73",
            "revenue": 1203755
        },
        "2009-11": {
            "month": "2009-11",
            "price": "18.04",
            "revenue": 949998
        },
        "2009-12": {
            "month": "2009-12",
            "price": "19.51",
            "revenue": 961476
        },
        "2010-01": {
            "month": "2010-01",
            "price": "21.43",
            "revenue": 1066947
        },
        "2010-02": {
            "month": "2010-02",
            "price": "19.31",
            "revenue": 505657
        },
        "2010-03": {
            "month": "2010-03",
            "price": "20.04",
            "revenue": 1076547
        },
        "2010-04": {
            "month": "2010-04",
            "price": "21.50",
            "revenue": 1263555
        },
        "2010-05": {
            "month": "2010-05",
            "price": "17.25",
            "revenue": 1147605
        },
        "2010-06": {
            "month": "2010-06",
            "price": "15.60",
            "revenue": 1044638
        },
        "2010-07": {
            "month": "2010-07",
            "price": "15.97",
            "revenue": 891794
        },
        "2010-08": {
            "month": "2010-08",
            "price": "16.45",
            "revenue": 843214
        },
        "2010-09": {
            "month": "2010-09",
            "price": "15.87",
            "revenue": 677347
        },
        "2010-10": {
            "month": "2010-10",
            "price": "15.37",
            "revenue": 944217
        },
        "2010-11": {
            "month": "2010-11",
            "price": "14.49",
            "revenue": 1097208
        },
        "2010-12": {
            "month": "2010-12",
            "price": "15.57",
            "revenue": 1301820
        },
        "2011-01": {
            "month": "2011-01",
            "price": "17.85",
            "revenue": 1333578
        },
        "2011-02": {
            "month": "2011-02",
            "price": "17.66",
            "revenue": 850931
        },
        "2011-03": {
            "month": "2011-03",
            "price": "16.34",
            "revenue": 1546201
        },
        "2011-04": {
            "month": "2011-04",
            "price": "16.45",
            "revenue": 1234118
        },
        "2011-05": {
            "month": "2011-05",
            "price": "16.99",
            "revenue": 1218602
        },
        "2011-06": {
            "month": "2011-06",
            "price": "15.95",
            "revenue": 1114249
        },
        "2011-07": {
            "month": "2011-07",
            "price": "15.55",
            "revenue": 1134088
        },
        "2011-08": {
            "month": "2011-08",
            "price": "15.07",
            "revenue": 1270154
        },
        "2011-09": {
            "month": "2011-09",
            "price": "15.24",
            "revenue": 1043045
        },
        "2011-10": {
            "month": "2011-10",
            "price": "14.83",
            "revenue": 1181812
        },
        "2011-11": {
            "month": "2011-11",
            "price": "14.03",
            "revenue": 1239334
        },
        "2011-12": {
            "month": "2011-12",
            "price": "13.47",
            "revenue": 1224266
        },
        "2012-01": {
            "month": "2012-01",
            "price": "13.28",
            "revenue": 953074
        },
        "2012-02": {
            "month": "2012-02",
            "price": "14.49",
            "revenue": 1211020
        },
        "2012-03": {
            "month": "2012-03",
            "price": "14.67",
            "revenue": 1305131
        },
        "2012-04": {
            "month": "2012-04",
            "price": "14.10",
            "revenue": 1161947
        },
        "2012-05": {
            "month": "2012-05",
            "price": "13.80",
            "revenue": 1225358
        },
        "2012-06": {
            "month": "2012-06",
            "price": "13.29",
            "revenue": 1012711
        },
        "2012-07": {
            "month": "2012-07",
            "price": "10.79",
            "revenue": 1068275
        },
        "2012-08": {
            "month": "2012-08",
            "price": "10.49",
            "revenue": 903966
        },
        "2012-09": {
            "month": "2012-09",
            "price": "10.80",
            "revenue": 985826
        },
        "2012-10": {
            "month": "2012-10",
            "price": "10.29",
            "revenue": 1051194
        },
        "2012-11": {
            "month": "2012-11",
            "price": "9.51",
            "revenue": 994836
        },
        "2012-12": {
            "month": "2012-12",
            "price": "10.38",
            "revenue": 1009791
        },
        "2013-01": {
            "month": "2013-01",
            "price": "11.35",
            "revenue": 1307723
        },
        "2013-02": {
            "month": "2013-02",
            "price": "10.83",
            "revenue": 718319
        },
        "2013-03": {
            "month": "2013-03",
            "price": "10.34",
            "revenue": 1047366
        },
        "2013-04": {
            "month": "2013-04",
            "price": "10.12",
            "revenue": 901381
        },
        "2013-05": {
            "month": "2013-05",
            "price": "10.32",
            "revenue": 793929
        },
        "2013-06": {
            "month": "2013-06",
            "price": "10.17",
            "revenue": 811137
        },
        "2013-07": {
            "month": "2013-07",
            "price": "10.16",
            "revenue": 918731
        },
        "2013-08": {
            "month": "2013-08",
            "price": "9.78",
            "revenue": 882947
        },
        "2013-09": {
            "month": "2013-09",
            "price": "9.74",
            "revenue": 809310
        },
        "2013-10": {
            "month": "2013-10",
            "price": "9.70",
            "revenue": 1079284
        },
        "2013-11": {
            "month": "2013-11",
            "price": "9.19",
            "revenue": 1180201
        },
        "2013-12": {
            "month": "2013-12",
            "price": "9.29",
            "revenue": 1391822
        },
        "2014-01": {
            "month": "2014-01",
            "price": "9.62",
            "revenue": 1072527
        },
        "2014-02": {
            "month": "2014-02",
            "price": "9.44",
            "revenue": 853457
        },
        "2014-03": {
            "month": "2014-03",
            "price": "9.28",
            "revenue": 1184224
        },
        "2014-04": {
            "month": "2014-04",
            "price": "9.26",
            "revenue": 1027102
        },
        "2014-05": {
            "month": "2014-05",
            "price": "9.16",
            "revenue": 940161
        },
        "2014-06": {
            "month": "2014-06",
            "price": "9.08",
            "revenue": 877204
        },
        "2014-07": {
            "month": "2014-07",
            "price": "9.07",
            "revenue": 1108261
        },
        "2014-08": {
            "month": "2014-08",
            "price": "9.44",
            "revenue": 952189
        },
        "2014-09": {
            "month": "2014-09",
            "price": "9.64",
            "revenue": 773525
        },
        "2014-10": {
            "month": "2014-10",
            "price": "8.36",
            "revenue": 571346
        },
        "2014-11": {
            "month": "2014-11",
            "price": "7.86",
            "revenue": 702781
        },
        "2014-12": {
            "month": "2014-12",
            "price": "8.10",
            "revenue": 879525
        },
        "2015-01": {
            "month": "2015-01",
            "price": "8.19",
            "revenue": 863861
        },
        "2015-02": {
            "month": "2015-02",
            "price": "8.13",
            "revenue": 565240
        },
        "2015-03": {
            "month": "2015-03",
            "price": "7.93",
            "revenue": 905718
        },
        "2015-04": {
            "month": "2015-04",
            "price": "7.82",
            "revenue": 783489
        },
        "2015-05": {
            "month": "2015-05",
            "price": "7.57",
            "revenue": 727637
        },
        "2015-06": {
            "month": "2015-06",
            "price": "6.83",
            "revenue": 645548
        },
        "2015-07": {
            "month": "2015-07",
            "price": "6.30",
            "revenue": 799217
        },
        "2015-08": {
            "month": "2015-08",
            "price": "5.59",
            "revenue": 616597
        },
        "2015-09": {
            "month": "2015-09",
            "price": "5.64",
            "revenue": 514294
        },
        "2015-10": {
            "month": "2015-10",
            "price": "5.90",
            "revenue": 575612
        },
        "2015-11": {
            "month": "2015-11",
            "price": "5.66",
            "revenue": 497480
        },
        "2015-12": {
            "month": "2015-12",
            "price": "5.55",
            "revenue": 528977
        },
        "2016-01": {
            "month": "2016-01",
            "price": "5.82",
            "revenue": 402847
        },
        "2016-02": {
            "month": "2016-02",
            "price": "6.09",
            "revenue": 255386
        },
        "2016-03": {
            "month": "2016-03",
            "price": "6.35",
            "revenue": 428151
        },
        "2016-04": {
            "month": "2016-04",
            "price": "6.28",
            "revenue": 458261
        },
        "2016-05": {
            "month": "2016-05",
            "price": "6.04",
            "revenue": 416825
        },
        "2016-06": {
            "month": "2016-06",
            "price": "5.99",
            "revenue": 368479
        },
        "2016-07": {
            "month": "2016-07",
            "price": "6.10",
            "revenue": 359752
        },
        "2016-08": {
            "month": "2016-08",
            "price": "6.22",
            "revenue": 455450
        },
        "2016-09": {
            "month": "2016-09",
            "price": "6.25",
            "revenue": 364576
        },
        "2016-10": {
            "month": "2016-10",
            "price": "6.31",
            "revenue": 381133
        },
        "2016-11": {
            "month": "2016-11",
            "price": "6.70",
            "revenue": 492715
        },
        "2016-12": {
            "month": "2016-12",
            "price": "7.01",
            "revenue": 376591
        },
        "2017-01": {
            "month": "2017-01",
            "price": "6.76",
            "revenue": 277090
        },
        "2017-02": {
            "month": "2017-02",
            "price": "7.41",
            "revenue": 278026
        },
        "2017-03": {
            "month": "2017-03",
            "price": "8.37",
            "revenue": 470231
        },
        "2017-04": {
            "month": "2017-04",
            "price": "8.25",
            "revenue": 361563
        },
        "2017-05": {
            "month": "2017-05",
            "price": "7.80",
            "revenue": 386494
        },
        "2017-06": {
            "month": "2017-06",
            "price": "8.03",
            "revenue": 351990
        },
        "2017-07": {
            "month": "2017-07",
            "price": "8.09",
            "revenue": 435516
        },
        "2017-08": {
            "month": "2017-08",
            "price": "8.19",
            "revenue": 466386
        },
        "2017-09": {
            "month": "2017-09",
            "price": "7.95",
            "revenue": 418027
        },
        "2017-10": {
            "month": "2017-10",
            "price": "7.93",
            "revenue": 508870
        },
        "2017-11": {
            "month": "2017-11",
            "price": "7.80",
            "revenue": 577797
        },
        "2017-12": {
            "month": "2017-12",
            "price": "7.86",
            "revenue": 745536
        },
        "2018-01": {
            "month": "2018-01",
            "price": "10.62",
            "revenue": 765960
        },
        "2018-02": {
            "month": "2018-02",
            "price": "12.07",
            "revenue": 507448
        },
        "2018-03": {
            "month": "2018-03",
            "price": "12.85",
            "revenue": 891640
        },
        "2018-04": {
            "month": "2018-04",
            "price": "13.30",
            "revenue": 682089
        },
        "2018-05": {
            "month": "2018-05",
            "price": "12.36",
            "revenue": 785698
        },
        "2018-06": {
            "month": "2018-06",
            "price": "11.94",
            "revenue": 588151
        },
        "2018-07": {
            "month": "2018-07",
            "price": "10.63",
            "revenue": 562490
        },
        "2018-08": {
            "month": "2018-08",
            "price": "10.53",
            "revenue": 465237
        },
        "2018-09": {
            "month": "2018-09",
            "price": "10.13",
            "revenue": 577631
        },
        "2018-10": {
            "month": "2018-10",
            "price": "9.12",
            "revenue": 758387
        },
        "2018-11": {
            "month": "2018-11",
            "price": "8.49",
            "revenue": 697898
        },
        "2018-12": {
            "month": "2018-12",
            "price": "8.04",
            "revenue": 859458
        },
        "2019-01": {
            "month": "2019-01",
            "price": "7.94",
            "revenue": 783653
        },
        "2019-02": {
            "month": "2019-02",
            "price": "8.18",
            "revenue": 557953
        },
        "2019-03": {
            "month": "2019-03",
            "price": "8.18",
            "revenue": 793264
        },
        "2019-04": {
            "month": "2019-04",
            "price": "7.86",
            "revenue": 745003
        },
        "2019-05": {
            "month": "2019-05",
            "price": "7.62",
            "revenue": 709582
        },
        "2019-06": {
            "month": "2019-06",
            "price": "7.45",
            "revenue": 598766
        },
        "2019-07": {
            "month": "2019-07",
            "price": "7.30",
            "revenue": 539819
        },
        "2019-08": {
            "month": "2019-08",
            "price": "7.12",
            "revenue": 494017
        },
        "2019-09": {
            "month": "2019-09",
            "price": "7.39",
            "revenue": 588190
        },
        "2019-10": {
            "month": "2019-10",
            "price": "7.40",
            "revenue": 677010
        },
        "2019-11": {
            "month": "2019-11",
            "price": "7.15",
            "revenue": 723744
        },
        "2019-12": {
            "month": "2019-12",
            "price": "7.20",
            "revenue": 742591
        },
        "2020-01": {
            "month": "2020-01",
            "price": "7.09",
            "revenue": 472956
        },
        "2020-02": {
            "month": "2020-02",
            "price": "6.92",
            "revenue": 646442
        },
        "2020-03": {
            "month": "2020-03",
            "price": "5.67",
            "revenue": 756575
        },
        "2020-04": {
            "month": "2020-04",
            "price": "5.44",
            "revenue": 775398
        },
        "2020-05": {
            "month": "2020-05",
            "price": "6.43",
            "revenue": 657470
        },
        "2020-06": {
            "month": "2020-06",
            "price": "7.17",
            "revenue": 604364
        },
        "2020-07": {
            "month": "2020-07",
            "price": "7.22",
            "revenue": 620794
        },
        "2020-08": {
            "month": "2020-08",
            "price": "7.86",
            "revenue": 510825
        },
        "2020-09": {
            "month": "2020-09",
            "price": "10.22",
            "revenue": 492258
        },
        "2020-10": {
            "month": "2020-10",
            "price": "9.82",
            "revenue": 557022
        },
        "2020-11": {
            "month": "2020-11",
            "price": "10.68",
            "revenue": 698833
        },
        "2020-12": {
            "month": "2020-12",
            "price": "17.05",
            "revenue": 807588
        },
        "2021-01": {
            "month": "2021-01",
            "price": "19.06",
            "revenue": 787410
        },
        "2021-02": {
            "month": "2021-02",
            "price": "17.02",
            "revenue": 572909
        },
        "2021-03": {
            "month": "2021-03",
            "price": "18.22",
            "revenue": 930624
        },
        "2021-04": {
            "month": "2021-04",
            "price": "28.01",
            "revenue": 805877
        },
        "2021-05": {
            "month": "2021-05",
            "price": "31.78",
            "revenue": 803225
        },
        "2021-06": {
            "month": "2021-06",
            "price": "49.97",
            "revenue": 803879
        },
        "2021-07": {
            "month": "2021-07",
            "price": "52.45",
            "revenue": 776281
        },
        "2021-08": {
            "month": "2021-08",
            "price": "42.72",
            "revenue": 749054
        },
        "2021-09": {
            "month": "2021-09",
            "price": "37.61",
            "revenue": 956401
        },
        "2021-10": {
            "month": "2021-10",
            "price": "33.28",
            "revenue": 971203
        },
        "2021-11": {
            "month": "2021-11",
            "price": "34.39",
            "revenue": 998261
        },
        "2021-12": {
            "month": "2021-12",
            "price": "35.70",
            "revenue": 1070006
        },
        "2022-01": {
            "month": "2022-01",
            "price": "31.78",
            "revenue": 938678
        },
        "2022-02": {
            "month": "2022-02",
            "price": "31.96",
            "revenue": 742336
        },
        "2022-03": {
            "month": "2022-03",
            "price": "33.71",
            "revenue": 1025455
        },
        "2022-04": {
            "month": "2022-04",
            "price": "32.81",
            "revenue": 895997
        },
        "2022-05": {
            "month": "2022-05",
            "price": "26.54",
            "revenue": 885689
        },
        "2022-06": {
            "month": "2022-06",
            "price": "23.27",
            "revenue": 948455
        },
        "2022-07": {
            "month": "2022-07",
            "price": "20.31",
            "revenue": 977276
        },
        "2022-08": {
            "month": "2022-08",
            "price": "22.64",
            "revenue": 1110642
        },
        "2022-09": {
            "month": "2022-09",
            "price": "20.88",
            "revenue": 940267
        },
        "2022-10": {
            "month": "2022-10",
            "price": "18.32",
            "revenue": 890415
        },
        "2022-11": {
            "month": "2022-11",
            "price": "19.06",
            "revenue": 886895
        },
        "2022-12": {
            "month": "2022-12",
            "price": "21.28",
            "revenue": 802873
        },
        "2023-01": {
            "month": "2023-01",
            "price": "22.28",
            "revenue": 524707
        },
        "2023-02": {
            "month": "2023-02",
            "price": "23.02",
            "revenue": 818337
        },
        "2023-03": {
            "month": "2023-03",
            "price": "22.44",
            "revenue": 1016053
        },
        "2023-04": {
            "month": "2023-04",
            "price": "21.33",
            "revenue": 823735
        },
        "2023-05": {
            "month": "2023-05",
            "price": "19.99",
            "revenue": 820443
        },
        "2023-06": {
            "month": "2023-06",
            "price": "20.24",
            "revenue": 620903
        },
        "2023-07": {
            "month": "2023-07",
            "price": "19.44",
            "revenue": 683199
        },
        "2023-08": {
            "month": "2023-08",
            "price": "18.93",
            "revenue": 758000
        },
        "2023-09": {
            "month": "2023-09",
            "price": "18.02",
            "revenue": 704066
        },
        "2023-10": {
            "month": "2023-10",
            "price": "17.13",
            "revenue": 839937
        },
        "2023-11": {
            "month": "2023-11",
            "price": "17.60",
            "revenue": 896843
        },
        "2023-12": {
            "month": "2023-12",
            "price": "20.19",
            "revenue": 858866
        }
    }
}
