{
    "summary": {
        "stock_name": "上銀",
        "stock_id": "2049",
        "category": "電機機械",
        "main_business": "CB01010機械設備製造業。<br>CB01990其他機械製造業(許可及限制業務除外)。<br>CC01010發電、輸電、配電機械製造業。",
        "website_url": "http://www.hiwin.tw",
        "ceo": "蔡惠卿",
        "pe_ratio": 38,
        "report_year_from": 2001,
        "report_year_to": 2023,
        "age": 23,
        "eps_negative_percentage": 0,
        "eps_growth_avg": {
            "last_all": 14.06,
            "last_2y": 11.66,
            "last_4y": -6.77,
            "last_8y": 11.11,
            "last_12y": 12.58,
            "last_16y": null,
            "last_20y": null,
            "at_2006_last_3y": null,
            "at_2007_last_3y": null,
            "at_2008_last_3y": null,
            "at_2009_last_3y": null,
            "at_2010_last_3y": null,
            "at_2011_last_3y": 40.34,
            "at_2012_last_3y": 20.89,
            "at_2013_last_3y": 37.05,
            "at_2014_last_3y": 15.9,
            "at_2015_last_3y": -17.42,
            "at_2016_last_3y": -10.44,
            "at_2017_last_3y": 15.13,
            "at_2018_last_3y": 33.46,
            "at_2019_last_3y": 25.06,
            "at_2020_last_3y": 29.98,
            "at_2021_last_3y": 23.48,
            "at_2022_last_3y": 7.32,
            "at_2023_last_3y": 8.25,
            "at_2024_last_3y": 8.25,
            "at_2006_last_all": null,
            "at_2007_last_all": null,
            "at_2008_last_all": null,
            "at_2009_last_all": -19.31,
            "at_2010_last_all": 20.46,
            "at_2011_last_all": 40.34,
            "at_2012_last_all": 22.37,
            "at_2013_last_all": 18.26,
            "at_2014_last_all": 17.85,
            "at_2015_last_all": 11.46,
            "at_2016_last_all": 7.79,
            "at_2017_last_all": 17.01,
            "at_2018_last_all": 23.53,
            "at_2019_last_all": 16,
            "at_2020_last_all": 14.62,
            "at_2021_last_all": 18.86,
            "at_2022_last_all": 19.21,
            "at_2023_last_all": 14.06,
            "at_2024_last_all": 14.06
        },
        "latest_eps": 6.11,
        "latest_price": 235,
        "latest_roe": 5.6,
        "latest_gross_margin": 33.27,
        "latest_equity": 34748854,
        "latest_revenue": 6557875,
        "latest_gross_profit": 2181675,
        "latest_net_income": 545415,
        "latest_debt_ratio": 33.11,
        "latest_current_ratio": 226.02,
        "latest_account_receivable_turnover_ratio": 1.73,
        "latest_inventory_turnover_ratio": 0.52,
        "latest_reinvestment_rate": 2.31,
        "latest_research_to_sale_ratio": 3.71
    },
    "eps_dividends": {
        "2001": {
            "cash": 0,
            "stock": 0,
            "eps": 0
        },
        "2002": {
            "cash": 0,
            "stock": 0,
            "eps": 0
        },
        "2003": {
            "cash": 0.2,
            "stock": 0.4,
            "eps": 0
        },
        "2004": {
            "cash": 0.5,
            "stock": 0.7,
            "eps": 0
        },
        "2005": {
            "cash": 0.6,
            "stock": 1.2,
            "eps": 0
        },
        "2006": {
            "cash": 0.8,
            "stock": 1.2,
            "eps": 0
        },
        "2007": {
            "cash": 1.2,
            "stock": 0,
            "eps": 3.11
        },
        "2008": {
            "cash": 1.6,
            "stock": 0,
            "eps": 3.99
        },
        "2009": {
            "cash": 0.6,
            "stock": 0,
            "eps": 1.32
        },
        "2010": {
            "cash": 0.3,
            "stock": 0.2,
            "eps": 7.43
        },
        "2011": {
            "cash": 8.5,
            "stock": 0.8,
            "eps": 16.32
        },
        "2012": {
            "cash": 0,
            "stock": 0,
            "eps": 8.24
        },
        "2013": {
            "cash": 2.7,
            "stock": 0.3,
            "eps": 8.05
        },
        "2014": {
            "cash": 2.7,
            "stock": 0.3,
            "eps": 9.29
        },
        "2015": {
            "cash": 3.2,
            "stock": 0.3,
            "eps": 6.2
        },
        "2016": {
            "cash": 2.1,
            "stock": 0.2,
            "eps": 4.86
        },
        "2017": {
            "cash": 1.6,
            "stock": 0.2,
            "eps": 9.85
        },
        "2018": {
            "cash": 3.5,
            "stock": 0.3,
            "eps": 18.59
        },
        "2019": {
            "cash": 7,
            "stock": 0.3,
            "eps": 6.16
        },
        "2020": {
            "cash": 1.8,
            "stock": 0.3,
            "eps": 6.04
        },
        "2021": {
            "cash": 2,
            "stock": 0.3,
            "eps": 10.51
        },
        "2022": {
            "cash": 4.5,
            "stock": 0,
            "eps": 13.04
        },
        "2023": {
            "cash": 11,
            "stock": 0,
            "eps": 4.81
        }
    },
    "dividends": {
        "2003-06-27": {
            "cash": 0.2,
            "stock": 0.4
        },
        "2004-04-28": {
            "cash": 0.5,
            "stock": 0.7
        },
        "2005-04-07": {
            "cash": 0.6,
            "stock": 1.2
        },
        "2006-03-13": {
            "cash": 0.8,
            "stock": 1.2
        },
        "2007-03-30": {
            "cash": 1.2,
            "stock": 0
        },
        "2008-03-27": {
            "cash": 1.6,
            "stock": 0
        },
        "2009-05-01": {
            "cash": 0.6,
            "stock": 0
        },
        "2010-04-26": {
            "cash": 0.3,
            "stock": 0.2
        },
        "2011-01-01": {
            "cash": 5.5,
            "stock": 0.5
        },
        "2011-03-24": {
            "cash": 3,
            "stock": 0.3
        },
        "2013-03-25": {
            "cash": 2.7,
            "stock": 0.3
        },
        "2014-08-29": {
            "cash": 2.7,
            "stock": 0.3
        },
        "2015-08-28": {
            "cash": 3.2,
            "stock": 0.3
        },
        "2016-09-14": {
            "cash": 2.1,
            "stock": 0.2
        },
        "2017-08-31": {
            "cash": 1.6,
            "stock": 0.2
        },
        "2018-08-09": {
            "cash": 3.5,
            "stock": 0.3
        },
        "2019-09-05": {
            "cash": 7,
            "stock": 0.3
        },
        "2020-09-10": {
            "cash": 1.8,
            "stock": 0.3
        },
        "2021-09-09": {
            "cash": 2,
            "stock": 0.3
        },
        "2022-08-08": {
            "cash": 4.5,
            "stock": 0
        },
        "2023-02-24": {
            "cash": 5.5,
            "stock": 0
        },
        "2023-08-04": {
            "cash": 5.5,
            "stock": 0
        }
    },
    "prices": {
        "200101": "無",
        "200102": "無",
        "200103": "無",
        "200104": "無",
        "200105": "無",
        "200106": "無",
        "200107": "無",
        "200108": "無",
        "200109": "無",
        "200110": "無",
        "200111": "無",
        "200112": "無",
        "200201": "無",
        "200202": "無",
        "200203": "無",
        "200204": "無",
        "200205": "無",
        "200206": "無",
        "200207": "無",
        "200208": "無",
        "200209": "無",
        "200210": "無",
        "200211": "無",
        "200212": "無",
        "200301": "無",
        "200302": "無",
        "200303": "無",
        "200304": "無",
        "200305": "無",
        "200306": "無",
        "200307": "無",
        "200308": "無",
        "200309": "無",
        "200310": "無",
        "200311": "無",
        "200312": "無",
        "200401": "無",
        "200402": "無",
        "200403": "無",
        "200404": "無",
        "200405": "無",
        "200406": "無",
        "200407": "無",
        "200408": "無",
        "200409": "無",
        "200410": "無",
        "200411": "無",
        "200412": "無",
        "200501": "無",
        "200502": "無",
        "200503": "無",
        "200504": "無",
        "200505": "無",
        "200506": "無",
        "200507": "無",
        "200508": "無",
        "200509": "無",
        "200510": "無",
        "200511": "無",
        "200512": "無",
        "200601": "無",
        "200602": "無",
        "200603": "無",
        "200604": "無",
        "200605": "無",
        "200606": "無",
        "200607": "無",
        "200608": "無",
        "200609": "無",
        "200610": "無",
        "200611": "無",
        "200612": "無",
        "200701": "無",
        "200702": "無",
        "200703": "無",
        "200704": "無",
        "200705": "無",
        "200706": "50.35",
        "200707": "54.67",
        "200708": "54.41",
        "200709": "55.47",
        "200710": "52.41",
        "200711": "44.94",
        "200712": "41.14",
        "200801": "45.19",
        "200802": "44.68",
        "200803": "48.76",
        "200804": "50.13",
        "200805": "55.03",
        "200806": "54.50",
        "200807": "49.43",
        "200808": "49.06",
        "200809": "43.93",
        "200810": "34.87",
        "200811": "29.22",
        "200812": "25.20",
        "200901": "21.91",
        "200902": "21.50",
        "200903": "24.58",
        "200904": "32.27",
        "200905": "40.48",
        "200906": "30.20",
        "200907": "30.27",
        "200908": "28.92",
        "200909": "30.64",
        "200910": "34.89",
        "200911": "35.54",
        "200912": "40.25",
        "201001": "43.98",
        "201002": "44.89",
        "201003": "53.37",
        "201004": "66.91",
        "201005": "69.77",
        "201006": "70.08",
        "201007": "74.29",
        "201008": "79.30",
        "201009": "75.13",
        "201010": "79.71",
        "201011": "108.58",
        "201012": "141.78",
        "201101": "147.58",
        "201102": "172.32",
        "201103": "188.61",
        "201104": "228.92",
        "201105": "297.69",
        "201106": "291.67",
        "201107": "329.43",
        "201108": "325.20",
        "201109": "260.05",
        "201110": "240.38",
        "201111": "266.00",
        "201112": "251.34",
        "201201": "237.10",
        "201202": "312.30",
        "201203": "316.74",
        "201204": "284.22",
        "201205": "291.73",
        "201206": "293.62",
        "201207": "281.05",
        "201208": "245.05",
        "201209": "221.45",
        "201210": "207.98",
        "201211": "191.66",
        "201212": "209.67",
        "201301": "217.91",
        "201302": "239.58",
        "201303": "233.19",
        "201304": "212.75",
        "201305": "202.05",
        "201306": "183.66",
        "201307": "187.63",
        "201308": "190.33",
        "201309": "199.42",
        "201310": "223.39",
        "201311": "231.21",
        "201312": "250.89",
        "201401": "260.03",
        "201402": "289.06",
        "201403": "297.62",
        "201404": "299.71",
        "201405": "297.26",
        "201406": "320.95",
        "201407": "335.55",
        "201408": "295.21",
        "201409": "279.86",
        "201410": "248.68",
        "201411": "239.90",
        "201412": "262.85",
        "201501": "260.95",
        "201502": "260.54",
        "201503": "248.52",
        "201504": "229.65",
        "201505": "234.80",
        "201506": "218.29",
        "201507": "205.09",
        "201508": "169.43",
        "201509": "176.20",
        "201510": "182.57",
        "201511": "167.00",
        "201512": "136.41",
        "201601": "118.17",
        "201602": "129.88",
        "201603": "147.80",
        "201604": "147.63",
        "201605": "133.88",
        "201606": "140.33",
        "201607": "149.32",
        "201608": "166.35",
        "201609": "166.53",
        "201610": "151.20",
        "201611": "130.39",
        "201612": "141.30",
        "201701": "154.34",
        "201702": "180.28",
        "201703": "200.57",
        "201704": "186.14",
        "201705": "201.55",
        "201706": "204.65",
        "201707": "208.60",
        "201708": "252.22",
        "201709": "276.43",
        "201710": "293.16",
        "201711": "316.77",
        "201712": "318.55",
        "201801": "348.43",
        "201802": "368.19",
        "201803": "392.70",
        "201804": "471.33",
        "201805": "446.05",
        "201806": "391.05",
        "201807": "317.05",
        "201808": "278.76",
        "201809": "261.37",
        "201810": "215.59",
        "201811": "223.30",
        "201812": "233.86",
        "201901": "228.98",
        "201902": "264.38",
        "201903": "266.12",
        "201904": "288.52",
        "201905": "251.75",
        "201906": "246.87",
        "201907": "272.35",
        "201908": "251.10",
        "201909": "268.76",
        "201910": "263.05",
        "201911": "262.45",
        "201912": "274.27",
        "202001": "295.47",
        "202002": "311.92",
        "202003": "238.09",
        "202004": "239.72",
        "202005": "293.42",
        "202006": "304.10",
        "202007": "305.87",
        "202008": "319.88",
        "202009": "308.16",
        "202010": "274.39",
        "202011": "286.38",
        "202012": "352.80",
        "202101": "431.10",
        "202102": "406.08",
        "202103": "414.16",
        "202104": "414.05",
        "202105": "354.48",
        "202106": "388.74",
        "202107": "379.91",
        "202108": "329.39",
        "202109": "328.50",
        "202110": "301.30",
        "202111": "293.66",
        "202112": "292.75",
        "202201": "283.97",
        "202202": "274.03",
        "202203": "250.30",
        "202204": "227.00",
        "202205": "222.79",
        "202206": "250.17",
        "202207": "224.26",
        "202208": "213.33",
        "202209": "190.07",
        "202210": "166.55",
        "202211": "179.02",
        "202212": "185.11",
        "202301": "193.81",
        "202302": "238.56",
        "202303": "249.54",
        "202304": "247.18",
        "202305": "234.27",
        "202306": "240.25",
        "202307": "219.24",
        "202308": "200.70",
        "202309": "203.85",
        "202310": "202.55",
        "202311": "212.84",
        "202312": "228.02"
    },
    "quarters": {
        "20011": {
            "year_quarter": 20011,
            "year": 2001,
            "quarter": 1,
            "eps": null,
            "eps_growth_year": null,
            "eps_4q": null,
            "eps_4q_growth_year": null,
            "roe": null,
            "roe_4q": 0,
            "gross_profit": null,
            "gross_margin": null,
            "gross_margin_4q_avg": 0,
            "net_income": null,
            "net_income_4q": null,
            "revenue": null,
            "revenue_4q": null,
            "common_shares": null,
            "book_valuer_per_share": null,
            "book_valuer_per_share_4q_avg": 0,
            "equity": null,
            "current_ratio": null,
            "debt_ratio": null,
            "inventory_turnover_ratio": null,
            "account_receivable_turnover_ratio": null,
            "reinvestment_rate": null,
            "research_to_sale_ratio": null,
            "price_fair": 0,
            "eps_avg_yearly": 0,
            "eps_latest_yearly": 0,
            "eps_growth_yearly": 0
        },
        "20012": {
            "year_quarter": 20012,
            "year": 2001,
            "quarter": 2,
            "eps": null,
            "eps_growth_year": null,
            "eps_4q": null,
            "eps_4q_growth_year": null,
            "roe": null,
            "roe_4q": 0,
            "gross_profit": null,
            "gross_margin": null,
            "gross_margin_4q_avg": 0,
            "net_income": null,
            "net_income_4q": null,
            "revenue": null,
            "revenue_4q": null,
            "common_shares": null,
            "book_valuer_per_share": null,
            "book_valuer_per_share_4q_avg": 0,
            "equity": null,
            "current_ratio": null,
            "debt_ratio": null,
            "inventory_turnover_ratio": null,
            "account_receivable_turnover_ratio": null,
            "reinvestment_rate": null,
            "research_to_sale_ratio": null,
            "price_fair": 0,
            "eps_avg_yearly": 0,
            "eps_latest_yearly": 0,
            "eps_growth_yearly": 0
        },
        "20013": {
            "year_quarter": 20013,
            "year": 2001,
            "quarter": 3,
            "eps": null,
            "eps_growth_year": null,
            "eps_4q": null,
            "eps_4q_growth_year": null,
            "roe": null,
            "roe_4q": 0,
            "gross_profit": null,
            "gross_margin": null,
            "gross_margin_4q_avg": 0,
            "net_income": null,
            "net_income_4q": null,
            "revenue": null,
            "revenue_4q": null,
            "common_shares": null,
            "book_valuer_per_share": null,
            "book_valuer_per_share_4q_avg": 0,
            "equity": null,
            "current_ratio": null,
            "debt_ratio": null,
            "inventory_turnover_ratio": null,
            "account_receivable_turnover_ratio": null,
            "reinvestment_rate": null,
            "research_to_sale_ratio": null,
            "price_fair": 0,
            "eps_avg_yearly": 0,
            "eps_latest_yearly": 0,
            "eps_growth_yearly": 0
        },
        "20014": {
            "year_quarter": 20014,
            "year": 2001,
            "quarter": 4,
            "eps": null,
            "eps_growth_year": null,
            "eps_4q": null,
            "eps_4q_growth_year": null,
            "roe": null,
            "roe_4q": 0,
            "gross_profit": null,
            "gross_margin": null,
            "gross_margin_4q_avg": 0,
            "net_income": null,
            "net_income_4q": null,
            "revenue": null,
            "revenue_4q": null,
            "common_shares": 1358500,
            "book_valuer_per_share": 10.25,
            "book_valuer_per_share_4q_avg": 2.56,
            "equity": 1393082,
            "current_ratio": 111.33,
            "debt_ratio": 47.84,
            "inventory_turnover_ratio": null,
            "account_receivable_turnover_ratio": null,
            "reinvestment_rate": null,
            "research_to_sale_ratio": null,
            "price_fair": 0,
            "eps_avg_yearly": 0,
            "eps_latest_yearly": 0,
            "eps_growth_yearly": 0
        },
        "20021": {
            "year_quarter": 20021,
            "year": 2002,
            "quarter": 1,
            "eps": null,
            "eps_growth_year": null,
            "eps_4q": null,
            "eps_4q_growth_year": null,
            "roe": null,
            "roe_4q": 0,
            "gross_profit": null,
            "gross_margin": null,
            "gross_margin_4q_avg": 0,
            "net_income": null,
            "net_income_4q": null,
            "revenue": null,
            "revenue_4q": null,
            "common_shares": null,
            "book_valuer_per_share": null,
            "book_valuer_per_share_4q_avg": 2.56,
            "equity": null,
            "current_ratio": null,
            "debt_ratio": null,
            "inventory_turnover_ratio": null,
            "account_receivable_turnover_ratio": null,
            "reinvestment_rate": null,
            "research_to_sale_ratio": null,
            "price_fair": 0,
            "eps_avg_yearly": 0,
            "eps_latest_yearly": 0,
            "eps_growth_yearly": 0
        },
        "20022": {
            "year_quarter": 20022,
            "year": 2002,
            "quarter": 2,
            "eps": null,
            "eps_growth_year": null,
            "eps_4q": null,
            "eps_4q_growth_year": null,
            "roe": null,
            "roe_4q": 0,
            "gross_profit": null,
            "gross_margin": null,
            "gross_margin_4q_avg": 0,
            "net_income": null,
            "net_income_4q": null,
            "revenue": null,
            "revenue_4q": null,
            "common_shares": null,
            "book_valuer_per_share": null,
            "book_valuer_per_share_4q_avg": 2.56,
            "equity": null,
            "current_ratio": null,
            "debt_ratio": null,
            "inventory_turnover_ratio": null,
            "account_receivable_turnover_ratio": null,
            "reinvestment_rate": null,
            "research_to_sale_ratio": null,
            "price_fair": 0,
            "eps_avg_yearly": 0,
            "eps_latest_yearly": 0,
            "eps_growth_yearly": 0
        },
        "20023": {
            "year_quarter": 20023,
            "year": 2002,
            "quarter": 3,
            "eps": null,
            "eps_growth_year": null,
            "eps_4q": null,
            "eps_4q_growth_year": null,
            "roe": null,
            "roe_4q": 0,
            "gross_profit": null,
            "gross_margin": null,
            "gross_margin_4q_avg": 0,
            "net_income": null,
            "net_income_4q": null,
            "revenue": null,
            "revenue_4q": null,
            "common_shares": null,
            "book_valuer_per_share": null,
            "book_valuer_per_share_4q_avg": 2.56,
            "equity": null,
            "current_ratio": null,
            "debt_ratio": null,
            "inventory_turnover_ratio": null,
            "account_receivable_turnover_ratio": null,
            "reinvestment_rate": null,
            "research_to_sale_ratio": null,
            "price_fair": 0,
            "eps_avg_yearly": 0,
            "eps_latest_yearly": 0,
            "eps_growth_yearly": 0
        },
        "20024": {
            "year_quarter": 20024,
            "year": 2002,
            "quarter": 4,
            "eps": null,
            "eps_growth_year": null,
            "eps_4q": null,
            "eps_4q_growth_year": null,
            "roe": null,
            "roe_4q": 0,
            "gross_profit": null,
            "gross_margin": null,
            "gross_margin_4q_avg": 0,
            "net_income": null,
            "net_income_4q": null,
            "revenue": null,
            "revenue_4q": null,
            "common_shares": 1399255,
            "book_valuer_per_share": 10.76,
            "book_valuer_per_share_4q_avg": 2.69,
            "equity": 1505968,
            "current_ratio": 120.99,
            "debt_ratio": 46.9,
            "inventory_turnover_ratio": null,
            "account_receivable_turnover_ratio": null,
            "reinvestment_rate": null,
            "research_to_sale_ratio": null,
            "price_fair": 0,
            "eps_avg_yearly": 0,
            "eps_latest_yearly": 0,
            "eps_growth_yearly": 0
        },
        "20031": {
            "year_quarter": 20031,
            "year": 2003,
            "quarter": 1,
            "eps": null,
            "eps_growth_year": null,
            "eps_4q": null,
            "eps_4q_growth_year": null,
            "roe": null,
            "roe_4q": 0,
            "gross_profit": null,
            "gross_margin": null,
            "gross_margin_4q_avg": 0,
            "net_income": null,
            "net_income_4q": null,
            "revenue": null,
            "revenue_4q": null,
            "common_shares": null,
            "book_valuer_per_share": null,
            "book_valuer_per_share_4q_avg": 2.69,
            "equity": null,
            "current_ratio": null,
            "debt_ratio": null,
            "inventory_turnover_ratio": null,
            "account_receivable_turnover_ratio": null,
            "reinvestment_rate": null,
            "research_to_sale_ratio": null,
            "price_fair": 0,
            "eps_avg_yearly": 0,
            "eps_latest_yearly": 0,
            "eps_growth_yearly": 0
        },
        "20032": {
            "year_quarter": 20032,
            "year": 2003,
            "quarter": 2,
            "eps": null,
            "eps_growth_year": null,
            "eps_4q": null,
            "eps_4q_growth_year": null,
            "roe": null,
            "roe_4q": 0,
            "gross_profit": null,
            "gross_margin": null,
            "gross_margin_4q_avg": 0,
            "net_income": null,
            "net_income_4q": null,
            "revenue": null,
            "revenue_4q": null,
            "common_shares": null,
            "book_valuer_per_share": null,
            "book_valuer_per_share_4q_avg": 2.69,
            "equity": null,
            "current_ratio": null,
            "debt_ratio": null,
            "inventory_turnover_ratio": null,
            "account_receivable_turnover_ratio": null,
            "reinvestment_rate": null,
            "research_to_sale_ratio": null,
            "price_fair": 0,
            "eps_avg_yearly": 0,
            "eps_latest_yearly": 0,
            "eps_growth_yearly": 0
        },
        "20033": {
            "year_quarter": 20033,
            "year": 2003,
            "quarter": 3,
            "eps": null,
            "eps_growth_year": null,
            "eps_4q": null,
            "eps_4q_growth_year": null,
            "roe": null,
            "roe_4q": 0,
            "gross_profit": null,
            "gross_margin": null,
            "gross_margin_4q_avg": 0,
            "net_income": null,
            "net_income_4q": null,
            "revenue": null,
            "revenue_4q": null,
            "common_shares": null,
            "book_valuer_per_share": null,
            "book_valuer_per_share_4q_avg": 2.69,
            "equity": null,
            "current_ratio": null,
            "debt_ratio": null,
            "inventory_turnover_ratio": null,
            "account_receivable_turnover_ratio": null,
            "reinvestment_rate": null,
            "research_to_sale_ratio": null,
            "price_fair": 0,
            "eps_avg_yearly": 0,
            "eps_latest_yearly": 0,
            "eps_growth_yearly": 0
        },
        "20034": {
            "year_quarter": 20034,
            "year": 2003,
            "quarter": 4,
            "eps": null,
            "eps_growth_year": null,
            "eps_4q": null,
            "eps_4q_growth_year": null,
            "roe": null,
            "roe_4q": 0,
            "gross_profit": null,
            "gross_margin": null,
            "gross_margin_4q_avg": 0,
            "net_income": null,
            "net_income_4q": null,
            "revenue": null,
            "revenue_4q": null,
            "common_shares": 1455442,
            "book_valuer_per_share": 11.86,
            "book_valuer_per_share_4q_avg": 2.97,
            "equity": 1725701,
            "current_ratio": 123.91,
            "debt_ratio": 46.43,
            "inventory_turnover_ratio": null,
            "account_receivable_turnover_ratio": null,
            "reinvestment_rate": null,
            "research_to_sale_ratio": null,
            "price_fair": 0,
            "eps_avg_yearly": 0,
            "eps_latest_yearly": 0,
            "eps_growth_yearly": 0
        },
        "20041": {
            "year_quarter": 20041,
            "year": 2004,
            "quarter": 1,
            "eps": null,
            "eps_growth_year": null,
            "eps_4q": null,
            "eps_4q_growth_year": null,
            "roe": null,
            "roe_4q": 0,
            "gross_profit": null,
            "gross_margin": null,
            "gross_margin_4q_avg": 0,
            "net_income": null,
            "net_income_4q": null,
            "revenue": null,
            "revenue_4q": null,
            "common_shares": null,
            "book_valuer_per_share": null,
            "book_valuer_per_share_4q_avg": 2.97,
            "equity": null,
            "current_ratio": null,
            "debt_ratio": null,
            "inventory_turnover_ratio": null,
            "account_receivable_turnover_ratio": null,
            "reinvestment_rate": null,
            "research_to_sale_ratio": null,
            "price_fair": 0,
            "eps_avg_yearly": 0,
            "eps_latest_yearly": 0,
            "eps_growth_yearly": 0
        },
        "20042": {
            "year_quarter": 20042,
            "year": 2004,
            "quarter": 2,
            "eps": null,
            "eps_growth_year": null,
            "eps_4q": null,
            "eps_4q_growth_year": null,
            "roe": null,
            "roe_4q": 0,
            "gross_profit": null,
            "gross_margin": null,
            "gross_margin_4q_avg": 0,
            "net_income": null,
            "net_income_4q": null,
            "revenue": null,
            "revenue_4q": null,
            "common_shares": null,
            "book_valuer_per_share": null,
            "book_valuer_per_share_4q_avg": 2.97,
            "equity": null,
            "current_ratio": null,
            "debt_ratio": null,
            "inventory_turnover_ratio": null,
            "account_receivable_turnover_ratio": null,
            "reinvestment_rate": null,
            "research_to_sale_ratio": null,
            "price_fair": 0,
            "eps_avg_yearly": 0,
            "eps_latest_yearly": 0,
            "eps_growth_yearly": 0
        },
        "20043": {
            "year_quarter": 20043,
            "year": 2004,
            "quarter": 3,
            "eps": null,
            "eps_growth_year": null,
            "eps_4q": null,
            "eps_4q_growth_year": null,
            "roe": null,
            "roe_4q": 0,
            "gross_profit": null,
            "gross_margin": null,
            "gross_margin_4q_avg": 0,
            "net_income": null,
            "net_income_4q": null,
            "revenue": null,
            "revenue_4q": null,
            "common_shares": null,
            "book_valuer_per_share": null,
            "book_valuer_per_share_4q_avg": 2.97,
            "equity": null,
            "current_ratio": null,
            "debt_ratio": null,
            "inventory_turnover_ratio": null,
            "account_receivable_turnover_ratio": null,
            "reinvestment_rate": null,
            "research_to_sale_ratio": null,
            "price_fair": 0,
            "eps_avg_yearly": 0,
            "eps_latest_yearly": 0,
            "eps_growth_yearly": 0
        },
        "20044": {
            "year_quarter": 20044,
            "year": 2004,
            "quarter": 4,
            "eps": null,
            "eps_growth_year": null,
            "eps_4q": null,
            "eps_4q_growth_year": null,
            "roe": null,
            "roe_4q": 0,
            "gross_profit": null,
            "gross_margin": null,
            "gross_margin_4q_avg": 0,
            "net_income": null,
            "net_income_4q": null,
            "revenue": null,
            "revenue_4q": null,
            "common_shares": 1569178,
            "book_valuer_per_share": 13.24,
            "book_valuer_per_share_4q_avg": 3.31,
            "equity": 2077737,
            "current_ratio": 114.32,
            "debt_ratio": 49.71,
            "inventory_turnover_ratio": null,
            "account_receivable_turnover_ratio": null,
            "reinvestment_rate": null,
            "research_to_sale_ratio": null,
            "price_fair": 0,
            "eps_avg_yearly": 0,
            "eps_latest_yearly": 0,
            "eps_growth_yearly": 0
        },
        "20051": {
            "year_quarter": 20051,
            "year": 2005,
            "quarter": 1,
            "eps": null,
            "eps_growth_year": null,
            "eps_4q": null,
            "eps_4q_growth_year": null,
            "roe": null,
            "roe_4q": 0,
            "gross_profit": null,
            "gross_margin": null,
            "gross_margin_4q_avg": 0,
            "net_income": null,
            "net_income_4q": null,
            "revenue": null,
            "revenue_4q": null,
            "common_shares": null,
            "book_valuer_per_share": null,
            "book_valuer_per_share_4q_avg": 3.31,
            "equity": null,
            "current_ratio": null,
            "debt_ratio": null,
            "inventory_turnover_ratio": null,
            "account_receivable_turnover_ratio": null,
            "reinvestment_rate": null,
            "research_to_sale_ratio": null,
            "price_fair": 0,
            "eps_avg_yearly": 0,
            "eps_latest_yearly": 0,
            "eps_growth_yearly": 0
        },
        "20052": {
            "year_quarter": 20052,
            "year": 2005,
            "quarter": 2,
            "eps": null,
            "eps_growth_year": null,
            "eps_4q": null,
            "eps_4q_growth_year": null,
            "roe": null,
            "roe_4q": 0,
            "gross_profit": null,
            "gross_margin": null,
            "gross_margin_4q_avg": 0,
            "net_income": null,
            "net_income_4q": null,
            "revenue": null,
            "revenue_4q": null,
            "common_shares": null,
            "book_valuer_per_share": null,
            "book_valuer_per_share_4q_avg": 3.31,
            "equity": null,
            "current_ratio": null,
            "debt_ratio": null,
            "inventory_turnover_ratio": null,
            "account_receivable_turnover_ratio": null,
            "reinvestment_rate": null,
            "research_to_sale_ratio": null,
            "price_fair": 0,
            "eps_avg_yearly": 0,
            "eps_latest_yearly": 0,
            "eps_growth_yearly": 0
        },
        "20053": {
            "year_quarter": 20053,
            "year": 2005,
            "quarter": 3,
            "eps": null,
            "eps_growth_year": null,
            "eps_4q": null,
            "eps_4q_growth_year": null,
            "roe": null,
            "roe_4q": 0,
            "gross_profit": null,
            "gross_margin": null,
            "gross_margin_4q_avg": 0,
            "net_income": null,
            "net_income_4q": null,
            "revenue": null,
            "revenue_4q": null,
            "common_shares": null,
            "book_valuer_per_share": null,
            "book_valuer_per_share_4q_avg": 3.31,
            "equity": null,
            "current_ratio": null,
            "debt_ratio": null,
            "inventory_turnover_ratio": null,
            "account_receivable_turnover_ratio": null,
            "reinvestment_rate": null,
            "research_to_sale_ratio": null,
            "price_fair": 0,
            "eps_avg_yearly": 0,
            "eps_latest_yearly": 0,
            "eps_growth_yearly": 0
        },
        "20054": {
            "year_quarter": 20054,
            "year": 2005,
            "quarter": 4,
            "eps": null,
            "eps_growth_year": null,
            "eps_4q": null,
            "eps_4q_growth_year": null,
            "roe": null,
            "roe_4q": 0,
            "gross_profit": null,
            "gross_margin": null,
            "gross_margin_4q_avg": 0,
            "net_income": null,
            "net_income_4q": null,
            "revenue": null,
            "revenue_4q": null,
            "common_shares": 1777059,
            "book_valuer_per_share": 13.96,
            "book_valuer_per_share_4q_avg": 3.49,
            "equity": 2481111,
            "current_ratio": 165.07,
            "debt_ratio": 49.25,
            "inventory_turnover_ratio": null,
            "account_receivable_turnover_ratio": null,
            "reinvestment_rate": null,
            "research_to_sale_ratio": null,
            "price_fair": 0,
            "eps_avg_yearly": 0,
            "eps_latest_yearly": 0,
            "eps_growth_yearly": 0
        },
        "20061": {
            "year_quarter": 20061,
            "year": 2006,
            "quarter": 1,
            "eps": null,
            "eps_growth_year": null,
            "eps_4q": null,
            "eps_4q_growth_year": null,
            "roe": null,
            "roe_4q": 0,
            "gross_profit": null,
            "gross_margin": null,
            "gross_margin_4q_avg": 0,
            "net_income": null,
            "net_income_4q": null,
            "revenue": null,
            "revenue_4q": null,
            "common_shares": null,
            "book_valuer_per_share": null,
            "book_valuer_per_share_4q_avg": 3.49,
            "equity": null,
            "current_ratio": null,
            "debt_ratio": null,
            "inventory_turnover_ratio": null,
            "account_receivable_turnover_ratio": null,
            "reinvestment_rate": null,
            "research_to_sale_ratio": null,
            "price_fair": 0,
            "eps_avg_yearly": 0,
            "eps_latest_yearly": 0,
            "eps_growth_yearly": 0
        },
        "20062": {
            "year_quarter": 20062,
            "year": 2006,
            "quarter": 2,
            "eps": null,
            "eps_growth_year": null,
            "eps_4q": null,
            "eps_4q_growth_year": null,
            "roe": null,
            "roe_4q": 0,
            "gross_profit": null,
            "gross_margin": null,
            "gross_margin_4q_avg": 0,
            "net_income": null,
            "net_income_4q": null,
            "revenue": null,
            "revenue_4q": null,
            "common_shares": null,
            "book_valuer_per_share": null,
            "book_valuer_per_share_4q_avg": 3.49,
            "equity": null,
            "current_ratio": null,
            "debt_ratio": null,
            "inventory_turnover_ratio": null,
            "account_receivable_turnover_ratio": null,
            "reinvestment_rate": null,
            "research_to_sale_ratio": null,
            "price_fair": 0,
            "eps_avg_yearly": 0,
            "eps_latest_yearly": 0,
            "eps_growth_yearly": 0
        },
        "20063": {
            "year_quarter": 20063,
            "year": 2006,
            "quarter": 3,
            "eps": null,
            "eps_growth_year": null,
            "eps_4q": null,
            "eps_4q_growth_year": null,
            "roe": null,
            "roe_4q": 0,
            "gross_profit": null,
            "gross_margin": null,
            "gross_margin_4q_avg": 0,
            "net_income": null,
            "net_income_4q": null,
            "revenue": null,
            "revenue_4q": null,
            "common_shares": null,
            "book_valuer_per_share": null,
            "book_valuer_per_share_4q_avg": 3.49,
            "equity": null,
            "current_ratio": null,
            "debt_ratio": null,
            "inventory_turnover_ratio": null,
            "account_receivable_turnover_ratio": null,
            "reinvestment_rate": null,
            "research_to_sale_ratio": null,
            "price_fair": 0,
            "eps_avg_yearly": 0,
            "eps_latest_yearly": 0,
            "eps_growth_yearly": 0
        },
        "20064": {
            "year_quarter": 20064,
            "year": 2006,
            "quarter": 4,
            "eps": null,
            "eps_growth_year": null,
            "eps_4q": null,
            "eps_4q_growth_year": null,
            "roe": null,
            "roe_4q": 0,
            "gross_profit": null,
            "gross_margin": null,
            "gross_margin_4q_avg": 0,
            "net_income": null,
            "net_income_4q": null,
            "revenue": null,
            "revenue_4q": null,
            "common_shares": 2013448,
            "book_valuer_per_share": 14.54,
            "book_valuer_per_share_4q_avg": 3.64,
            "equity": 2926807,
            "current_ratio": 125.63,
            "debt_ratio": 54.9,
            "inventory_turnover_ratio": null,
            "account_receivable_turnover_ratio": null,
            "reinvestment_rate": null,
            "research_to_sale_ratio": null,
            "price_fair": 0,
            "eps_avg_yearly": 0,
            "eps_latest_yearly": 0,
            "eps_growth_yearly": 0
        },
        "20071": {
            "year_quarter": 20071,
            "year": 2007,
            "quarter": 1,
            "eps": null,
            "eps_growth_year": null,
            "eps_4q": null,
            "eps_4q_growth_year": null,
            "roe": null,
            "roe_4q": 0,
            "gross_profit": null,
            "gross_margin": null,
            "gross_margin_4q_avg": 0,
            "net_income": null,
            "net_income_4q": null,
            "revenue": null,
            "revenue_4q": null,
            "common_shares": null,
            "book_valuer_per_share": null,
            "book_valuer_per_share_4q_avg": 3.64,
            "equity": null,
            "current_ratio": null,
            "debt_ratio": null,
            "inventory_turnover_ratio": null,
            "account_receivable_turnover_ratio": null,
            "reinvestment_rate": null,
            "research_to_sale_ratio": null,
            "price_fair": 0,
            "eps_avg_yearly": 0,
            "eps_latest_yearly": 0,
            "eps_growth_yearly": 0
        },
        "20072": {
            "year_quarter": 20072,
            "year": 2007,
            "quarter": 2,
            "eps": null,
            "eps_growth_year": null,
            "eps_4q": null,
            "eps_4q_growth_year": null,
            "roe": null,
            "roe_4q": 0,
            "gross_profit": null,
            "gross_margin": null,
            "gross_margin_4q_avg": 0,
            "net_income": null,
            "net_income_4q": null,
            "revenue": null,
            "revenue_4q": null,
            "common_shares": null,
            "book_valuer_per_share": null,
            "book_valuer_per_share_4q_avg": 3.64,
            "equity": null,
            "current_ratio": null,
            "debt_ratio": null,
            "inventory_turnover_ratio": null,
            "account_receivable_turnover_ratio": null,
            "reinvestment_rate": null,
            "research_to_sale_ratio": null,
            "price_fair": 0,
            "eps_avg_yearly": 0,
            "eps_latest_yearly": 0,
            "eps_growth_yearly": 0
        },
        "20073": {
            "year_quarter": 20073,
            "year": 2007,
            "quarter": 3,
            "eps": 1.83,
            "eps_growth_year": null,
            "eps_4q": null,
            "eps_4q_growth_year": null,
            "roe": 11.28,
            "roe_4q": 11.28,
            "gross_profit": 525063,
            "gross_margin": 41.51,
            "gross_margin_4q_avg": 10.38,
            "net_income": 369315,
            "net_income_4q": null,
            "revenue": 1264889,
            "revenue_4q": null,
            "common_shares": 2013448,
            "book_valuer_per_share": 16.25,
            "book_valuer_per_share_4q_avg": 7.7,
            "equity": 3272722,
            "current_ratio": 114.05,
            "debt_ratio": 60.13,
            "inventory_turnover_ratio": 0.85,
            "account_receivable_turnover_ratio": null,
            "reinvestment_rate": null,
            "research_to_sale_ratio": null,
            "price_fair": 0,
            "eps_avg_yearly": 0,
            "eps_latest_yearly": 0,
            "eps_growth_yearly": 0
        },
        "20074": {
            "year_quarter": 20074,
            "year": 2007,
            "quarter": 4,
            "eps": 1.28,
            "eps_growth_year": null,
            "eps_4q": null,
            "eps_4q_growth_year": null,
            "roe": 7.54,
            "roe_4q": 18.82,
            "gross_profit": 529147,
            "gross_margin": 39.47,
            "gross_margin_4q_avg": 20.25,
            "net_income": 258035,
            "net_income_4q": null,
            "revenue": 1340728,
            "revenue_4q": null,
            "common_shares": 2013448,
            "book_valuer_per_share": 17.75,
            "book_valuer_per_share_4q_avg": 8.5,
            "equity": 3573234,
            "current_ratio": 135.67,
            "debt_ratio": 60.01,
            "inventory_turnover_ratio": 0.76,
            "account_receivable_turnover_ratio": null,
            "reinvestment_rate": null,
            "research_to_sale_ratio": null,
            "price_fair": 15.36,
            "eps_avg_yearly": 5.12,
            "eps_latest_yearly": 5.12,
            "eps_growth_yearly": -120.22
        },
        "20081": {
            "year_quarter": 20081,
            "year": 2008,
            "quarter": 1,
            "eps": 1.16,
            "eps_growth_year": null,
            "eps_4q": null,
            "eps_4q_growth_year": null,
            "roe": 6.33,
            "roe_4q": 25.15,
            "gross_profit": 490922,
            "gross_margin": 35.87,
            "gross_margin_4q_avg": 29.21,
            "net_income": 233460,
            "net_income_4q": null,
            "revenue": 1368462,
            "revenue_4q": null,
            "common_shares": 2013447,
            "book_valuer_per_share": 18.86,
            "book_valuer_per_share_4q_avg": 13.22,
            "equity": 3798238,
            "current_ratio": 110.78,
            "debt_ratio": 60.14,
            "inventory_turnover_ratio": 0.82,
            "account_receivable_turnover_ratio": null,
            "reinvestment_rate": null,
            "research_to_sale_ratio": null,
            "price_fair": 14.64,
            "eps_avg_yearly": 4.88,
            "eps_latest_yearly": 4.64,
            "eps_growth_yearly": -78.86
        },
        "20082": {
            "year_quarter": 20082,
            "year": 2008,
            "quarter": 2,
            "eps": 1.24,
            "eps_growth_year": null,
            "eps_4q": 5.53,
            "eps_4q_growth_year": null,
            "roe": 6.75,
            "roe_4q": 31.9,
            "gross_profit": 560490,
            "gross_margin": 36.23,
            "gross_margin_4q_avg": 38.27,
            "net_income": 248713,
            "net_income_4q": null,
            "revenue": 1547028,
            "revenue_4q": null,
            "common_shares": 2013448,
            "book_valuer_per_share": 17.73,
            "book_valuer_per_share_4q_avg": 17.65,
            "equity": 3570292,
            "current_ratio": 93.9,
            "debt_ratio": 64.67,
            "inventory_turnover_ratio": 1.08,
            "account_receivable_turnover_ratio": null,
            "reinvestment_rate": null,
            "research_to_sale_ratio": null,
            "price_fair": 14.72,
            "eps_avg_yearly": 4.91,
            "eps_latest_yearly": 4.96,
            "eps_growth_yearly": -43.38
        },
        "20083": {
            "year_quarter": 20083,
            "year": 2008,
            "quarter": 3,
            "eps": 1.36,
            "eps_growth_year": -25.68,
            "eps_4q": 5.05,
            "eps_4q_growth_year": null,
            "roe": 7.36,
            "roe_4q": 27.979999999999997,
            "gross_profit": 692615,
            "gross_margin": 37.74,
            "gross_margin_4q_avg": 37.33,
            "net_income": 272837,
            "net_income_4q": null,
            "revenue": 1835221,
            "revenue_4q": null,
            "common_shares": 2013448,
            "book_valuer_per_share": 19.08,
            "book_valuer_per_share_4q_avg": 18.36,
            "equity": 3842628,
            "current_ratio": 105.71,
            "debt_ratio": 63.2,
            "inventory_turnover_ratio": 0.97,
            "account_receivable_turnover_ratio": null,
            "reinvestment_rate": null,
            "research_to_sale_ratio": null,
            "price_fair": 15.12,
            "eps_avg_yearly": 5.04,
            "eps_latest_yearly": 5.44,
            "eps_growth_yearly": -22.86
        },
        "20084": {
            "year_quarter": 20084,
            "year": 2008,
            "quarter": 4,
            "eps": 0.23,
            "eps_growth_year": -82.03,
            "eps_4q": 3.93,
            "eps_4q_growth_year": null,
            "roe": 1.22,
            "roe_4q": 21.66,
            "gross_profit": 455306,
            "gross_margin": 41.16,
            "gross_margin_4q_avg": 37.75,
            "net_income": 46982,
            "net_income_4q": null,
            "revenue": 1106117,
            "revenue_4q": null,
            "common_shares": 2013448,
            "book_valuer_per_share": 19.23,
            "book_valuer_per_share_4q_avg": 18.73,
            "equity": 3871074,
            "current_ratio": 132.17,
            "debt_ratio": 62.25,
            "inventory_turnover_ratio": 0.45,
            "account_receivable_turnover_ratio": 2.16,
            "reinvestment_rate": null,
            "research_to_sale_ratio": null,
            "price_fair": 12.65,
            "eps_avg_yearly": 4.22,
            "eps_latest_yearly": 0.92,
            "eps_growth_yearly": -84.76
        },
        "20091": {
            "year_quarter": 20091,
            "year": 2009,
            "quarter": 1,
            "eps": -0.08,
            "eps_growth_year": -106.9,
            "eps_4q": 2.74,
            "eps_4q_growth_year": null,
            "roe": -0.41,
            "roe_4q": 14.92,
            "gross_profit": 250462,
            "gross_margin": 31.29,
            "gross_margin_4q_avg": 36.61,
            "net_income": -16025,
            "net_income_4q": null,
            "revenue": 800383,
            "revenue_4q": null,
            "common_shares": 2013447,
            "book_valuer_per_share": 19.16,
            "book_valuer_per_share_4q_avg": 18.8,
            "equity": 3858320,
            "current_ratio": 134.84,
            "debt_ratio": 61.44,
            "inventory_turnover_ratio": 0.39,
            "account_receivable_turnover_ratio": 0.91,
            "reinvestment_rate": null,
            "research_to_sale_ratio": null,
            "price_fair": 12.65,
            "eps_avg_yearly": 4.22,
            "eps_latest_yearly": 0.92,
            "eps_growth_yearly": -84.76
        },
        "20092": {
            "year_quarter": 20092,
            "year": 2009,
            "quarter": 2,
            "eps": 0.16,
            "eps_growth_year": -87.1,
            "eps_4q": 1.62,
            "eps_4q_growth_year": -70.67,
            "roe": 0.82,
            "roe_4q": 8.99,
            "gross_profit": 292541,
            "gross_margin": 29.58,
            "gross_margin_4q_avg": 34.94,
            "net_income": 33233,
            "net_income_4q": null,
            "revenue": 989043,
            "revenue_4q": null,
            "common_shares": 2233898,
            "book_valuer_per_share": 19.18,
            "book_valuer_per_share_4q_avg": 19.16,
            "equity": 4284473,
            "current_ratio": 155.45,
            "debt_ratio": 58.65,
            "inventory_turnover_ratio": 0.55,
            "account_receivable_turnover_ratio": 1.29,
            "reinvestment_rate": null,
            "research_to_sale_ratio": null,
            "price_fair": 12.65,
            "eps_avg_yearly": 4.22,
            "eps_latest_yearly": 0.92,
            "eps_growth_yearly": -84.76
        },
        "20093": {
            "year_quarter": 20093,
            "year": 2009,
            "quarter": 3,
            "eps": 0.45,
            "eps_growth_year": -66.91,
            "eps_4q": 0.76,
            "eps_4q_growth_year": -84.98,
            "roe": 2.15,
            "roe_4q": 3.7799999999999994,
            "gross_profit": 390333,
            "gross_margin": 34.31,
            "gross_margin_4q_avg": 34.09,
            "net_income": 93578,
            "net_income_4q": null,
            "revenue": 1137667,
            "revenue_4q": null,
            "common_shares": 2233898,
            "book_valuer_per_share": 19.72,
            "book_valuer_per_share_4q_avg": 19.32,
            "equity": 4404311,
            "current_ratio": 178.99,
            "debt_ratio": 54.37,
            "inventory_turnover_ratio": 0.63,
            "account_receivable_turnover_ratio": 1.38,
            "reinvestment_rate": null,
            "research_to_sale_ratio": null,
            "price_fair": 133.47,
            "eps_avg_yearly": 3.81,
            "eps_latest_yearly": 1.8,
            "eps_growth_yearly": 50.2
        },
        "20094": {
            "year_quarter": 20094,
            "year": 2009,
            "quarter": 4,
            "eps": 0.79,
            "eps_growth_year": 243.48,
            "eps_4q": 1.25,
            "eps_4q_growth_year": -68.18,
            "roe": 3.72,
            "roe_4q": 6.28,
            "gross_profit": 445334,
            "gross_margin": 30.79,
            "gross_margin_4q_avg": 31.49,
            "net_income": 168281,
            "net_income_4q": null,
            "revenue": 1446587,
            "revenue_4q": null,
            "common_shares": 2233898,
            "book_valuer_per_share": 20.83,
            "book_valuer_per_share_4q_avg": 19.72,
            "equity": 4653289,
            "current_ratio": 174.84,
            "debt_ratio": 53.53,
            "inventory_turnover_ratio": 0.84,
            "account_receivable_turnover_ratio": 2.96,
            "reinvestment_rate": null,
            "research_to_sale_ratio": null,
            "price_fair": 130.2,
            "eps_avg_yearly": 3.72,
            "eps_latest_yearly": 3.16,
            "eps_growth_yearly": 86.21
        },
        "20101": {
            "year_quarter": 20101,
            "year": 2010,
            "quarter": 1,
            "eps": 1.01,
            "eps_growth_year": null,
            "eps_4q": 2.33,
            "eps_4q_growth_year": -15.17,
            "roe": 4.76,
            "roe_4q": 11.450000000000001,
            "gross_profit": 627549,
            "gross_margin": 35.91,
            "gross_margin_4q_avg": 32.65,
            "net_income": 224908,
            "net_income_4q": null,
            "revenue": 1747324,
            "revenue_4q": null,
            "common_shares": 2233898,
            "book_valuer_per_share": 21.51,
            "book_valuer_per_share_4q_avg": 20.31,
            "equity": 4804101,
            "current_ratio": 164.55,
            "debt_ratio": 55.53,
            "inventory_turnover_ratio": 0.89,
            "account_receivable_turnover_ratio": 1.61,
            "reinvestment_rate": null,
            "research_to_sale_ratio": 2.91,
            "price_fair": 131.6,
            "eps_avg_yearly": 3.76,
            "eps_latest_yearly": 4.04,
            "eps_growth_yearly": 89.35
        },
        "20102": {
            "year_quarter": 20102,
            "year": 2010,
            "quarter": 2,
            "eps": 1.36,
            "eps_growth_year": 751.64,
            "eps_4q": 3.5,
            "eps_4q_growth_year": 115.63,
            "roe": 6.34,
            "roe_4q": 16.97,
            "gross_profit": 752142,
            "gross_margin": 34.87,
            "gross_margin_4q_avg": 33.97,
            "net_income": 310484,
            "net_income_4q": null,
            "revenue": 2157254,
            "revenue_4q": null,
            "common_shares": 2233898,
            "book_valuer_per_share": 22.37,
            "book_valuer_per_share_4q_avg": 21.11,
            "equity": 4996593,
            "current_ratio": 131.32,
            "debt_ratio": 56.37,
            "inventory_turnover_ratio": 1.04,
            "account_receivable_turnover_ratio": 1.6,
            "reinvestment_rate": null,
            "research_to_sale_ratio": 2.59,
            "price_fair": 138.13,
            "eps_avg_yearly": 3.95,
            "eps_latest_yearly": 5.44,
            "eps_growth_yearly": 94.83
        },
        "20103": {
            "year_quarter": 20103,
            "year": 2010,
            "quarter": 3,
            "eps": 2.51,
            "eps_growth_year": 458.73,
            "eps_4q": 5.6,
            "eps_4q_growth_year": 638.46,
            "roe": 10.8,
            "roe_4q": 25.619999999999997,
            "gross_profit": 1026541,
            "gross_margin": 39.57,
            "gross_margin_4q_avg": 35.29,
            "net_income": 572903,
            "net_income_4q": null,
            "revenue": 2593969,
            "revenue_4q": null,
            "common_shares": 2278576,
            "book_valuer_per_share": 24.65,
            "book_valuer_per_share_4q_avg": 22.34,
            "equity": 5617669,
            "current_ratio": 121.85,
            "debt_ratio": 56.92,
            "inventory_turnover_ratio": 1,
            "account_receivable_turnover_ratio": 1.61,
            "reinvestment_rate": null,
            "research_to_sale_ratio": 2.34,
            "price_fair": 159.46,
            "eps_avg_yearly": 4.56,
            "eps_latest_yearly": 10.04,
            "eps_growth_yearly": 119.17
        },
        "20104": {
            "year_quarter": 20104,
            "year": 2010,
            "quarter": 4,
            "eps": 2.55,
            "eps_growth_year": 222.37,
            "eps_4q": 7.41,
            "eps_4q_growth_year": 493.22,
            "roe": 9.91,
            "roe_4q": 31.810000000000002,
            "gross_profit": 1232655,
            "gross_margin": 41.23,
            "gross_margin_4q_avg": 37.9,
            "net_income": 580293,
            "net_income_4q": null,
            "revenue": 2989624,
            "revenue_4q": null,
            "common_shares": 2278576,
            "book_valuer_per_share": 26.74,
            "book_valuer_per_share_4q_avg": 23.82,
            "equity": 6092232,
            "current_ratio": 113.84,
            "debt_ratio": 56.19,
            "inventory_turnover_ratio": 0.93,
            "account_receivable_turnover_ratio": 1.63,
            "reinvestment_rate": null,
            "research_to_sale_ratio": 2.33,
            "price_fair": 177.42,
            "eps_avg_yearly": 5.07,
            "eps_latest_yearly": 10.2,
            "eps_growth_yearly": 108.91
        },
        "20111": {
            "year_quarter": 20111,
            "year": 2011,
            "quarter": 1,
            "eps": 3.44,
            "eps_growth_year": 240.59,
            "eps_4q": 9.86,
            "eps_4q_growth_year": 323.75,
            "roe": 12.09,
            "roe_4q": 39.14,
            "gross_profit": 1280316,
            "gross_margin": 39.16,
            "gross_margin_4q_avg": 38.71,
            "net_income": 783889,
            "net_income_4q": null,
            "revenue": 3269224,
            "revenue_4q": null,
            "common_shares": 2278576,
            "book_valuer_per_share": 30.15,
            "book_valuer_per_share_4q_avg": 25.98,
            "equity": 6870665,
            "current_ratio": 106.04,
            "debt_ratio": 55.51,
            "inventory_turnover_ratio": 0.91,
            "account_receivable_turnover_ratio": 1.55,
            "reinvestment_rate": null,
            "research_to_sale_ratio": 1.8,
            "price_fair": 202.77,
            "eps_avg_yearly": 5.79,
            "eps_latest_yearly": 13.76,
            "eps_growth_yearly": 111.47
        },
        "20112": {
            "year_quarter": 20112,
            "year": 2011,
            "quarter": 2,
            "eps": 3.75,
            "eps_growth_year": 175.44,
            "eps_4q": 12.01,
            "eps_4q_growth_year": 243.16,
            "roe": 12.65,
            "roe_4q": 45.45,
            "gross_profit": 1613065,
            "gross_margin": 39.47,
            "gross_margin_4q_avg": 39.86,
            "net_income": 880838,
            "net_income_4q": null,
            "revenue": 4086578,
            "revenue_4q": null,
            "common_shares": 2278576,
            "book_valuer_per_share": 30.96,
            "book_valuer_per_share_4q_avg": 28.13,
            "equity": 7054901,
            "current_ratio": 100.35,
            "debt_ratio": 58.79,
            "inventory_turnover_ratio": 1.01,
            "account_receivable_turnover_ratio": 1.63,
            "reinvestment_rate": 200.71,
            "research_to_sale_ratio": 1.56,
            "price_fair": 227.55,
            "eps_avg_yearly": 6.5,
            "eps_latest_yearly": 15,
            "eps_growth_yearly": 105.67
        },
        "20113": {
            "year_quarter": 20113,
            "year": 2011,
            "quarter": 3,
            "eps": 4.76,
            "eps_growth_year": 89.39,
            "eps_4q": 14.33,
            "eps_4q_growth_year": 155.73,
            "roe": 14.59,
            "roe_4q": 49.239999999999995,
            "gross_profit": 1825529,
            "gross_margin": 43.33,
            "gross_margin_4q_avg": 40.8,
            "net_income": 1117566,
            "net_income_4q": null,
            "revenue": 4213056,
            "revenue_4q": null,
            "common_shares": 2346933,
            "book_valuer_per_share": 35.21,
            "book_valuer_per_share_4q_avg": 30.77,
            "equity": 8264223,
            "current_ratio": 103.7,
            "debt_ratio": 56.07,
            "inventory_turnover_ratio": 0.84,
            "account_receivable_turnover_ratio": 1.42,
            "reinvestment_rate": 109.22,
            "research_to_sale_ratio": 1.43,
            "price_fair": 258.9,
            "eps_avg_yearly": 7.4,
            "eps_latest_yearly": 19.04,
            "eps_growth_yearly": 105.82
        },
        "20114": {
            "year_quarter": 20114,
            "year": 2011,
            "quarter": 4,
            "eps": 4.37,
            "eps_growth_year": 71.7,
            "eps_4q": 16.23,
            "eps_4q_growth_year": 118.98,
            "roe": 11.73,
            "roe_4q": 51.06,
            "gross_profit": 1777770,
            "gross_margin": 41.83,
            "gross_margin_4q_avg": 40.95,
            "net_income": 1026254,
            "net_income_4q": null,
            "revenue": 4250374,
            "revenue_4q": null,
            "common_shares": 2346933,
            "book_valuer_per_share": 39.37,
            "book_valuer_per_share_4q_avg": 33.92,
            "equity": 9239029,
            "current_ratio": 121.7,
            "debt_ratio": 55.04,
            "inventory_turnover_ratio": 0.81,
            "account_receivable_turnover_ratio": 1.23,
            "reinvestment_rate": 104.15,
            "research_to_sale_ratio": 2,
            "price_fair": 289.8,
            "eps_avg_yearly": 8.28,
            "eps_latest_yearly": 17.48,
            "eps_growth_yearly": 112.06
        },
        "20121": {
            "year_quarter": 20121,
            "year": 2012,
            "quarter": 1,
            "eps": 2.38,
            "eps_growth_year": -30.81,
            "eps_4q": 15.27,
            "eps_4q_growth_year": 54.78,
            "roe": 5.67,
            "roe_4q": 44.64,
            "gross_profit": 1156578,
            "gross_margin": 43.58,
            "gross_margin_4q_avg": 42.05,
            "net_income": 547079,
            "net_income_4q": null,
            "revenue": 2653748,
            "revenue_4q": null,
            "common_shares": 2346933,
            "book_valuer_per_share": 41.73,
            "book_valuer_per_share_4q_avg": 36.82,
            "equity": 10052961,
            "current_ratio": 114.33,
            "debt_ratio": 55.16,
            "inventory_turnover_ratio": 0.45,
            "account_receivable_turnover_ratio": 0.75,
            "reinvestment_rate": 109.93,
            "research_to_sale_ratio": 2.77,
            "price_fair": 302,
            "eps_avg_yearly": 8.63,
            "eps_latest_yearly": 9.52,
            "eps_growth_yearly": 101.73
        },
        "20122": {
            "year_quarter": 20122,
            "year": 2012,
            "quarter": 2,
            "eps": 2.55,
            "eps_growth_year": -31.95,
            "eps_4q": 13.52,
            "eps_4q_growth_year": 12.6,
            "roe": 6.22,
            "roe_4q": 38.21,
            "gross_profit": 1485134,
            "gross_margin": 40.28,
            "gross_margin_4q_avg": 42.26,
            "net_income": 611987,
            "net_income_4q": null,
            "revenue": 3686906,
            "revenue_4q": null,
            "common_shares": 2346933,
            "book_valuer_per_share": 38.79,
            "book_valuer_per_share_4q_avg": 38.78,
            "equity": 9631163,
            "current_ratio": 94.7,
            "debt_ratio": 59.23,
            "inventory_turnover_ratio": 0.58,
            "account_receivable_turnover_ratio": 1.02,
            "reinvestment_rate": 107.77,
            "research_to_sale_ratio": 2.58,
            "price_fair": 315.1,
            "eps_avg_yearly": 9,
            "eps_latest_yearly": 10.2,
            "eps_growth_yearly": 101.8
        },
        "20123": {
            "year_quarter": 20123,
            "year": 2012,
            "quarter": 3,
            "eps": 1.99,
            "eps_growth_year": -58.24,
            "eps_4q": 10.97,
            "eps_4q_growth_year": -23.41,
            "roe": 4.7,
            "roe_4q": 28.32,
            "gross_profit": 1133858,
            "gross_margin": 37.68,
            "gross_margin_4q_avg": 40.84,
            "net_income": 463913,
            "net_income_4q": null,
            "revenue": 3009242,
            "revenue_4q": null,
            "common_shares": 2464279,
            "book_valuer_per_share": 38.94,
            "book_valuer_per_share_4q_avg": 39.71,
            "equity": 10098018,
            "current_ratio": 108.09,
            "debt_ratio": 59.51,
            "inventory_turnover_ratio": 0.47,
            "account_receivable_turnover_ratio": 0.76,
            "reinvestment_rate": 107.27,
            "research_to_sale_ratio": 3.64,
            "price_fair": 321.4,
            "eps_avg_yearly": 9.18,
            "eps_latest_yearly": 7.96,
            "eps_growth_yearly": 92.76
        },
        "20124": {
            "year_quarter": 20124,
            "year": 2012,
            "quarter": 4,
            "eps": 1.32,
            "eps_growth_year": -69.82,
            "eps_4q": 8.13,
            "eps_4q_growth_year": -49.91,
            "roe": 2.96,
            "roe_4q": 19.549999999999997,
            "gross_profit": 957011,
            "gross_margin": 31.67,
            "gross_margin_4q_avg": 38.3,
            "net_income": 303379,
            "net_income_4q": null,
            "revenue": 3022055,
            "revenue_4q": null,
            "common_shares": 2464280,
            "book_valuer_per_share": 40.17,
            "book_valuer_per_share_4q_avg": 39.91,
            "equity": 10378103,
            "current_ratio": 114.33,
            "debt_ratio": 58.99,
            "inventory_turnover_ratio": 0.53,
            "account_receivable_turnover_ratio": 0.7,
            "reinvestment_rate": 106.15,
            "research_to_sale_ratio": 3.73,
            "price_fair": 332.3,
            "eps_avg_yearly": 9.49,
            "eps_latest_yearly": 5.28,
            "eps_growth_yearly": 106.88
        },
        "20131": {
            "year_quarter": 20131,
            "year": 2013,
            "quarter": 1,
            "eps": 0.81,
            "eps_growth_year": -65.97,
            "eps_4q": 6.67,
            "eps_4q_growth_year": -56.31,
            "roe": 1.69,
            "roe_4q": 15.57,
            "gross_profit": 829503,
            "gross_margin": 34.95,
            "gross_margin_4q_avg": 36.15,
            "net_income": 176407,
            "net_income_4q": null,
            "revenue": 2373555,
            "revenue_4q": null,
            "common_shares": 2464280,
            "book_valuer_per_share": 40.64,
            "book_valuer_per_share_4q_avg": 39.64,
            "equity": 10471212,
            "current_ratio": 109.54,
            "debt_ratio": 58.55,
            "inventory_turnover_ratio": 0.4,
            "account_receivable_turnover_ratio": 0.52,
            "reinvestment_rate": 79.63,
            "research_to_sale_ratio": 4.41,
            "price_fair": 317.71,
            "eps_avg_yearly": 9.08,
            "eps_latest_yearly": 3.24,
            "eps_growth_yearly": 89.45
        },
        "20132": {
            "year_quarter": 20132,
            "year": 2013,
            "quarter": 2,
            "eps": 1.77,
            "eps_growth_year": -30.7,
            "eps_4q": 5.71,
            "eps_4q_growth_year": -57.76,
            "roe": 3.94,
            "roe_4q": 13.29,
            "gross_profit": 1061157,
            "gross_margin": 37.85,
            "gross_margin_4q_avg": 35.54,
            "net_income": 408348,
            "net_income_4q": null,
            "revenue": 2803323,
            "revenue_4q": null,
            "common_shares": 2464280,
            "book_valuer_per_share": 39.8,
            "book_valuer_per_share_4q_avg": 39.89,
            "equity": 10237610,
            "current_ratio": 105.76,
            "debt_ratio": 59.46,
            "inventory_turnover_ratio": 0.42,
            "account_receivable_turnover_ratio": 0.66,
            "reinvestment_rate": 76.95,
            "research_to_sale_ratio": 5.43,
            "price_fair": 313.34,
            "eps_avg_yearly": 8.95,
            "eps_latest_yearly": 7.08,
            "eps_growth_yearly": 113.49
        },
        "20133": {
            "year_quarter": 20133,
            "year": 2013,
            "quarter": 3,
            "eps": 2.52,
            "eps_growth_year": 26.73,
            "eps_4q": 6.3,
            "eps_4q_growth_year": -42.63,
            "roe": 5.75,
            "roe_4q": 14.34,
            "gross_profit": 1266396,
            "gross_margin": 37.42,
            "gross_margin_4q_avg": 35.47,
            "net_income": 612101,
            "net_income_4q": null,
            "revenue": 3384382,
            "revenue_4q": null,
            "common_shares": 2538208,
            "book_valuer_per_share": 41.19,
            "book_valuer_per_share_4q_avg": 40.45,
            "equity": 11052711,
            "current_ratio": 107.27,
            "debt_ratio": 57.76,
            "inventory_turnover_ratio": 0.51,
            "account_receivable_turnover_ratio": 0.82,
            "reinvestment_rate": 79.24,
            "research_to_sale_ratio": 3.83,
            "price_fair": 331.45,
            "eps_avg_yearly": 9.47,
            "eps_latest_yearly": 10.08,
            "eps_growth_yearly": 78.77
        },
        "20134": {
            "year_quarter": 20134,
            "year": 2013,
            "quarter": 4,
            "eps": 2.95,
            "eps_growth_year": 123.53,
            "eps_4q": 7.96,
            "eps_4q_growth_year": -2.02,
            "roe": 6.27,
            "roe_4q": 17.65,
            "gross_profit": 1451006,
            "gross_margin": 37.38,
            "gross_margin_4q_avg": 36.9,
            "net_income": 715968,
            "net_income_4q": null,
            "revenue": 3881606,
            "revenue_4q": null,
            "common_shares": 2538208,
            "book_valuer_per_share": 44.25,
            "book_valuer_per_share_4q_avg": 41.47,
            "equity": 11795598,
            "current_ratio": 106.86,
            "debt_ratio": 57.28,
            "inventory_turnover_ratio": 0.61,
            "account_receivable_turnover_ratio": 0.85,
            "reinvestment_rate": 77.68,
            "research_to_sale_ratio": 4.41,
            "price_fair": 350.35,
            "eps_avg_yearly": 10.01,
            "eps_latest_yearly": 11.8,
            "eps_growth_yearly": 64.15
        },
        "20141": {
            "year_quarter": 20141,
            "year": 2014,
            "quarter": 1,
            "eps": 2.1,
            "eps_growth_year": 159.26,
            "eps_4q": 9.29,
            "eps_4q_growth_year": 39.21,
            "roe": 4.11,
            "roe_4q": 20.07,
            "gross_profit": 1198876,
            "gross_margin": 39.8,
            "gross_margin_4q_avg": 38.11,
            "net_income": 498494,
            "net_income_4q": null,
            "revenue": 3011970,
            "revenue_4q": null,
            "common_shares": 2538208,
            "book_valuer_per_share": 46.48,
            "book_valuer_per_share_4q_avg": 42.93,
            "equity": 12489126,
            "current_ratio": 109.75,
            "debt_ratio": 56.86,
            "inventory_turnover_ratio": 0.44,
            "account_receivable_turnover_ratio": 0.6,
            "reinvestment_rate": 74.1,
            "research_to_sale_ratio": 5.37,
            "price_fair": 359.89,
            "eps_avg_yearly": 10.28,
            "eps_latest_yearly": 8.4,
            "eps_growth_yearly": 49.99
        },
        "20142": {
            "year_quarter": 20142,
            "year": 2014,
            "quarter": 2,
            "eps": 1.29,
            "eps_growth_year": -27.12,
            "eps_4q": 8.61,
            "eps_4q_growth_year": 50.7,
            "roe": 2.36,
            "roe_4q": 18.490000000000002,
            "gross_profit": 1388545,
            "gross_margin": 39.24,
            "gross_margin_4q_avg": 38.46,
            "net_income": 290191,
            "net_income_4q": null,
            "revenue": 3538429,
            "revenue_4q": null,
            "common_shares": 2538208,
            "book_valuer_per_share": 44.95,
            "book_valuer_per_share_4q_avg": 44.22,
            "equity": 12064083,
            "current_ratio": 111.22,
            "debt_ratio": 59.28,
            "inventory_turnover_ratio": 0.49,
            "account_receivable_turnover_ratio": 0.69,
            "reinvestment_rate": 69.74,
            "research_to_sale_ratio": 5.86,
            "price_fair": 359.28,
            "eps_avg_yearly": 10.27,
            "eps_latest_yearly": 5.16,
            "eps_growth_yearly": 31.68
        },
        "20143": {
            "year_quarter": 20143,
            "year": 2014,
            "quarter": 3,
            "eps": 2.91,
            "eps_growth_year": 15.48,
            "eps_4q": 9.07,
            "eps_4q_growth_year": 44.1,
            "roe": 5.86,
            "roe_4q": 18.6,
            "gross_profit": 1614955,
            "gross_margin": 38.09,
            "gross_margin_4q_avg": 38.63,
            "net_income": 726710,
            "net_income_4q": null,
            "revenue": 4239888,
            "revenue_4q": null,
            "common_shares": 2614354,
            "book_valuer_per_share": 46.38,
            "book_valuer_per_share_4q_avg": 45.52,
            "equity": 12746174,
            "current_ratio": 126.6,
            "debt_ratio": 56.83,
            "inventory_turnover_ratio": 0.61,
            "account_receivable_turnover_ratio": 0.82,
            "reinvestment_rate": 61.64,
            "research_to_sale_ratio": 4.95,
            "price_fair": 362.78,
            "eps_avg_yearly": 10.37,
            "eps_latest_yearly": 11.64,
            "eps_growth_yearly": 41.93
        },
        "20144": {
            "year_quarter": 20144,
            "year": 2014,
            "quarter": 4,
            "eps": 2.99,
            "eps_growth_year": 1.37,
            "eps_4q": 9.2,
            "eps_4q_growth_year": 15.5,
            "roe": 5.69,
            "roe_4q": 18.02,
            "gross_profit": 1588376,
            "gross_margin": 36.96,
            "gross_margin_4q_avg": 38.52,
            "net_income": 751955,
            "net_income_4q": null,
            "revenue": 4297049,
            "revenue_4q": null,
            "common_shares": 2614354,
            "book_valuer_per_share": 49.45,
            "book_valuer_per_share_4q_avg": 46.82,
            "equity": 13672285,
            "current_ratio": 129.87,
            "debt_ratio": 54.97,
            "inventory_turnover_ratio": 0.66,
            "account_receivable_turnover_ratio": 0.78,
            "reinvestment_rate": 71.47,
            "research_to_sale_ratio": 5.32,
            "price_fair": 366.63,
            "eps_avg_yearly": 10.48,
            "eps_latest_yearly": 11.96,
            "eps_growth_yearly": 42.22
        },
        "20151": {
            "year_quarter": 20151,
            "year": 2015,
            "quarter": 1,
            "eps": 1.97,
            "eps_growth_year": -6.19,
            "eps_4q": 9.13,
            "eps_4q_growth_year": -1.7,
            "roe": 3.32,
            "roe_4q": 17.23,
            "gross_profit": 1424753,
            "gross_margin": 39.17,
            "gross_margin_4q_avg": 38.37,
            "net_income": 459342,
            "net_income_4q": null,
            "revenue": 3637671,
            "revenue_4q": null,
            "common_shares": 2614354,
            "book_valuer_per_share": 50.87,
            "book_valuer_per_share_4q_avg": 47.91,
            "equity": 13988254,
            "current_ratio": 126.54,
            "debt_ratio": 54.57,
            "inventory_turnover_ratio": 0.52,
            "account_receivable_turnover_ratio": 0.64,
            "reinvestment_rate": 66.24,
            "research_to_sale_ratio": 5.23,
            "price_fair": 353.45,
            "eps_avg_yearly": 10.11,
            "eps_latest_yearly": 7.88,
            "eps_growth_yearly": 24.97
        },
        "20152": {
            "year_quarter": 20152,
            "year": 2015,
            "quarter": 2,
            "eps": 1.64,
            "eps_growth_year": 27.13,
            "eps_4q": 9.23,
            "eps_4q_growth_year": 7.27,
            "roe": 2.6,
            "roe_4q": 17.47,
            "gross_profit": 1550520,
            "gross_margin": 35.87,
            "gross_margin_4q_avg": 37.52,
            "net_income": 362816,
            "net_income_4q": null,
            "revenue": 4322123,
            "revenue_4q": null,
            "common_shares": 2614354,
            "book_valuer_per_share": 49.34,
            "book_valuer_per_share_4q_avg": 49.01,
            "equity": 13906832,
            "current_ratio": 123.67,
            "debt_ratio": 56.9,
            "inventory_turnover_ratio": 0.59,
            "account_receivable_turnover_ratio": 0.73,
            "reinvestment_rate": 61.45,
            "research_to_sale_ratio": 5.71,
            "price_fair": 273.31,
            "eps_avg_yearly": 9.58,
            "eps_latest_yearly": 6.56,
            "eps_growth_yearly": 18.53
        },
        "20153": {
            "year_quarter": 20153,
            "year": 2015,
            "quarter": 3,
            "eps": 2.21,
            "eps_growth_year": -24.06,
            "eps_4q": 8.62,
            "eps_4q_growth_year": -4.98,
            "roe": 3.71,
            "roe_4q": 15.32,
            "gross_profit": 1271718,
            "gross_margin": 33.83,
            "gross_margin_4q_avg": 36.46,
            "net_income": 528366,
            "net_income_4q": null,
            "revenue": 3759238,
            "revenue_4q": null,
            "common_shares": 2692785,
            "book_valuer_per_share": 50.57,
            "book_valuer_per_share_4q_avg": 50.06,
            "equity": 14556073,
            "current_ratio": 127.14,
            "debt_ratio": 55.65,
            "inventory_turnover_ratio": 0.48,
            "account_receivable_turnover_ratio": 0.61,
            "reinvestment_rate": 56.71,
            "research_to_sale_ratio": 6.01,
            "price_fair": 272.61,
            "eps_avg_yearly": 8.94,
            "eps_latest_yearly": 8.84,
            "eps_growth_yearly": 20.48
        },
        "20154": {
            "year_quarter": 20154,
            "year": 2015,
            "quarter": 4,
            "eps": 0.38,
            "eps_growth_year": -87.25,
            "eps_4q": 6.1,
            "eps_4q_growth_year": -33.7,
            "roe": 0.3,
            "roe_4q": 9.93,
            "gross_profit": 1086628,
            "gross_margin": 34.36,
            "gross_margin_4q_avg": 35.81,
            "net_income": 44035,
            "net_income_4q": null,
            "revenue": 3162016,
            "revenue_4q": null,
            "common_shares": 2692785,
            "book_valuer_per_share": 50.68,
            "book_valuer_per_share_4q_avg": 50.37,
            "equity": 14500730,
            "current_ratio": 117.75,
            "debt_ratio": 55.74,
            "inventory_turnover_ratio": 0.38,
            "account_receivable_turnover_ratio": 0.54,
            "reinvestment_rate": 50.91,
            "research_to_sale_ratio": 7.46,
            "price_fair": 94,
            "eps_avg_yearly": 7.95,
            "eps_latest_yearly": 1.52,
            "eps_growth_yearly": 1.83
        },
        "20161": {
            "year_quarter": 20161,
            "year": 2016,
            "quarter": 1,
            "eps": 0.53,
            "eps_growth_year": -73.1,
            "eps_4q": 4.72,
            "eps_4q_growth_year": -48.31,
            "roe": 0.49,
            "roe_4q": 7.1,
            "gross_profit": 1014889,
            "gross_margin": 34.01,
            "gross_margin_4q_avg": 34.52,
            "net_income": 71347,
            "net_income_4q": null,
            "revenue": 2984407,
            "revenue_4q": null,
            "common_shares": 2692785,
            "book_valuer_per_share": 51.07,
            "book_valuer_per_share_4q_avg": 50.42,
            "equity": 14622451,
            "current_ratio": 128.68,
            "debt_ratio": 56.22,
            "inventory_turnover_ratio": 0.35,
            "account_receivable_turnover_ratio": 0.56,
            "reinvestment_rate": 47.06,
            "research_to_sale_ratio": 7.08,
            "price_fair": 247.55,
            "eps_avg_yearly": 7.48,
            "eps_latest_yearly": 2.12,
            "eps_growth_yearly": 23.08
        },
        "20162": {
            "year_quarter": 20162,
            "year": 2016,
            "quarter": 2,
            "eps": 1.47,
            "eps_growth_year": -10.37,
            "eps_4q": 4.51,
            "eps_4q_growth_year": -51.12,
            "roe": 2.19,
            "roe_4q": 6.6899999999999995,
            "gross_profit": 1488002,
            "gross_margin": 34.19,
            "gross_margin_4q_avg": 34.1,
            "net_income": 317924,
            "net_income_4q": null,
            "revenue": 4352385,
            "revenue_4q": null,
            "common_shares": 2692785,
            "book_valuer_per_share": 49.91,
            "book_valuer_per_share_4q_avg": 50.56,
            "equity": 14352382,
            "current_ratio": 111.86,
            "debt_ratio": 58.31,
            "inventory_turnover_ratio": 0.51,
            "account_receivable_turnover_ratio": 0.82,
            "reinvestment_rate": 43.19,
            "research_to_sale_ratio": 5.46,
            "price_fair": 252.44,
            "eps_avg_yearly": 7.21,
            "eps_latest_yearly": 5.88,
            "eps_growth_yearly": 65.64
        },
        "20163": {
            "year_quarter": 20163,
            "year": 2016,
            "quarter": 3,
            "eps": 1.18,
            "eps_growth_year": -46.61,
            "eps_4q": 3.52,
            "eps_4q_growth_year": -59.13,
            "roe": 1.62,
            "roe_4q": 4.6,
            "gross_profit": 1373273,
            "gross_margin": 32.55,
            "gross_margin_4q_avg": 33.78,
            "net_income": 233080,
            "net_income_4q": null,
            "revenue": 4218665,
            "revenue_4q": null,
            "common_shares": 2746640,
            "book_valuer_per_share": 49.84,
            "book_valuer_per_share_4q_avg": 50.38,
            "equity": 14510843,
            "current_ratio": 113.45,
            "debt_ratio": 57.36,
            "inventory_turnover_ratio": 0.54,
            "account_receivable_turnover_ratio": 0.83,
            "reinvestment_rate": 42.34,
            "research_to_sale_ratio": 5.17,
            "price_fair": 245.35,
            "eps_avg_yearly": 7.01,
            "eps_latest_yearly": 4.72,
            "eps_growth_yearly": 66.2
        },
        "20164": {
            "year_quarter": 20164,
            "year": 2016,
            "quarter": 4,
            "eps": 1.68,
            "eps_growth_year": 340.97,
            "eps_4q": 4.83,
            "eps_4q_growth_year": -20.79,
            "roe": 2.31,
            "roe_4q": 6.61,
            "gross_profit": 1425881,
            "gross_margin": 31.25,
            "gross_margin_4q_avg": 33,
            "net_income": 338426,
            "net_income_4q": null,
            "revenue": 4562841,
            "revenue_4q": null,
            "common_shares": 2746640,
            "book_valuer_per_share": 51.34,
            "book_valuer_per_share_4q_avg": 50.54,
            "equity": 14799918,
            "current_ratio": 109.5,
            "debt_ratio": 55.11,
            "inventory_turnover_ratio": 0.66,
            "account_receivable_turnover_ratio": 0.98,
            "reinvestment_rate": 44.44,
            "research_to_sale_ratio": 5.8,
            "price_fair": 248.5,
            "eps_avg_yearly": 7.1,
            "eps_latest_yearly": 6.72,
            "eps_growth_yearly": 85.21
        },
        "20171": {
            "year_quarter": 20171,
            "year": 2017,
            "quarter": 1,
            "eps": 1.04,
            "eps_growth_year": 96.23,
            "eps_4q": 5.35,
            "eps_4q_growth_year": 13.35,
            "roe": 1.34,
            "roe_4q": 7.460000000000001,
            "gross_profit": 1387987,
            "gross_margin": 32.28,
            "gross_margin_4q_avg": 32.57,
            "net_income": 198629,
            "net_income_4q": null,
            "revenue": 4299919,
            "revenue_4q": null,
            "common_shares": 2746640,
            "book_valuer_per_share": 51.66,
            "book_valuer_per_share_4q_avg": 50.69,
            "equity": 14899319,
            "current_ratio": 103.9,
            "debt_ratio": 54.92,
            "inventory_turnover_ratio": 0.67,
            "account_receivable_turnover_ratio": 1,
            "reinvestment_rate": 74.49,
            "research_to_sale_ratio": 5.96,
            "price_fair": 250.51,
            "eps_avg_yearly": 7.16,
            "eps_latest_yearly": 4.16,
            "eps_growth_yearly": 85.34
        },
        "20172": {
            "year_quarter": 20172,
            "year": 2017,
            "quarter": 2,
            "eps": 2.58,
            "eps_growth_year": 75.51,
            "eps_4q": 6.35,
            "eps_4q_growth_year": 40.83,
            "roe": 4.18,
            "roe_4q": 9.45,
            "gross_profit": 1746445,
            "gross_margin": 34.23,
            "gross_margin_4q_avg": 32.58,
            "net_income": 629327,
            "net_income_4q": null,
            "revenue": 5102607,
            "revenue_4q": null,
            "common_shares": 2746640,
            "book_valuer_per_share": 52.98,
            "book_valuer_per_share_4q_avg": 51.46,
            "equity": 15183589,
            "current_ratio": 95.86,
            "debt_ratio": 55.78,
            "inventory_turnover_ratio": 0.77,
            "account_receivable_turnover_ratio": 1.26,
            "reinvestment_rate": 86.01,
            "research_to_sale_ratio": 5.18,
            "price_fair": 257.6,
            "eps_avg_yearly": 7.36,
            "eps_latest_yearly": 10.32,
            "eps_growth_yearly": 92.73
        },
        "20173": {
            "year_quarter": 20173,
            "year": 2017,
            "quarter": 3,
            "eps": 3.21,
            "eps_growth_year": 172.03,
            "eps_4q": 8.4,
            "eps_4q_growth_year": 138.43,
            "roe": 5.35,
            "roe_4q": 13.18,
            "gross_profit": 2039266,
            "gross_margin": 36.32,
            "gross_margin_4q_avg": 33.52,
            "net_income": 835253,
            "net_income_4q": null,
            "revenue": 5614006,
            "revenue_4q": null,
            "common_shares": 2801573,
            "book_valuer_per_share": 55.32,
            "book_valuer_per_share_4q_avg": 52.83,
            "equity": 16066035,
            "current_ratio": 92.83,
            "debt_ratio": 55.28,
            "inventory_turnover_ratio": 0.77,
            "account_receivable_turnover_ratio": 1.34,
            "reinvestment_rate": 88.7,
            "research_to_sale_ratio": 5.68,
            "price_fair": 263.64,
            "eps_avg_yearly": 7.53,
            "eps_latest_yearly": 12.84,
            "eps_growth_yearly": 88.24
        },
        "20174": {
            "year_quarter": 20174,
            "year": 2017,
            "quarter": 4,
            "eps": 3.02,
            "eps_growth_year": 79.66,
            "eps_4q": 9.77,
            "eps_4q_growth_year": 102.31,
            "roe": 3.6,
            "roe_4q": 14.469999999999999,
            "gross_profit": 2408940,
            "gross_margin": 39.18,
            "gross_margin_4q_avg": 35.5,
            "net_income": 588311,
            "net_income_4q": null,
            "revenue": 6148232,
            "revenue_4q": null,
            "common_shares": 2801573,
            "book_valuer_per_share": 58.16,
            "book_valuer_per_share_4q_avg": 54.53,
            "equity": 16599849,
            "current_ratio": 98.44,
            "debt_ratio": 55.82,
            "inventory_turnover_ratio": 0.73,
            "account_receivable_turnover_ratio": 1.41,
            "reinvestment_rate": 91.5,
            "research_to_sale_ratio": 5.72,
            "price_fair": 264.25,
            "eps_avg_yearly": 7.55,
            "eps_latest_yearly": 12.08,
            "eps_growth_yearly": 82.5
        },
        "20181": {
            "year_quarter": 20181,
            "year": 2018,
            "quarter": 1,
            "eps": 4.34,
            "eps_growth_year": 317.31,
            "eps_4q": 13.09,
            "eps_4q_growth_year": 144.79,
            "roe": 6.64,
            "roe_4q": 19.77,
            "gross_profit": 2624062,
            "gross_margin": 40.04,
            "gross_margin_4q_avg": 37.44,
            "net_income": 1148215,
            "net_income_4q": null,
            "revenue": 6553070,
            "revenue_4q": null,
            "common_shares": 2801573,
            "book_valuer_per_share": 63.25,
            "book_valuer_per_share_4q_avg": 57.43,
            "equity": 17959165,
            "current_ratio": 94.82,
            "debt_ratio": 56,
            "inventory_turnover_ratio": 0.67,
            "account_receivable_turnover_ratio": 1.4,
            "reinvestment_rate": 92.71,
            "research_to_sale_ratio": 5.03,
            "price_fair": 283.85,
            "eps_avg_yearly": 8.11,
            "eps_latest_yearly": 17.36,
            "eps_growth_yearly": 100.63
        },
        "20182": {
            "year_quarter": 20182,
            "year": 2018,
            "quarter": 2,
            "eps": 5.42,
            "eps_growth_year": 110.08,
            "eps_4q": 15.68,
            "eps_4q_growth_year": 146.77,
            "roe": 8.17,
            "roe_4q": 23.759999999999998,
            "gross_profit": 3214569,
            "gross_margin": 41.32,
            "gross_margin_4q_avg": 39.22,
            "net_income": 1494196,
            "net_income_4q": null,
            "revenue": 7780347,
            "revenue_4q": null,
            "common_shares": 2801573,
            "book_valuer_per_share": 65.3,
            "book_valuer_per_share_4q_avg": 60.51,
            "equity": 18614797,
            "current_ratio": 88.98,
            "debt_ratio": 57.8,
            "inventory_turnover_ratio": 0.68,
            "account_receivable_turnover_ratio": 1.5,
            "reinvestment_rate": 92.3,
            "research_to_sale_ratio": 4.2,
            "price_fair": 319.99,
            "eps_avg_yearly": 9.14,
            "eps_latest_yearly": 21.68,
            "eps_growth_yearly": 116.49
        },
        "20183": {
            "year_quarter": 20183,
            "year": 2018,
            "quarter": 3,
            "eps": 5.94,
            "eps_growth_year": 85.05,
            "eps_4q": 17.86,
            "eps_4q_growth_year": 112.61,
            "roe": 7.93,
            "roe_4q": 26.340000000000003,
            "gross_profit": 3402729,
            "gross_margin": 40.74,
            "gross_margin_4q_avg": 40.32,
            "net_income": 1660772,
            "net_income_4q": null,
            "revenue": 8351586,
            "revenue_4q": null,
            "common_shares": 3005620,
            "book_valuer_per_share": 76.7,
            "book_valuer_per_share_4q_avg": 65.85,
            "equity": 23291034,
            "current_ratio": 106.06,
            "debt_ratio": 50.13,
            "inventory_turnover_ratio": 0.67,
            "account_receivable_turnover_ratio": 1.45,
            "reinvestment_rate": 92.98,
            "research_to_sale_ratio": 4.09,
            "price_fair": 346.5,
            "eps_avg_yearly": 9.9,
            "eps_latest_yearly": 23.76,
            "eps_growth_yearly": 87.5
        },
        "20184": {
            "year_quarter": 20184,
            "year": 2018,
            "quarter": 4,
            "eps": 2.89,
            "eps_growth_year": -4.19,
            "eps_4q": 17.94,
            "eps_4q_growth_year": 83.57,
            "roe": 2.46,
            "roe_4q": 25.200000000000003,
            "gross_profit": 2388220,
            "gross_margin": 35.92,
            "gross_margin_4q_avg": 39.51,
            "net_income": 587240,
            "net_income_4q": null,
            "revenue": 6648126,
            "revenue_4q": null,
            "common_shares": 3005620,
            "book_valuer_per_share": 80.45,
            "book_valuer_per_share_4q_avg": 71.43,
            "equity": 24438400,
            "current_ratio": 104.62,
            "debt_ratio": 50.02,
            "inventory_turnover_ratio": 0.51,
            "account_receivable_turnover_ratio": 1.09,
            "reinvestment_rate": 87.28,
            "research_to_sale_ratio": 5.84,
            "price_fair": 345.63,
            "eps_avg_yearly": 9.88,
            "eps_latest_yearly": 11.56,
            "eps_growth_yearly": 73.97
        },
        "20191": {
            "year_quarter": 20191,
            "year": 2019,
            "quarter": 1,
            "eps": 2.06,
            "eps_growth_year": -52.53,
            "eps_4q": 15.96,
            "eps_4q_growth_year": 21.91,
            "roe": 2.26,
            "roe_4q": 20.82,
            "gross_profit": 1857568,
            "gross_margin": 36.8,
            "gross_margin_4q_avg": 38.7,
            "net_income": 563730,
            "net_income_4q": null,
            "revenue": 5047996,
            "revenue_4q": null,
            "common_shares": 3005620,
            "book_valuer_per_share": 83.74,
            "book_valuer_per_share_4q_avg": 76.55,
            "equity": 25365498,
            "current_ratio": 105.01,
            "debt_ratio": 48.88,
            "inventory_turnover_ratio": 0.36,
            "account_receivable_turnover_ratio": 0.89,
            "reinvestment_rate": 89.21,
            "research_to_sale_ratio": 5.65,
            "price_fair": 346.41,
            "eps_avg_yearly": 9.9,
            "eps_latest_yearly": 8.24,
            "eps_growth_yearly": 75.32
        },
        "20192": {
            "year_quarter": 20192,
            "year": 2019,
            "quarter": 2,
            "eps": 2.72,
            "eps_growth_year": -49.82,
            "eps_4q": 13.08,
            "eps_4q_growth_year": -16.57,
            "roe": 3.1,
            "roe_4q": 15.75,
            "gross_profit": 2195004,
            "gross_margin": 36.07,
            "gross_margin_4q_avg": 37.38,
            "net_income": 762703,
            "net_income_4q": null,
            "revenue": 6086028,
            "revenue_4q": null,
            "common_shares": 3005620,
            "book_valuer_per_share": 79.11,
            "book_valuer_per_share_4q_avg": 80,
            "equity": 23907717,
            "current_ratio": 87.47,
            "debt_ratio": 52.8,
            "inventory_turnover_ratio": 0.45,
            "account_receivable_turnover_ratio": 1.11,
            "reinvestment_rate": 100.07,
            "research_to_sale_ratio": 4.8,
            "price_fair": 355.86,
            "eps_avg_yearly": 10.17,
            "eps_latest_yearly": 10.88,
            "eps_growth_yearly": 87.52
        },
        "20193": {
            "year_quarter": 20193,
            "year": 2019,
            "quarter": 3,
            "eps": 1.26,
            "eps_growth_year": -78.79,
            "eps_4q": 8.71,
            "eps_4q_growth_year": -51.24,
            "roe": 1.4,
            "roe_4q": 9.219999999999999,
            "gross_profit": 1702679,
            "gross_margin": 33.64,
            "gross_margin_4q_avg": 35.61,
            "net_income": 333759,
            "net_income_4q": null,
            "revenue": 5061590,
            "revenue_4q": null,
            "common_shares": 3095789,
            "book_valuer_per_share": 76.56,
            "book_valuer_per_share_4q_avg": 79.97,
            "equity": 23652756,
            "current_ratio": 91.31,
            "debt_ratio": 52.42,
            "inventory_turnover_ratio": 0.41,
            "account_receivable_turnover_ratio": 0.9,
            "reinvestment_rate": 103.83,
            "research_to_sale_ratio": 5.12,
            "price_fair": 347.55,
            "eps_avg_yearly": 9.93,
            "eps_latest_yearly": 5.04,
            "eps_growth_yearly": 65.41
        },
        "20194": {
            "year_quarter": 20194,
            "year": 2019,
            "quarter": 4,
            "eps": 0.12,
            "eps_growth_year": -95.71,
            "eps_4q": 6.03,
            "eps_4q_growth_year": -66.42,
            "roe": -0.08,
            "roe_4q": 6.68,
            "gross_profit": 1019764,
            "gross_margin": 25.4,
            "gross_margin_4q_avg": 32.98,
            "net_income": -19315,
            "net_income_4q": null,
            "revenue": 4014184,
            "revenue_4q": null,
            "common_shares": 3095789,
            "book_valuer_per_share": 76.7,
            "book_valuer_per_share_4q_avg": 79.03,
            "equity": 23654477,
            "current_ratio": 95.04,
            "debt_ratio": 51.06,
            "inventory_turnover_ratio": 0.39,
            "account_receivable_turnover_ratio": 0.77,
            "reinvestment_rate": 106.41,
            "research_to_sale_ratio": 6.6,
            "price_fair": 345.28,
            "eps_avg_yearly": 9.87,
            "eps_latest_yearly": 0.48,
            "eps_growth_yearly": 63.49
        },
        "20201": {
            "year_quarter": 20201,
            "year": 2020,
            "quarter": 1,
            "eps": -0.42,
            "eps_growth_year": -120.39,
            "eps_4q": 3.6,
            "eps_4q_growth_year": -77.44,
            "roe": -0.81,
            "roe_4q": 3.61,
            "gross_profit": 891300,
            "gross_margin": 24.66,
            "gross_margin_4q_avg": 29.94,
            "net_income": -190916,
            "net_income_4q": null,
            "revenue": 3614067,
            "revenue_4q": null,
            "common_shares": 3095789,
            "book_valuer_per_share": 75.49,
            "book_valuer_per_share_4q_avg": 76.97,
            "equity": 23241958,
            "current_ratio": 94.83,
            "debt_ratio": 51.01,
            "inventory_turnover_ratio": 0.36,
            "account_receivable_turnover_ratio": 0.77,
            "reinvestment_rate": 105.16,
            "research_to_sale_ratio": 6.38,
            "price_fair": 363.35,
            "eps_avg_yearly": 10.38,
            "eps_latest_yearly": 0.48,
            "eps_growth_yearly": 57.2
        },
        "20202": {
            "year_quarter": 20202,
            "year": 2020,
            "quarter": 2,
            "eps": 1.83,
            "eps_growth_year": -32.72,
            "eps_4q": 2.71,
            "eps_4q_growth_year": -79.31,
            "roe": 2.18,
            "roe_4q": 2.69,
            "gross_profit": 1568433,
            "gross_margin": 27.87,
            "gross_margin_4q_avg": 27.89,
            "net_income": 508889,
            "net_income_4q": null,
            "revenue": 5628576,
            "revenue_4q": null,
            "common_shares": 3095789,
            "book_valuer_per_share": 76.28,
            "book_valuer_per_share_4q_avg": 76.26,
            "equity": 23498933,
            "current_ratio": 95.83,
            "debt_ratio": 51.44,
            "inventory_turnover_ratio": 0.56,
            "account_receivable_turnover_ratio": 1.13,
            "reinvestment_rate": 98.41,
            "research_to_sale_ratio": 4.07,
            "price_fair": 220.58,
            "eps_avg_yearly": 10.7,
            "eps_latest_yearly": 0.48,
            "eps_growth_yearly": 10.61
        },
        "20203": {
            "year_quarter": 20203,
            "year": 2020,
            "quarter": 3,
            "eps": 2.91,
            "eps_growth_year": 130.95,
            "eps_4q": 4.39,
            "eps_4q_growth_year": -49.57,
            "roe": 3.67,
            "roe_4q": 4.959999999999999,
            "gross_profit": 1669054,
            "gross_margin": 28.42,
            "gross_margin_4q_avg": 26.59,
            "net_income": 878010,
            "net_income_4q": null,
            "revenue": 5873137,
            "revenue_4q": null,
            "common_shares": 3188663,
            "book_valuer_per_share": 76.89,
            "book_valuer_per_share_4q_avg": 76.34,
            "equity": 24355842,
            "current_ratio": 102.18,
            "debt_ratio": 49.63,
            "inventory_turnover_ratio": 0.62,
            "account_receivable_turnover_ratio": 1.03,
            "reinvestment_rate": 85.29,
            "research_to_sale_ratio": 4.16,
            "price_fair": 391.9,
            "eps_avg_yearly": 11.2,
            "eps_latest_yearly": 11.64,
            "eps_growth_yearly": 33.11
        },
        "20204": {
            "year_quarter": 20204,
            "year": 2020,
            "quarter": 4,
            "eps": 1.72,
            "eps_growth_year": 1281.43,
            "eps_4q": 5.83,
            "eps_4q_growth_year": -3.2,
            "roe": 1.94,
            "roe_4q": 6.979999999999999,
            "gross_profit": 1661620,
            "gross_margin": 27.01,
            "gross_margin_4q_avg": 26.99,
            "net_income": 502796,
            "net_income_4q": null,
            "revenue": 6150879,
            "revenue_4q": null,
            "common_shares": 3308663,
            "book_valuer_per_share": 83.3,
            "book_valuer_per_share_4q_avg": 77.99,
            "equity": 27389394,
            "current_ratio": 125.36,
            "debt_ratio": 42.98,
            "inventory_turnover_ratio": 0.7,
            "account_receivable_turnover_ratio": 1,
            "reinvestment_rate": 82.11,
            "research_to_sale_ratio": 5.04,
            "price_fair": 216.52,
            "eps_avg_yearly": 11.21,
            "eps_latest_yearly": 6.88,
            "eps_growth_yearly": 9.32
        },
        "20211": {
            "year_quarter": 20211,
            "year": 2021,
            "quarter": 1,
            "eps": 1.61,
            "eps_growth_year": null,
            "eps_4q": 7.84,
            "eps_4q_growth_year": 117.71,
            "roe": 1.74,
            "roe_4q": 9.53,
            "gross_profit": 1904296,
            "gross_margin": 31.78,
            "gross_margin_4q_avg": 28.77,
            "net_income": 479399,
            "net_income_4q": null,
            "revenue": 5991447,
            "revenue_4q": null,
            "common_shares": 3308663,
            "book_valuer_per_share": 84.49,
            "book_valuer_per_share_4q_avg": 80.24,
            "equity": 27728811,
            "current_ratio": 122,
            "debt_ratio": 43.27,
            "inventory_turnover_ratio": 0.65,
            "account_receivable_turnover_ratio": 0.96,
            "reinvestment_rate": 76.05,
            "research_to_sale_ratio": 4.17,
            "price_fair": 322.66,
            "eps_avg_yearly": 11.37,
            "eps_latest_yearly": 6.44,
            "eps_growth_yearly": 18.37
        },
        "20212": {
            "year_quarter": 20212,
            "year": 2021,
            "quarter": 2,
            "eps": 3.18,
            "eps_growth_year": 73.77,
            "eps_4q": 9.03,
            "eps_4q_growth_year": 233.59,
            "roe": 3.5,
            "roe_4q": 10.85,
            "gross_profit": 2545967,
            "gross_margin": 36.12,
            "gross_margin_4q_avg": 30.83,
            "net_income": 985882,
            "net_income_4q": null,
            "revenue": 7048502,
            "revenue_4q": null,
            "common_shares": 3308663,
            "book_valuer_per_share": 86.3,
            "book_valuer_per_share_4q_avg": 82.75,
            "equity": 28635802,
            "current_ratio": 130.45,
            "debt_ratio": 42.57,
            "inventory_turnover_ratio": 0.67,
            "account_receivable_turnover_ratio": 1.2,
            "reinvestment_rate": 65.22,
            "research_to_sale_ratio": 3.64,
            "price_fair": 160.78,
            "eps_avg_yearly": 11.54,
            "eps_latest_yearly": 12.72,
            "eps_growth_yearly": 3.93
        },
        "20213": {
            "year_quarter": 20213,
            "year": 2021,
            "quarter": 3,
            "eps": 3.98,
            "eps_growth_year": 36.77,
            "eps_4q": 10.29,
            "eps_4q_growth_year": 134.35,
            "roe": 4.46,
            "roe_4q": 11.639999999999999,
            "gross_profit": 2875946,
            "gross_margin": 38.19,
            "gross_margin_4q_avg": 33.28,
            "net_income": 1307790,
            "net_income_4q": null,
            "revenue": 7530090,
            "revenue_4q": null,
            "common_shares": 3407923,
            "book_valuer_per_share": 88.04,
            "book_valuer_per_share_4q_avg": 85.53,
            "equity": 30036151,
            "current_ratio": 139.4,
            "debt_ratio": 41.51,
            "inventory_turnover_ratio": 0.64,
            "account_receivable_turnover_ratio": 1.35,
            "reinvestment_rate": 55.12,
            "research_to_sale_ratio": 3.38,
            "price_fair": 166.32,
            "eps_avg_yearly": 11.76,
            "eps_latest_yearly": 15.92,
            "eps_growth_yearly": 4.14
        },
        "20214": {
            "year_quarter": 20214,
            "year": 2021,
            "quarter": 4,
            "eps": 1.74,
            "eps_growth_year": 1.21,
            "eps_4q": 10.36,
            "eps_4q_growth_year": 77.71,
            "roe": 1.26,
            "roe_4q": 10.959999999999999,
            "gross_profit": 2489199,
            "gross_margin": 37.18,
            "gross_margin_4q_avg": 35.82,
            "net_income": 381622,
            "net_income_4q": null,
            "revenue": 6695123,
            "revenue_4q": null,
            "common_shares": 3407923,
            "book_valuer_per_share": 88.85,
            "book_valuer_per_share_4q_avg": 86.92,
            "equity": 30467115,
            "current_ratio": 133.93,
            "debt_ratio": 40.3,
            "inventory_turnover_ratio": 0.53,
            "account_receivable_turnover_ratio": 1.36,
            "reinvestment_rate": 45.74,
            "research_to_sale_ratio": 4.45,
            "price_fair": 34.19,
            "eps_avg_yearly": 11.4,
            "eps_latest_yearly": 6.96,
            "eps_growth_yearly": -10.25
        },
        "20221": {
            "year_quarter": 20221,
            "year": 2022,
            "quarter": 1,
            "eps": 4.01,
            "eps_growth_year": 149.07,
            "eps_4q": 12.82,
            "eps_4q_growth_year": 63.52,
            "roe": 4.39,
            "roe_4q": 13.61,
            "gross_profit": 2771787,
            "gross_margin": 36.63,
            "gross_margin_4q_avg": 37.03,
            "net_income": 1334067,
            "net_income_4q": null,
            "revenue": 7566346,
            "revenue_4q": null,
            "common_shares": 3407923,
            "book_valuer_per_share": 88.32,
            "book_valuer_per_share_4q_avg": 87.88,
            "equity": 30253348,
            "current_ratio": 128.39,
            "debt_ratio": 42.41,
            "inventory_turnover_ratio": 0.57,
            "account_receivable_turnover_ratio": 1.67,
            "reinvestment_rate": 40.27,
            "research_to_sale_ratio": 3.26,
            "price_fair": 277.33,
            "eps_avg_yearly": 11.3,
            "eps_latest_yearly": 16.04,
            "eps_growth_yearly": 14.54
        },
        "20222": {
            "year_quarter": 20222,
            "year": 2022,
            "quarter": 2,
            "eps": 3.6,
            "eps_growth_year": 13.21,
            "eps_4q": 13.33,
            "eps_4q_growth_year": 47.57,
            "roe": 3.84,
            "roe_4q": 13.95,
            "gross_profit": 3156425,
            "gross_margin": 38.33,
            "gross_margin_4q_avg": 37.58,
            "net_income": 1178537,
            "net_income_4q": null,
            "revenue": 8235458,
            "revenue_4q": null,
            "common_shares": 3407923,
            "book_valuer_per_share": 91.11,
            "book_valuer_per_share_4q_avg": 89.08,
            "equity": 31157208,
            "current_ratio": 133.26,
            "debt_ratio": 41.93,
            "inventory_turnover_ratio": 0.58,
            "account_receivable_turnover_ratio": 1.63,
            "reinvestment_rate": 33.35,
            "research_to_sale_ratio": 3.71,
            "price_fair": 156.41,
            "eps_avg_yearly": 10.78,
            "eps_latest_yearly": 14.4,
            "eps_growth_yearly": 4.51
        },
        "20223": {
            "year_quarter": 20223,
            "year": 2022,
            "quarter": 3,
            "eps": 4.13,
            "eps_growth_year": 3.77,
            "eps_4q": 13.03,
            "eps_4q_growth_year": 26.63,
            "roe": 4.22,
            "roe_4q": 13.709999999999999,
            "gross_profit": 2964056,
            "gross_margin": 37.42,
            "gross_margin_4q_avg": 37.39,
            "net_income": 1387443,
            "net_income_4q": null,
            "revenue": 7920738,
            "revenue_4q": null,
            "common_shares": 3537923,
            "book_valuer_per_share": 97.41,
            "book_valuer_per_share_4q_avg": 91.42,
            "equity": 34531677,
            "current_ratio": 167.54,
            "debt_ratio": 36.06,
            "inventory_turnover_ratio": 0.55,
            "account_receivable_turnover_ratio": 1.57,
            "reinvestment_rate": 27.84,
            "research_to_sale_ratio": 3.85,
            "price_fair": 163.95,
            "eps_avg_yearly": 10.27,
            "eps_latest_yearly": 16.52,
            "eps_growth_yearly": 5.97
        },
        "20224": {
            "year_quarter": 20224,
            "year": 2022,
            "quarter": 4,
            "eps": 1.3,
            "eps_growth_year": -25.2,
            "eps_4q": 12.66,
            "eps_4q_growth_year": 22.15,
            "roe": 1.18,
            "roe_4q": 13.629999999999999,
            "gross_profit": 1823082,
            "gross_margin": 32.6,
            "gross_margin_4q_avg": 36.25,
            "net_income": 411688,
            "net_income_4q": null,
            "revenue": 5592106,
            "revenue_4q": null,
            "common_shares": 3537923,
            "book_valuer_per_share": 98.23,
            "book_valuer_per_share_4q_avg": 93.77,
            "equity": 34964667,
            "current_ratio": 215.92,
            "debt_ratio": 32.94,
            "inventory_turnover_ratio": 0.42,
            "account_receivable_turnover_ratio": 1.37,
            "reinvestment_rate": 22.02,
            "research_to_sale_ratio": 4.87,
            "price_fair": 108.54,
            "eps_avg_yearly": 9.81,
            "eps_latest_yearly": 5.2,
            "eps_growth_yearly": 1.06
        },
        "20231": {
            "year_quarter": 20231,
            "year": 2023,
            "quarter": 1,
            "eps": 1.26,
            "eps_growth_year": -68.58,
            "eps_4q": 10.05,
            "eps_4q_growth_year": -21.54,
            "roe": 1.17,
            "roe_4q": 10.41,
            "gross_profit": 1742000,
            "gross_margin": 30.38,
            "gross_margin_4q_avg": 34.68,
            "net_income": 402452,
            "net_income_4q": null,
            "revenue": 5733868,
            "revenue_4q": null,
            "common_shares": 3537923,
            "book_valuer_per_share": 94.68,
            "book_valuer_per_share_4q_avg": 95.36,
            "equity": 33666676,
            "current_ratio": 189.88,
            "debt_ratio": 36.62,
            "inventory_turnover_ratio": 0.45,
            "account_receivable_turnover_ratio": 1.66,
            "reinvestment_rate": 17.47,
            "research_to_sale_ratio": 3.88,
            "price_fair": 176.22,
            "eps_avg_yearly": 9.58,
            "eps_latest_yearly": 5.04,
            "eps_growth_yearly": 8.39
        },
        "20232": {
            "year_quarter": 20232,
            "year": 2023,
            "quarter": 2,
            "eps": 1.77,
            "eps_growth_year": -50.83,
            "eps_4q": 8.36,
            "eps_4q_growth_year": -37.28,
            "roe": 1.71,
            "roe_4q": 8.28,
            "gross_profit": 2215618,
            "gross_margin": 33.66,
            "gross_margin_4q_avg": 33.52,
            "net_income": 579976,
            "net_income_4q": null,
            "revenue": 6583249,
            "revenue_4q": null,
            "common_shares": 3537923,
            "book_valuer_per_share": 96.33,
            "book_valuer_per_share_4q_avg": 96.66,
            "equity": 34204879,
            "current_ratio": 200.79,
            "debt_ratio": 35.48,
            "inventory_turnover_ratio": 0.51,
            "account_receivable_turnover_ratio": 1.78,
            "reinvestment_rate": 5.77,
            "research_to_sale_ratio": 3.53,
            "price_fair": 193.68,
            "eps_avg_yearly": 9.31,
            "eps_latest_yearly": 7.08,
            "eps_growth_yearly": 10.8
        },
        "20233": {
            "year_quarter": 20233,
            "year": 2023,
            "quarter": 3,
            "eps": 1.78,
            "eps_growth_year": -56.9,
            "eps_4q": 6.11,
            "eps_4q_growth_year": -53.13,
            "roe": 1.58,
            "roe_4q": 5.64,
            "gross_profit": 2181675,
            "gross_margin": 33.27,
            "gross_margin_4q_avg": 32.48,
            "net_income": 545415,
            "net_income_4q": null,
            "revenue": 6557875,
            "revenue_4q": null,
            "common_shares": 3537923,
            "book_valuer_per_share": 98.11,
            "book_valuer_per_share_4q_avg": 96.84,
            "equity": 34748854,
            "current_ratio": 226.02,
            "debt_ratio": 33.11,
            "inventory_turnover_ratio": 0.52,
            "account_receivable_turnover_ratio": 1.73,
            "reinvestment_rate": 2.31,
            "research_to_sale_ratio": 3.71,
            "price_fair": 331.1,
            "eps_avg_yearly": 9.46,
            "eps_latest_yearly": 7.12,
            "eps_growth_yearly": 26.3
        }
    },
    "months": {
        "2007-06": {
            "month": "2007-06",
            "price": "50.35",
            "revenue": 348245
        },
        "2007-07": {
            "month": "2007-07",
            "price": "54.67",
            "revenue": 443075
        },
        "2007-08": {
            "month": "2007-08",
            "price": "54.41",
            "revenue": 432388
        },
        "2007-09": {
            "month": "2007-09",
            "price": "55.47",
            "revenue": 389426
        },
        "2007-10": {
            "month": "2007-10",
            "price": "52.41",
            "revenue": 476607
        },
        "2007-11": {
            "month": "2007-11",
            "price": "44.94",
            "revenue": 433606
        },
        "2007-12": {
            "month": "2007-12",
            "price": "41.14",
            "revenue": 435129
        },
        "2008-01": {
            "month": "2008-01",
            "price": "45.19",
            "revenue": 465752
        },
        "2008-02": {
            "month": "2008-02",
            "price": "44.68",
            "revenue": 381579
        },
        "2008-03": {
            "month": "2008-03",
            "price": "48.76",
            "revenue": 521154
        },
        "2008-04": {
            "month": "2008-04",
            "price": "50.13",
            "revenue": 538707
        },
        "2008-05": {
            "month": "2008-05",
            "price": "55.03",
            "revenue": 499515
        },
        "2008-06": {
            "month": "2008-06",
            "price": "54.50",
            "revenue": 524487
        },
        "2008-07": {
            "month": "2008-07",
            "price": "49.43",
            "revenue": 538020
        },
        "2008-08": {
            "month": "2008-08",
            "price": "49.06",
            "revenue": 499969
        },
        "2008-09": {
            "month": "2008-09",
            "price": "43.93",
            "revenue": 466712
        },
        "2008-10": {
            "month": "2008-10",
            "price": "34.87",
            "revenue": 400382
        },
        "2008-11": {
            "month": "2008-11",
            "price": "29.22",
            "revenue": 285595
        },
        "2008-12": {
            "month": "2008-12",
            "price": "25.20",
            "revenue": 152657
        },
        "2009-01": {
            "month": "2009-01",
            "price": "21.91",
            "revenue": 139948
        },
        "2009-02": {
            "month": "2009-02",
            "price": "21.50",
            "revenue": 140291
        },
        "2009-03": {
            "month": "2009-03",
            "price": "24.58",
            "revenue": 204720
        },
        "2009-04": {
            "month": "2009-04",
            "price": "32.27",
            "revenue": 231444
        },
        "2009-05": {
            "month": "2009-05",
            "price": "40.48",
            "revenue": 235125
        },
        "2009-06": {
            "month": "2009-06",
            "price": "30.20",
            "revenue": 298666
        },
        "2009-07": {
            "month": "2009-07",
            "price": "30.27",
            "revenue": 305177
        },
        "2009-08": {
            "month": "2009-08",
            "price": "28.92",
            "revenue": 285268
        },
        "2009-09": {
            "month": "2009-09",
            "price": "30.64",
            "revenue": 319928
        },
        "2009-10": {
            "month": "2009-10",
            "price": "34.89",
            "revenue": 366462
        },
        "2009-11": {
            "month": "2009-11",
            "price": "35.54",
            "revenue": 381213
        },
        "2009-12": {
            "month": "2009-12",
            "price": "40.25",
            "revenue": 429184
        },
        "2010-01": {
            "month": "2010-01",
            "price": "43.98",
            "revenue": 481005
        },
        "2010-02": {
            "month": "2010-02",
            "price": "44.89",
            "revenue": 424889
        },
        "2010-03": {
            "month": "2010-03",
            "price": "53.37",
            "revenue": 569863
        },
        "2010-04": {
            "month": "2010-04",
            "price": "66.91",
            "revenue": 576451
        },
        "2010-05": {
            "month": "2010-05",
            "price": "69.77",
            "revenue": 617653
        },
        "2010-06": {
            "month": "2010-06",
            "price": "70.08",
            "revenue": 647804
        },
        "2010-07": {
            "month": "2010-07",
            "price": "74.29",
            "revenue": 688741
        },
        "2010-08": {
            "month": "2010-08",
            "price": "79.30",
            "revenue": 754035
        },
        "2010-09": {
            "month": "2010-09",
            "price": "75.13",
            "revenue": 785023
        },
        "2010-10": {
            "month": "2010-10",
            "price": "79.71",
            "revenue": 833339
        },
        "2010-11": {
            "month": "2010-11",
            "price": "108.58",
            "revenue": 870145
        },
        "2010-12": {
            "month": "2010-12",
            "price": "141.78",
            "revenue": 961066
        },
        "2011-01": {
            "month": "2011-01",
            "price": "147.58",
            "revenue": 944214
        },
        "2011-02": {
            "month": "2011-02",
            "price": "172.32",
            "revenue": 853365
        },
        "2011-03": {
            "month": "2011-03",
            "price": "188.61",
            "revenue": 1083410
        },
        "2011-04": {
            "month": "2011-04",
            "price": "228.92",
            "revenue": 1065367
        },
        "2011-05": {
            "month": "2011-05",
            "price": "297.69",
            "revenue": 1209867
        },
        "2011-06": {
            "month": "2011-06",
            "price": "291.67",
            "revenue": 1259024
        },
        "2011-07": {
            "month": "2011-07",
            "price": "329.43",
            "revenue": 1234246
        },
        "2011-08": {
            "month": "2011-08",
            "price": "325.20",
            "revenue": 1335939
        },
        "2011-09": {
            "month": "2011-09",
            "price": "260.05",
            "revenue": 1354030
        },
        "2011-10": {
            "month": "2011-10",
            "price": "240.38",
            "revenue": 1366277
        },
        "2011-11": {
            "month": "2011-11",
            "price": "266.00",
            "revenue": 1367384
        },
        "2011-12": {
            "month": "2011-12",
            "price": "251.34",
            "revenue": 1061137
        },
        "2012-01": {
            "month": "2012-01",
            "price": "237.10",
            "revenue": 764058
        },
        "2012-02": {
            "month": "2012-02",
            "price": "312.30",
            "revenue": 654176
        },
        "2012-03": {
            "month": "2012-03",
            "price": "316.74",
            "revenue": 831423
        },
        "2012-04": {
            "month": "2012-04",
            "price": "284.22",
            "revenue": 1044363
        },
        "2012-05": {
            "month": "2012-05",
            "price": "291.73",
            "revenue": 1003938
        },
        "2012-06": {
            "month": "2012-06",
            "price": "293.62",
            "revenue": 1011668
        },
        "2012-07": {
            "month": "2012-07",
            "price": "281.05",
            "revenue": 1021862
        },
        "2012-08": {
            "month": "2012-08",
            "price": "245.05",
            "revenue": 1032444
        },
        "2012-09": {
            "month": "2012-09",
            "price": "221.45",
            "revenue": 1042813
        },
        "2012-10": {
            "month": "2012-10",
            "price": "207.98",
            "revenue": 928393
        },
        "2012-11": {
            "month": "2012-11",
            "price": "191.66",
            "revenue": 812515
        },
        "2012-12": {
            "month": "2012-12",
            "price": "209.67",
            "revenue": 756708
        },
        "2013-01": {
            "month": "2013-01",
            "price": "217.91",
            "revenue": 848198
        },
        "2013-02": {
            "month": "2013-02",
            "price": "239.58",
            "revenue": 698446
        },
        "2013-03": {
            "month": "2013-03",
            "price": "233.19",
            "revenue": 826888
        },
        "2013-04": {
            "month": "2013-04",
            "price": "212.75",
            "revenue": 843431
        },
        "2013-05": {
            "month": "2013-05",
            "price": "202.05",
            "revenue": 898023
        },
        "2013-06": {
            "month": "2013-06",
            "price": "183.66",
            "revenue": 1061894
        },
        "2013-07": {
            "month": "2013-07",
            "price": "187.63",
            "revenue": 1080430
        },
        "2013-08": {
            "month": "2013-08",
            "price": "190.33",
            "revenue": 1070377
        },
        "2013-09": {
            "month": "2013-09",
            "price": "199.42",
            "revenue": 1233572
        },
        "2013-10": {
            "month": "2013-10",
            "price": "223.39",
            "revenue": 1310005
        },
        "2013-11": {
            "month": "2013-11",
            "price": "231.21",
            "revenue": 1331921
        },
        "2013-12": {
            "month": "2013-12",
            "price": "250.89",
            "revenue": 1283111
        },
        "2014-01": {
            "month": "2014-01",
            "price": "260.03",
            "revenue": 1052137
        },
        "2014-02": {
            "month": "2014-02",
            "price": "289.06",
            "revenue": 876770
        },
        "2014-03": {
            "month": "2014-03",
            "price": "297.62",
            "revenue": 1083065
        },
        "2014-04": {
            "month": "2014-04",
            "price": "299.71",
            "revenue": 1130021
        },
        "2014-05": {
            "month": "2014-05",
            "price": "297.26",
            "revenue": 1180511
        },
        "2014-06": {
            "month": "2014-06",
            "price": "320.95",
            "revenue": 1227588
        },
        "2014-07": {
            "month": "2014-07",
            "price": "335.55",
            "revenue": 1350471
        },
        "2014-08": {
            "month": "2014-08",
            "price": "295.21",
            "revenue": 1430441
        },
        "2014-09": {
            "month": "2014-09",
            "price": "279.86",
            "revenue": 1470436
        },
        "2014-10": {
            "month": "2014-10",
            "price": "248.68",
            "revenue": 1489951
        },
        "2014-11": {
            "month": "2014-11",
            "price": "239.90",
            "revenue": 1500700
        },
        "2014-12": {
            "month": "2014-12",
            "price": "262.85",
            "revenue": 1305701
        },
        "2015-01": {
            "month": "2015-01",
            "price": "260.95",
            "revenue": 1314920
        },
        "2015-02": {
            "month": "2015-02",
            "price": "260.54",
            "revenue": 1000048
        },
        "2015-03": {
            "month": "2015-03",
            "price": "248.52",
            "revenue": 1321249
        },
        "2015-04": {
            "month": "2015-04",
            "price": "229.65",
            "revenue": 1394903
        },
        "2015-05": {
            "month": "2015-05",
            "price": "234.80",
            "revenue": 1464272
        },
        "2015-06": {
            "month": "2015-06",
            "price": "218.29",
            "revenue": 1464605
        },
        "2015-07": {
            "month": "2015-07",
            "price": "205.09",
            "revenue": 1323396
        },
        "2015-08": {
            "month": "2015-08",
            "price": "169.43",
            "revenue": 1196546
        },
        "2015-09": {
            "month": "2015-09",
            "price": "176.20",
            "revenue": 1239099
        },
        "2015-10": {
            "month": "2015-10",
            "price": "182.57",
            "revenue": 1224076
        },
        "2015-11": {
            "month": "2015-11",
            "price": "167.00",
            "revenue": 982102
        },
        "2015-12": {
            "month": "2015-12",
            "price": "136.41",
            "revenue": 969182
        },
        "2016-01": {
            "month": "2016-01",
            "price": "118.17",
            "revenue": 1003326
        },
        "2016-02": {
            "month": "2016-02",
            "price": "129.88",
            "revenue": 844975
        },
        "2016-03": {
            "month": "2016-03",
            "price": "147.80",
            "revenue": 1160023
        },
        "2016-04": {
            "month": "2016-04",
            "price": "147.63",
            "revenue": 1324150
        },
        "2016-05": {
            "month": "2016-05",
            "price": "133.88",
            "revenue": 1482095
        },
        "2016-06": {
            "month": "2016-06",
            "price": "140.33",
            "revenue": 1549257
        },
        "2016-07": {
            "month": "2016-07",
            "price": "149.32",
            "revenue": 1487430
        },
        "2016-08": {
            "month": "2016-08",
            "price": "166.35",
            "revenue": 1343286
        },
        "2016-09": {
            "month": "2016-09",
            "price": "166.53",
            "revenue": 1388270
        },
        "2016-10": {
            "month": "2016-10",
            "price": "151.20",
            "revenue": 1455771
        },
        "2016-11": {
            "month": "2016-11",
            "price": "130.39",
            "revenue": 1513034
        },
        "2016-12": {
            "month": "2016-12",
            "price": "141.30",
            "revenue": 1570503
        },
        "2017-01": {
            "month": "2017-01",
            "price": "154.34",
            "revenue": 1268757
        },
        "2017-02": {
            "month": "2017-02",
            "price": "180.28",
            "revenue": 1428898
        },
        "2017-03": {
            "month": "2017-03",
            "price": "200.57",
            "revenue": 1590477
        },
        "2017-04": {
            "month": "2017-04",
            "price": "186.14",
            "revenue": 1640959
        },
        "2017-05": {
            "month": "2017-05",
            "price": "201.55",
            "revenue": 1690148
        },
        "2017-06": {
            "month": "2017-06",
            "price": "204.65",
            "revenue": 1771107
        },
        "2017-07": {
            "month": "2017-07",
            "price": "208.60",
            "revenue": 1822209
        },
        "2017-08": {
            "month": "2017-08",
            "price": "252.22",
            "revenue": 1870316
        },
        "2017-09": {
            "month": "2017-09",
            "price": "276.43",
            "revenue": 1921189
        },
        "2017-10": {
            "month": "2017-10",
            "price": "293.16",
            "revenue": 1971326
        },
        "2017-11": {
            "month": "2017-11",
            "price": "316.77",
            "revenue": 2041337
        },
        "2017-12": {
            "month": "2017-12",
            "price": "318.55",
            "revenue": 2136962
        },
        "2018-01": {
            "month": "2018-01",
            "price": "348.43",
            "revenue": 2255359
        },
        "2018-02": {
            "month": "2018-02",
            "price": "368.19",
            "revenue": 1911575
        },
        "2018-03": {
            "month": "2018-03",
            "price": "392.70",
            "revenue": 2384745
        },
        "2018-04": {
            "month": "2018-04",
            "price": "471.33",
            "revenue": 2462095
        },
        "2018-05": {
            "month": "2018-05",
            "price": "446.05",
            "revenue": 2620473
        },
        "2018-06": {
            "month": "2018-06",
            "price": "391.05",
            "revenue": 2701630
        },
        "2018-07": {
            "month": "2018-07",
            "price": "317.05",
            "revenue": 2811145
        },
        "2018-08": {
            "month": "2018-08",
            "price": "278.76",
            "revenue": 2734603
        },
        "2018-09": {
            "month": "2018-09",
            "price": "261.37",
            "revenue": 2809488
        },
        "2018-10": {
            "month": "2018-10",
            "price": "215.59",
            "revenue": 2650004
        },
        "2018-11": {
            "month": "2018-11",
            "price": "223.30",
            "revenue": 2301474
        },
        "2018-12": {
            "month": "2018-12",
            "price": "233.86",
            "revenue": 1751055
        },
        "2019-01": {
            "month": "2019-01",
            "price": "228.98",
            "revenue": 1667522
        },
        "2019-02": {
            "month": "2019-02",
            "price": "264.38",
            "revenue": 1501218
        },
        "2019-03": {
            "month": "2019-03",
            "price": "266.12",
            "revenue": 1880117
        },
        "2019-04": {
            "month": "2019-04",
            "price": "288.52",
            "revenue": 1957222
        },
        "2019-05": {
            "month": "2019-05",
            "price": "251.75",
            "revenue": 2044873
        },
        "2019-06": {
            "month": "2019-06",
            "price": "246.87",
            "revenue": 2083989
        },
        "2019-07": {
            "month": "2019-07",
            "price": "272.35",
            "revenue": 2116093
        },
        "2019-08": {
            "month": "2019-08",
            "price": "251.10",
            "revenue": 1572389
        },
        "2019-09": {
            "month": "2019-09",
            "price": "268.76",
            "revenue": 1374363
        },
        "2019-10": {
            "month": "2019-10",
            "price": "263.05",
            "revenue": 1407133
        },
        "2019-11": {
            "month": "2019-11",
            "price": "262.45",
            "revenue": 1278641
        },
        "2019-12": {
            "month": "2019-12",
            "price": "274.27",
            "revenue": 1323171
        },
        "2020-01": {
            "month": "2020-01",
            "price": "295.47",
            "revenue": 1039231
        },
        "2020-02": {
            "month": "2020-02",
            "price": "311.92",
            "revenue": 1217899
        },
        "2020-03": {
            "month": "2020-03",
            "price": "238.09",
            "revenue": 1364012
        },
        "2020-04": {
            "month": "2020-04",
            "price": "239.72",
            "revenue": 1746884
        },
        "2020-05": {
            "month": "2020-05",
            "price": "293.42",
            "revenue": 1861385
        },
        "2020-06": {
            "month": "2020-06",
            "price": "304.10",
            "revenue": 2011222
        },
        "2020-07": {
            "month": "2020-07",
            "price": "305.87",
            "revenue": 2041883
        },
        "2020-08": {
            "month": "2020-08",
            "price": "319.88",
            "revenue": 1819821
        },
        "2020-09": {
            "month": "2020-09",
            "price": "308.16",
            "revenue": 2007872
        },
        "2020-10": {
            "month": "2020-10",
            "price": "274.39",
            "revenue": 1977041
        },
        "2020-11": {
            "month": "2020-11",
            "price": "286.38",
            "revenue": 2044943
        },
        "2020-12": {
            "month": "2020-12",
            "price": "352.80",
            "revenue": 2124419
        },
        "2021-01": {
            "month": "2021-01",
            "price": "431.10",
            "revenue": 1965642
        },
        "2021-02": {
            "month": "2021-02",
            "price": "406.08",
            "revenue": 1865920
        },
        "2021-03": {
            "month": "2021-03",
            "price": "414.16",
            "revenue": 2160488
        },
        "2021-04": {
            "month": "2021-04",
            "price": "414.05",
            "revenue": 2236269
        },
        "2021-05": {
            "month": "2021-05",
            "price": "354.48",
            "revenue": 2369013
        },
        "2021-06": {
            "month": "2021-06",
            "price": "388.74",
            "revenue": 2443235
        },
        "2021-07": {
            "month": "2021-07",
            "price": "379.91",
            "revenue": 2500543
        },
        "2021-08": {
            "month": "2021-08",
            "price": "329.39",
            "revenue": 2529149
        },
        "2021-09": {
            "month": "2021-09",
            "price": "328.50",
            "revenue": 2500398
        },
        "2021-10": {
            "month": "2021-10",
            "price": "301.30",
            "revenue": 2410871
        },
        "2021-11": {
            "month": "2021-11",
            "price": "293.66",
            "revenue": 2262241
        },
        "2021-12": {
            "month": "2021-12",
            "price": "292.75",
            "revenue": 2022010
        },
        "2022-01": {
            "month": "2022-01",
            "price": "283.97",
            "revenue": 2401483
        },
        "2022-02": {
            "month": "2022-02",
            "price": "274.03",
            "revenue": 2453621
        },
        "2022-03": {
            "month": "2022-03",
            "price": "250.30",
            "revenue": 2711936
        },
        "2022-04": {
            "month": "2022-04",
            "price": "227.00",
            "revenue": 2742688
        },
        "2022-05": {
            "month": "2022-05",
            "price": "222.79",
            "revenue": 2745135
        },
        "2022-06": {
            "month": "2022-06",
            "price": "250.17",
            "revenue": 2751204
        },
        "2022-07": {
            "month": "2022-07",
            "price": "224.26",
            "revenue": 2781486
        },
        "2022-08": {
            "month": "2022-08",
            "price": "213.33",
            "revenue": 2627868
        },
        "2022-09": {
            "month": "2022-09",
            "price": "190.07",
            "revenue": 2511383
        },
        "2022-10": {
            "month": "2022-10",
            "price": "166.55",
            "revenue": 2110428
        },
        "2022-11": {
            "month": "2022-11",
            "price": "179.02",
            "revenue": 1802808
        },
        "2022-12": {
            "month": "2022-12",
            "price": "185.11",
            "revenue": 1680534
        },
        "2023-01": {
            "month": "2023-01",
            "price": "193.81",
            "revenue": 1447352
        },
        "2023-02": {
            "month": "2023-02",
            "price": "238.56",
            "revenue": 2006202
        },
        "2023-03": {
            "month": "2023-03",
            "price": "249.54",
            "revenue": 2280908
        },
        "2023-04": {
            "month": "2023-04",
            "price": "247.18",
            "revenue": 2150871
        },
        "2023-05": {
            "month": "2023-05",
            "price": "234.27",
            "revenue": 2215029
        },
        "2023-06": {
            "month": "2023-06",
            "price": "240.25",
            "revenue": 2217350
        },
        "2023-07": {
            "month": "2023-07",
            "price": "219.24",
            "revenue": 2246022
        },
        "2023-08": {
            "month": "2023-08",
            "price": "200.70",
            "revenue": 2150644
        },
        "2023-09": {
            "month": "2023-09",
            "price": "203.85",
            "revenue": 2161208
        },
        "2023-10": {
            "month": "2023-10",
            "price": "202.55",
            "revenue": 2000161
        },
        "2023-11": {
            "month": "2023-11",
            "price": "212.84",
            "revenue": 1912063
        }
    }
}
