{
    "summary": {
        "stock_name": "川湖",
        "stock_id": "2059",
        "category": "電子零組件",
        "main_business": "研發、設計、製造和銷售伺服器等用導軌及其週邊零組件生產及買賣<br>鉸鏈(筆記型電腦鉸鏈)及其零組件之製造生產及買賣<br>滑軌之製造生產及買賣",
        "website_url": "http://www.kingslide.com",
        "ceo": "林淑珍",
        "pe_ratio": 11,
        "report_year_from": 2001,
        "report_year_to": 2023,
        "age": 22,
        "eps_negative_percentage": 0,
        "eps_growth_avg": {
            "last_all": 14.39,
            "last_2y": 49.47,
            "last_4y": 46.31,
            "last_8y": 22.77,
            "last_12y": 21.36,
            "last_16y": 14.7,
            "last_20y": null,
            "at_2006_last_3y": null,
            "at_2007_last_3y": null,
            "at_2008_last_3y": 1.41,
            "at_2009_last_3y": -6.97,
            "at_2010_last_3y": -2.97,
            "at_2011_last_3y": 4.13,
            "at_2012_last_3y": 4.61,
            "at_2013_last_3y": 18.2,
            "at_2014_last_3y": 25.07,
            "at_2015_last_3y": 20.32,
            "at_2016_last_3y": 11.39,
            "at_2017_last_3y": -6.66,
            "at_2018_last_3y": 10.32,
            "at_2019_last_3y": 5.68,
            "at_2020_last_3y": 3.93,
            "at_2021_last_3y": 33.94,
            "at_2022_last_3y": 34.05,
            "at_2023_last_3y": 34.05,
            "at_2006_last_all": -3.41,
            "at_2007_last_all": -3.29,
            "at_2008_last_all": 1.41,
            "at_2009_last_all": -3.74,
            "at_2010_last_all": -3.11,
            "at_2011_last_all": 0.95,
            "at_2012_last_all": 3.01,
            "at_2013_last_all": 6.01,
            "at_2014_last_all": 8.16,
            "at_2015_last_all": 7.99,
            "at_2016_last_all": 5.8,
            "at_2017_last_all": 2.11,
            "at_2018_last_all": 8.78,
            "at_2019_last_all": 7.38,
            "at_2020_last_all": 5.33,
            "at_2021_last_all": 9.6,
            "at_2022_last_all": 14.39,
            "at_2023_last_all": 14.39
        },
        "latest_eps": 37.82,
        "latest_price": 420,
        "latest_roe": 24.34,
        "latest_gross_margin": 58.29,
        "latest_equity": 16096464,
        "latest_revenue": 1161307,
        "latest_gross_profit": 676914,
        "latest_net_income": 457715,
        "latest_debt_ratio": 17.53,
        "latest_current_ratio": 856.55,
        "latest_account_receivable_turnover_ratio": 0.8,
        "latest_inventory_turnover_ratio": 0.54,
        "latest_reinvestment_rate": 18.63,
        "latest_research_to_sale_ratio": 4.36
    },
    "eps_dividends": {
        "2001": {
            "cash": 0,
            "stock": 0,
            "eps": 0
        },
        "2002": {
            "cash": 0,
            "stock": 0,
            "eps": 0
        },
        "2003": {
            "cash": 1,
            "stock": 0,
            "eps": 0
        },
        "2004": {
            "cash": 2,
            "stock": 0,
            "eps": 10.01
        },
        "2005": {
            "cash": 4,
            "stock": 4,
            "eps": 10.93
        },
        "2006": {
            "cash": 4,
            "stock": 2,
            "eps": 9.18
        },
        "2007": {
            "cash": 4,
            "stock": 1,
            "eps": 8.9
        },
        "2008": {
            "cash": 4,
            "stock": 1,
            "eps": 10.28
        },
        "2009": {
            "cash": 3,
            "stock": 1,
            "eps": 7.78
        },
        "2010": {
            "cash": 5,
            "stock": 1,
            "eps": 7.78
        },
        "2011": {
            "cash": 11,
            "stock": 0,
            "eps": 9.75
        },
        "2012": {
            "cash": 0,
            "stock": 0,
            "eps": 11.45
        },
        "2013": {
            "cash": 6,
            "stock": 0,
            "eps": 14.89
        },
        "2014": {
            "cash": 8,
            "stock": 0,
            "eps": 18.98
        },
        "2015": {
            "cash": 9,
            "stock": 0,
            "eps": 20.18
        },
        "2016": {
            "cash": 10,
            "stock": 0,
            "eps": 16.49
        },
        "2017": {
            "cash": 8,
            "stock": 0,
            "eps": 9.54
        },
        "2018": {
            "cash": 5,
            "stock": 0,
            "eps": 18.64
        },
        "2019": {
            "cash": 10,
            "stock": 0,
            "eps": 16.36
        },
        "2020": {
            "cash": 8,
            "stock": 0,
            "eps": 12.22
        },
        "2021": {
            "cash": 6,
            "stock": 0,
            "eps": 21.74
        },
        "2022": {
            "cash": 11,
            "stock": 0,
            "eps": 42.57
        },
        "2023": {
            "cash": 20,
            "stock": 0,
            "eps": 4.8
        }
    },
    "dividends": {
        "2003-06-29": {
            "cash": 1,
            "stock": 0.18
        },
        "2004-04-30": {
            "cash": 2,
            "stock": 0
        },
        "2005-04-12": {
            "cash": 3.5,
            "stock": 4
        },
        "2006-05-02": {
            "cash": 4,
            "stock": 2
        },
        "2007-05-15": {
            "cash": 3.5,
            "stock": 1
        },
        "2008-03-28": {
            "cash": 4,
            "stock": 0.5
        },
        "2009-05-11": {
            "cash": 3,
            "stock": 1
        },
        "2010-05-10": {
            "cash": 5,
            "stock": 0.5
        },
        "2011-01-01": {
            "cash": 4.5,
            "stock": 0
        },
        "2011-05-05": {
            "cash": 5.5,
            "stock": 0
        },
        "2013-05-03": {
            "cash": 6,
            "stock": 0
        },
        "2014-09-30": {
            "cash": 7.5,
            "stock": 0
        },
        "2015-09-30": {
            "cash": 9,
            "stock": 0
        },
        "2016-09-30": {
            "cash": 10.1,
            "stock": 0
        },
        "2017-09-30": {
            "cash": 8.25,
            "stock": 0
        },
        "2018-10-03": {
            "cash": 5,
            "stock": 0
        },
        "2019-10-01": {
            "cash": 9.5,
            "stock": 0
        },
        "2020-09-30": {
            "cash": 8,
            "stock": 0
        },
        "2021-09-30": {
            "cash": 6.12,
            "stock": 0
        },
        "2022-09-30": {
            "cash": 10.88,
            "stock": 0
        },
        "2023-02-24": {
            "cash": 20,
            "stock": 0
        }
    },
    "prices": {
        "200101": "無",
        "200102": "無",
        "200103": "無",
        "200104": "無",
        "200105": "無",
        "200106": "無",
        "200107": "無",
        "200108": "無",
        "200109": "無",
        "200110": "無",
        "200111": "無",
        "200112": "無",
        "200201": "無",
        "200202": "無",
        "200203": "無",
        "200204": "無",
        "200205": "無",
        "200206": "無",
        "200207": "無",
        "200208": "無",
        "200209": "無",
        "200210": "無",
        "200211": "無",
        "200212": "無",
        "200301": "無",
        "200302": "無",
        "200303": "無",
        "200304": "無",
        "200305": "無",
        "200306": "無",
        "200307": "無",
        "200308": "無",
        "200309": "無",
        "200310": "無",
        "200311": "無",
        "200312": "無",
        "200401": "無",
        "200402": "無",
        "200403": "無",
        "200404": "無",
        "200405": "無",
        "200406": "無",
        "200407": "無",
        "200408": "93.31",
        "200409": "95.20",
        "200410": "91.72",
        "200411": "87.70",
        "200412": "93.21",
        "200501": "95.97",
        "200502": "118.49",
        "200503": "148.11",
        "200504": "116.75",
        "200505": "150.19",
        "200506": "176.39",
        "200507": "244.72",
        "200508": "188.45",
        "200509": "171.55",
        "200510": "162.50",
        "200511": "164.20",
        "200512": "178.25",
        "200601": "193.67",
        "200602": "177.71",
        "200603": "186.37",
        "200604": "189.53",
        "200605": "205.57",
        "200606": "187.36",
        "200607": "184.67",
        "200608": "179.76",
        "200609": "170.36",
        "200610": "178.28",
        "200611": "166.91",
        "200612": "159.10",
        "200701": "176.68",
        "200702": "176.17",
        "200703": "166.41",
        "200704": "156.90",
        "200705": "151.89",
        "200706": "202.58",
        "200707": "236.80",
        "200708": "208.72",
        "200709": "194.72",
        "200710": "181.07",
        "200711": "180.14",
        "200712": "185.64",
        "200801": "160.50",
        "200802": "145.18",
        "200803": "142.48",
        "200804": "168.19",
        "200805": "185.31",
        "200806": "176.38",
        "200807": "165.45",
        "200808": "174.62",
        "200809": "157.50",
        "200810": "109.21",
        "200811": "85.18",
        "200812": "83.41",
        "200901": "86.19",
        "200902": "95.67",
        "200903": "103.09",
        "200904": "114.57",
        "200905": "122.64",
        "200906": "107.89",
        "200907": "140.85",
        "200908": "172.18",
        "200909": "178.14",
        "200910": "168.75",
        "200911": "174.02",
        "200912": "169.26",
        "201001": "178.38",
        "201002": "171.61",
        "201003": "184.04",
        "201004": "190.29",
        "201005": "176.86",
        "201006": "173.31",
        "201007": "166.89",
        "201008": "161.68",
        "201009": "149.02",
        "201010": "145.40",
        "201011": "142.64",
        "201012": "149.76",
        "201101": "152.62",
        "201102": "154.00",
        "201103": "150.74",
        "201104": "150.45",
        "201105": "133.69",
        "201106": "127.17",
        "201107": "128.67",
        "201108": "115.00",
        "201109": "102.24",
        "201110": "112.65",
        "201111": "133.18",
        "201112": "138.41",
        "201201": "144.17",
        "201202": "155.58",
        "201203": "176.48",
        "201204": "166.52",
        "201205": "164.45",
        "201206": "168.62",
        "201207": "175.23",
        "201208": "172.84",
        "201209": "174.52",
        "201210": "167.75",
        "201211": "167.55",
        "201212": "175.79",
        "201301": "188.84",
        "201302": "195.50",
        "201303": "209.86",
        "201304": "242.12",
        "201305": "239.52",
        "201306": "228.16",
        "201307": "247.54",
        "201308": "259.67",
        "201309": "258.45",
        "201310": "263.52",
        "201311": "275.19",
        "201312": "325.18",
        "201401": "328.69",
        "201402": "333.74",
        "201403": "382.29",
        "201404": "405.31",
        "201405": "415.31",
        "201406": "419.38",
        "201407": "419.82",
        "201408": "390.64",
        "201409": "359.69",
        "201410": "375.86",
        "201411": "398.45",
        "201412": "386.77",
        "201501": "433.70",
        "201502": "487.31",
        "201503": "487.52",
        "201504": "472.75",
        "201505": "448.65",
        "201506": "426.81",
        "201507": "375.23",
        "201508": "394.95",
        "201509": "427.32",
        "201510": "427.33",
        "201511": "405.69",
        "201512": "423.83",
        "201601": "413.60",
        "201602": "416.42",
        "201603": "386.07",
        "201604": "373.00",
        "201605": "354.38",
        "201606": "361.19",
        "201607": "383.12",
        "201608": "378.63",
        "201609": "400.24",
        "201610": "389.50",
        "201611": "370.73",
        "201612": "393.48",
        "201701": "413.53",
        "201702": "414.67",
        "201703": "424.46",
        "201704": "435.92",
        "201705": "440.88",
        "201706": "430.87",
        "201707": "423.43",
        "201708": "408.24",
        "201709": "402.36",
        "201710": "407.63",
        "201711": "402.39",
        "201712": "400.31",
        "201801": "393.48",
        "201802": "410.50",
        "201803": "413.15",
        "201804": "417.53",
        "201805": "441.61",
        "201806": "433.00",
        "201807": "427.59",
        "201808": "412.41",
        "201809": "389.34",
        "201810": "358.52",
        "201811": "328.91",
        "201812": "322.43",
        "201901": "341.38",
        "201902": "337.62",
        "201903": "344.02",
        "201904": "330.00",
        "201905": "308.95",
        "201906": "297.55",
        "201907": "315.02",
        "201908": "334.02",
        "201909": "340.61",
        "201910": "362.07",
        "201911": "370.33",
        "201912": "352.39",
        "202001": "352.77",
        "202002": "358.84",
        "202003": "314.93",
        "202004": "299.62",
        "202005": "317.20",
        "202006": "338.78",
        "202007": "342.20",
        "202008": "328.88",
        "202009": "295.41",
        "202010": "287.00",
        "202011": "290.74",
        "202012": "300.43",
        "202101": "297.10",
        "202102": "313.58",
        "202103": "319.95",
        "202104": "346.18",
        "202105": "372.79",
        "202106": "396.17",
        "202107": "378.91",
        "202108": "366.09",
        "202109": "387.48",
        "202110": "389.25",
        "202111": "457.00",
        "202112": "495.32",
        "202201": "471.28",
        "202202": "450.07",
        "202203": "427.63",
        "202204": "419.74",
        "202205": "427.90",
        "202206": "429.19",
        "202207": "414.79",
        "202208": "463.57",
        "202209": "454.40",
        "202210": "433.35",
        "202211": "418.16",
        "202212": "398.59",
        "202301": "394.08",
        "202302": "399.39",
        "202303": "384.87",
        "202304": "406.85",
        "202305": "412.08"
    },
    "quarters": {
        "20011": {
            "year_quarter": 20011,
            "year": 2001,
            "quarter": 1,
            "eps": null,
            "eps_growth_year": null,
            "eps_4q": null,
            "eps_4q_growth_year": null,
            "roe": null,
            "roe_4q": 0,
            "gross_profit": null,
            "gross_margin": null,
            "gross_margin_4q_avg": 0,
            "net_income": null,
            "revenue": null,
            "common_shares": null,
            "book_valuer_per_share": null,
            "book_valuer_per_share_4q_avg": 0,
            "equity": null,
            "current_ratio": null,
            "debt_ratio": null,
            "inventory_turnover_ratio": null,
            "account_receivable_turnover_ratio": null,
            "reinvestment_rate": null,
            "research_to_sale_ratio": null,
            "price_fair": 0,
            "eps_avg_yearly": 0,
            "eps_latest_yearly": 0,
            "eps_growth_yearly": 0
        },
        "20012": {
            "year_quarter": 20012,
            "year": 2001,
            "quarter": 2,
            "eps": null,
            "eps_growth_year": null,
            "eps_4q": null,
            "eps_4q_growth_year": null,
            "roe": null,
            "roe_4q": 0,
            "gross_profit": null,
            "gross_margin": null,
            "gross_margin_4q_avg": 0,
            "net_income": null,
            "revenue": null,
            "common_shares": null,
            "book_valuer_per_share": null,
            "book_valuer_per_share_4q_avg": 0,
            "equity": null,
            "current_ratio": null,
            "debt_ratio": null,
            "inventory_turnover_ratio": null,
            "account_receivable_turnover_ratio": null,
            "reinvestment_rate": null,
            "research_to_sale_ratio": null,
            "price_fair": 0,
            "eps_avg_yearly": 0,
            "eps_latest_yearly": 0,
            "eps_growth_yearly": 0
        },
        "20013": {
            "year_quarter": 20013,
            "year": 2001,
            "quarter": 3,
            "eps": null,
            "eps_growth_year": null,
            "eps_4q": null,
            "eps_4q_growth_year": null,
            "roe": null,
            "roe_4q": 0,
            "gross_profit": null,
            "gross_margin": null,
            "gross_margin_4q_avg": 0,
            "net_income": null,
            "revenue": null,
            "common_shares": null,
            "book_valuer_per_share": null,
            "book_valuer_per_share_4q_avg": 0,
            "equity": null,
            "current_ratio": null,
            "debt_ratio": null,
            "inventory_turnover_ratio": null,
            "account_receivable_turnover_ratio": null,
            "reinvestment_rate": null,
            "research_to_sale_ratio": null,
            "price_fair": 0,
            "eps_avg_yearly": 0,
            "eps_latest_yearly": 0,
            "eps_growth_yearly": 0
        },
        "20014": {
            "year_quarter": 20014,
            "year": 2001,
            "quarter": 4,
            "eps": null,
            "eps_growth_year": null,
            "eps_4q": null,
            "eps_4q_growth_year": null,
            "roe": null,
            "roe_4q": 0,
            "gross_profit": null,
            "gross_margin": null,
            "gross_margin_4q_avg": 0,
            "net_income": null,
            "revenue": null,
            "common_shares": 380000,
            "book_valuer_per_share": 11.76,
            "book_valuer_per_share_4q_avg": 2.94,
            "equity": 446739,
            "current_ratio": 189.56,
            "debt_ratio": 42.49,
            "inventory_turnover_ratio": null,
            "account_receivable_turnover_ratio": null,
            "reinvestment_rate": null,
            "research_to_sale_ratio": null,
            "price_fair": 0,
            "eps_avg_yearly": 0,
            "eps_latest_yearly": 0,
            "eps_growth_yearly": 0
        },
        "20021": {
            "year_quarter": 20021,
            "year": 2002,
            "quarter": 1,
            "eps": null,
            "eps_growth_year": null,
            "eps_4q": null,
            "eps_4q_growth_year": null,
            "roe": null,
            "roe_4q": 0,
            "gross_profit": null,
            "gross_margin": null,
            "gross_margin_4q_avg": 0,
            "net_income": null,
            "revenue": null,
            "common_shares": null,
            "book_valuer_per_share": null,
            "book_valuer_per_share_4q_avg": 2.94,
            "equity": null,
            "current_ratio": null,
            "debt_ratio": null,
            "inventory_turnover_ratio": null,
            "account_receivable_turnover_ratio": null,
            "reinvestment_rate": null,
            "research_to_sale_ratio": null,
            "price_fair": 0,
            "eps_avg_yearly": 0,
            "eps_latest_yearly": 0,
            "eps_growth_yearly": 0
        },
        "20022": {
            "year_quarter": 20022,
            "year": 2002,
            "quarter": 2,
            "eps": null,
            "eps_growth_year": null,
            "eps_4q": null,
            "eps_4q_growth_year": null,
            "roe": null,
            "roe_4q": 0,
            "gross_profit": null,
            "gross_margin": null,
            "gross_margin_4q_avg": 0,
            "net_income": null,
            "revenue": null,
            "common_shares": null,
            "book_valuer_per_share": null,
            "book_valuer_per_share_4q_avg": 2.94,
            "equity": null,
            "current_ratio": null,
            "debt_ratio": null,
            "inventory_turnover_ratio": null,
            "account_receivable_turnover_ratio": null,
            "reinvestment_rate": null,
            "research_to_sale_ratio": null,
            "price_fair": 0,
            "eps_avg_yearly": 0,
            "eps_latest_yearly": 0,
            "eps_growth_yearly": 0
        },
        "20023": {
            "year_quarter": 20023,
            "year": 2002,
            "quarter": 3,
            "eps": null,
            "eps_growth_year": null,
            "eps_4q": null,
            "eps_4q_growth_year": null,
            "roe": null,
            "roe_4q": 0,
            "gross_profit": null,
            "gross_margin": null,
            "gross_margin_4q_avg": 0,
            "net_income": null,
            "revenue": null,
            "common_shares": null,
            "book_valuer_per_share": null,
            "book_valuer_per_share_4q_avg": 2.94,
            "equity": null,
            "current_ratio": null,
            "debt_ratio": null,
            "inventory_turnover_ratio": null,
            "account_receivable_turnover_ratio": null,
            "reinvestment_rate": null,
            "research_to_sale_ratio": null,
            "price_fair": 0,
            "eps_avg_yearly": 0,
            "eps_latest_yearly": 0,
            "eps_growth_yearly": 0
        },
        "20024": {
            "year_quarter": 20024,
            "year": 2002,
            "quarter": 4,
            "eps": null,
            "eps_growth_year": null,
            "eps_4q": null,
            "eps_4q_growth_year": null,
            "roe": null,
            "roe_4q": 0,
            "gross_profit": null,
            "gross_margin": null,
            "gross_margin_4q_avg": 0,
            "net_income": null,
            "revenue": null,
            "common_shares": 380000,
            "book_valuer_per_share": 13.89,
            "book_valuer_per_share_4q_avg": 3.47,
            "equity": 527647,
            "current_ratio": 256.65,
            "debt_ratio": 39.54,
            "inventory_turnover_ratio": null,
            "account_receivable_turnover_ratio": null,
            "reinvestment_rate": null,
            "research_to_sale_ratio": null,
            "price_fair": 0,
            "eps_avg_yearly": 0,
            "eps_latest_yearly": 0,
            "eps_growth_yearly": 0
        },
        "20031": {
            "year_quarter": 20031,
            "year": 2003,
            "quarter": 1,
            "eps": null,
            "eps_growth_year": null,
            "eps_4q": null,
            "eps_4q_growth_year": null,
            "roe": null,
            "roe_4q": 0,
            "gross_profit": null,
            "gross_margin": null,
            "gross_margin_4q_avg": 0,
            "net_income": null,
            "revenue": null,
            "common_shares": null,
            "book_valuer_per_share": null,
            "book_valuer_per_share_4q_avg": 3.47,
            "equity": null,
            "current_ratio": null,
            "debt_ratio": null,
            "inventory_turnover_ratio": null,
            "account_receivable_turnover_ratio": null,
            "reinvestment_rate": null,
            "research_to_sale_ratio": null,
            "price_fair": 0,
            "eps_avg_yearly": 0,
            "eps_latest_yearly": 0,
            "eps_growth_yearly": 0
        },
        "20032": {
            "year_quarter": 20032,
            "year": 2003,
            "quarter": 2,
            "eps": null,
            "eps_growth_year": null,
            "eps_4q": null,
            "eps_4q_growth_year": null,
            "roe": null,
            "roe_4q": 0,
            "gross_profit": null,
            "gross_margin": null,
            "gross_margin_4q_avg": 0,
            "net_income": null,
            "revenue": null,
            "common_shares": null,
            "book_valuer_per_share": null,
            "book_valuer_per_share_4q_avg": 3.47,
            "equity": null,
            "current_ratio": null,
            "debt_ratio": null,
            "inventory_turnover_ratio": null,
            "account_receivable_turnover_ratio": null,
            "reinvestment_rate": null,
            "research_to_sale_ratio": null,
            "price_fair": 0,
            "eps_avg_yearly": 0,
            "eps_latest_yearly": 0,
            "eps_growth_yearly": 0
        },
        "20033": {
            "year_quarter": 20033,
            "year": 2003,
            "quarter": 3,
            "eps": null,
            "eps_growth_year": null,
            "eps_4q": null,
            "eps_4q_growth_year": null,
            "roe": null,
            "roe_4q": 0,
            "gross_profit": null,
            "gross_margin": null,
            "gross_margin_4q_avg": 0,
            "net_income": null,
            "revenue": null,
            "common_shares": null,
            "book_valuer_per_share": null,
            "book_valuer_per_share_4q_avg": 3.47,
            "equity": null,
            "current_ratio": null,
            "debt_ratio": null,
            "inventory_turnover_ratio": null,
            "account_receivable_turnover_ratio": null,
            "reinvestment_rate": null,
            "research_to_sale_ratio": null,
            "price_fair": 0,
            "eps_avg_yearly": 0,
            "eps_latest_yearly": 0,
            "eps_growth_yearly": 0
        },
        "20034": {
            "year_quarter": 20034,
            "year": 2003,
            "quarter": 4,
            "eps": null,
            "eps_growth_year": null,
            "eps_4q": null,
            "eps_4q_growth_year": null,
            "roe": null,
            "roe_4q": 0,
            "gross_profit": null,
            "gross_margin": null,
            "gross_margin_4q_avg": 0,
            "net_income": null,
            "revenue": null,
            "common_shares": 387600,
            "book_valuer_per_share": 18.01,
            "book_valuer_per_share_4q_avg": 4.5,
            "equity": 698146,
            "current_ratio": 203.46,
            "debt_ratio": 39.99,
            "inventory_turnover_ratio": null,
            "account_receivable_turnover_ratio": null,
            "reinvestment_rate": null,
            "research_to_sale_ratio": null,
            "price_fair": 0,
            "eps_avg_yearly": 0,
            "eps_latest_yearly": 0,
            "eps_growth_yearly": 0
        },
        "20041": {
            "year_quarter": 20041,
            "year": 2004,
            "quarter": 1,
            "eps": 1.91,
            "eps_growth_year": null,
            "eps_4q": null,
            "eps_4q_growth_year": null,
            "roe": 10.05,
            "roe_4q": 10.05,
            "gross_profit": 129614,
            "gross_margin": 45.57,
            "gross_margin_4q_avg": 11.39,
            "net_income": 73886,
            "revenue": 284407,
            "common_shares": 387600,
            "book_valuer_per_share": 19.92,
            "book_valuer_per_share_4q_avg": 9.48,
            "equity": 772032,
            "current_ratio": 279.77,
            "debt_ratio": 32.49,
            "inventory_turnover_ratio": 1.44,
            "account_receivable_turnover_ratio": null,
            "reinvestment_rate": null,
            "research_to_sale_ratio": null,
            "price_fair": 0,
            "eps_avg_yearly": 0,
            "eps_latest_yearly": 0,
            "eps_growth_yearly": 0
        },
        "20042": {
            "year_quarter": 20042,
            "year": 2004,
            "quarter": 2,
            "eps": 2.16,
            "eps_growth_year": null,
            "eps_4q": null,
            "eps_4q_growth_year": null,
            "roe": 10.82,
            "roe_4q": 20.87,
            "gross_profit": 152444,
            "gross_margin": 46.61,
            "gross_margin_4q_avg": 23.05,
            "net_income": 83601,
            "revenue": 327078,
            "common_shares": 387600,
            "book_valuer_per_share": 19.95,
            "book_valuer_per_share_4q_avg": 14.47,
            "equity": 773113,
            "current_ratio": 222.62,
            "debt_ratio": 36.95,
            "inventory_turnover_ratio": 1.57,
            "account_receivable_turnover_ratio": null,
            "reinvestment_rate": null,
            "research_to_sale_ratio": null,
            "price_fair": 302.4,
            "eps_avg_yearly": 8.64,
            "eps_latest_yearly": 8.64,
            "eps_growth_yearly": 52.36
        },
        "20043": {
            "year_quarter": 20043,
            "year": 2004,
            "quarter": 3,
            "eps": 2.62,
            "eps_growth_year": null,
            "eps_4q": null,
            "eps_4q_growth_year": null,
            "roe": 12.34,
            "roe_4q": 33.21,
            "gross_profit": 164685,
            "gross_margin": 50.41,
            "gross_margin_4q_avg": 35.65,
            "net_income": 101685,
            "revenue": 326703,
            "common_shares": 387600,
            "book_valuer_per_share": 22.57,
            "book_valuer_per_share_4q_avg": 20.11,
            "equity": 874798,
            "current_ratio": 248.86,
            "debt_ratio": 34.58,
            "inventory_turnover_ratio": 1.29,
            "account_receivable_turnover_ratio": null,
            "reinvestment_rate": null,
            "research_to_sale_ratio": null,
            "price_fair": 334.6,
            "eps_avg_yearly": 9.56,
            "eps_latest_yearly": 10.48,
            "eps_growth_yearly": 68.77
        },
        "20044": {
            "year_quarter": 20044,
            "year": 2004,
            "quarter": 4,
            "eps": 3.32,
            "eps_growth_year": null,
            "eps_4q": 10,
            "eps_4q_growth_year": null,
            "roe": 13.72,
            "roe_4q": 46.93000000000001,
            "gross_profit": 207775,
            "gross_margin": 49.63,
            "gross_margin_4q_avg": 48.06,
            "net_income": 128815,
            "revenue": 418651,
            "common_shares": 387600,
            "book_valuer_per_share": 25.89,
            "book_valuer_per_share_4q_avg": 22.08,
            "equity": 1003613,
            "current_ratio": 296.19,
            "debt_ratio": 29.28,
            "inventory_turnover_ratio": 1.61,
            "account_receivable_turnover_ratio": null,
            "reinvestment_rate": null,
            "research_to_sale_ratio": null,
            "price_fair": 378,
            "eps_avg_yearly": 10.8,
            "eps_latest_yearly": 13.28,
            "eps_growth_yearly": 81.47
        },
        "20051": {
            "year_quarter": 20051,
            "year": 2005,
            "quarter": 1,
            "eps": 3.13,
            "eps_growth_year": 63.87,
            "eps_4q": 11.24,
            "eps_4q_growth_year": null,
            "roe": 11.2,
            "roe_4q": 48.080000000000005,
            "gross_profit": 195058,
            "gross_margin": 47.26,
            "gross_margin_4q_avg": 48.48,
            "net_income": 121277,
            "revenue": 412731,
            "common_shares": 387600,
            "book_valuer_per_share": 29.99,
            "book_valuer_per_share_4q_avg": 24.6,
            "equity": 1162244,
            "current_ratio": 359.69,
            "debt_ratio": 23.25,
            "inventory_turnover_ratio": 1.48,
            "account_receivable_turnover_ratio": null,
            "reinvestment_rate": null,
            "research_to_sale_ratio": null,
            "price_fair": 393.05,
            "eps_avg_yearly": 11.23,
            "eps_latest_yearly": 12.52,
            "eps_growth_yearly": 55.38
        },
        "20052": {
            "year_quarter": 20052,
            "year": 2005,
            "quarter": 2,
            "eps": 2.27,
            "eps_growth_year": 5.09,
            "eps_4q": 11.33,
            "eps_4q_growth_year": null,
            "roe": 7.85,
            "roe_4q": 45.11,
            "gross_profit": 144861,
            "gross_margin": 45.45,
            "gross_margin_4q_avg": 48.19,
            "net_income": 88161,
            "revenue": 318716,
            "common_shares": 387600,
            "book_valuer_per_share": 27.98,
            "book_valuer_per_share_4q_avg": 26.61,
            "equity": 1084580,
            "current_ratio": 277.3,
            "debt_ratio": 29.47,
            "inventory_turnover_ratio": 0.99,
            "account_receivable_turnover_ratio": null,
            "reinvestment_rate": null,
            "research_to_sale_ratio": null,
            "price_fair": 349.09,
            "eps_avg_yearly": 10.8,
            "eps_latest_yearly": 9.08,
            "eps_growth_yearly": 22.32
        },
        "20053": {
            "year_quarter": 20053,
            "year": 2005,
            "quarter": 3,
            "eps": 2.56,
            "eps_growth_year": -2.29,
            "eps_4q": 8.65,
            "eps_4q_growth_year": null,
            "roe": 12.3,
            "roe_4q": 45.07,
            "gross_profit": 200709,
            "gross_margin": 53.05,
            "gross_margin_4q_avg": 48.85,
            "net_income": 142138,
            "revenue": 378365,
            "common_shares": 554280,
            "book_valuer_per_share": 22.13,
            "book_valuer_per_share_4q_avg": 26.5,
            "equity": 1226718,
            "current_ratio": 432.23,
            "debt_ratio": 20.47,
            "inventory_turnover_ratio": 0.91,
            "account_receivable_turnover_ratio": null,
            "reinvestment_rate": null,
            "research_to_sale_ratio": null,
            "price_fair": 374.73,
            "eps_avg_yearly": 10.71,
            "eps_latest_yearly": 10.24,
            "eps_growth_yearly": 27.12
        },
        "20054": {
            "year_quarter": 20054,
            "year": 2005,
            "quarter": 4,
            "eps": 2.97,
            "eps_growth_year": -10.54,
            "eps_4q": 9.32,
            "eps_4q_growth_year": -6.84,
            "roe": 12.57,
            "roe_4q": 43.92,
            "gross_profit": 247897,
            "gross_margin": 50.67,
            "gross_margin_4q_avg": 49.11,
            "net_income": 164550,
            "revenue": 489211,
            "common_shares": 554280,
            "book_valuer_per_share": 25.1,
            "book_valuer_per_share_4q_avg": 26.3,
            "equity": 1391268,
            "current_ratio": 410.15,
            "debt_ratio": 20.06,
            "inventory_turnover_ratio": 1.26,
            "account_receivable_turnover_ratio": null,
            "reinvestment_rate": null,
            "research_to_sale_ratio": null,
            "price_fair": 380.6,
            "eps_avg_yearly": 10.87,
            "eps_latest_yearly": 11.88,
            "eps_growth_yearly": 32.4
        },
        "20061": {
            "year_quarter": 20061,
            "year": 2006,
            "quarter": 1,
            "eps": 2.28,
            "eps_growth_year": -27.16,
            "eps_4q": 9.4,
            "eps_4q_growth_year": -16.35,
            "roe": 8.69,
            "roe_4q": 41.410000000000004,
            "gross_profit": 193836,
            "gross_margin": 50.58,
            "gross_margin_4q_avg": 49.94,
            "net_income": 126458,
            "revenue": 383247,
            "common_shares": 554280,
            "book_valuer_per_share": 27.38,
            "book_valuer_per_share_4q_avg": 25.65,
            "equity": 1517726,
            "current_ratio": 428.64,
            "debt_ratio": 19.29,
            "inventory_turnover_ratio": 1.09,
            "account_receivable_turnover_ratio": null,
            "reinvestment_rate": null,
            "research_to_sale_ratio": null,
            "price_fair": 284.82,
            "eps_avg_yearly": 10.66,
            "eps_latest_yearly": 9.12,
            "eps_growth_yearly": 16.73
        },
        "20062": {
            "year_quarter": 20062,
            "year": 2006,
            "quarter": 2,
            "eps": 2.39,
            "eps_growth_year": 5.29,
            "eps_4q": 10.19,
            "eps_4q_growth_year": -10.03,
            "roe": 9.08,
            "roe_4q": 42.64,
            "gross_profit": 216855,
            "gross_margin": 50.89,
            "gross_margin_4q_avg": 51.3,
            "net_income": 132697,
            "revenue": 426126,
            "common_shares": 554280,
            "book_valuer_per_share": 25.34,
            "book_valuer_per_share_4q_avg": 24.99,
            "equity": 1404648,
            "current_ratio": 272.49,
            "debt_ratio": 29.07,
            "inventory_turnover_ratio": 1.28,
            "account_receivable_turnover_ratio": null,
            "reinvestment_rate": null,
            "research_to_sale_ratio": null,
            "price_fair": 284.57,
            "eps_avg_yearly": 10.53,
            "eps_latest_yearly": 9.56,
            "eps_growth_yearly": 17.02
        },
        "20063": {
            "year_quarter": 20063,
            "year": 2006,
            "quarter": 3,
            "eps": 2.52,
            "eps_growth_year": -1.56,
            "eps_4q": 8.84,
            "eps_4q_growth_year": 2.18,
            "roe": 11.34,
            "roe_4q": 41.68,
            "gross_profit": 242146,
            "gross_margin": 53.29,
            "gross_margin_4q_avg": 51.36,
            "net_income": 168928,
            "revenue": 454409,
            "common_shares": 671200,
            "book_valuer_per_share": 23.44,
            "book_valuer_per_share_4q_avg": 25.32,
            "equity": 1573576,
            "current_ratio": 452.88,
            "debt_ratio": 18.04,
            "inventory_turnover_ratio": 1.25,
            "account_receivable_turnover_ratio": null,
            "reinvestment_rate": null,
            "research_to_sale_ratio": null,
            "price_fair": 288.32,
            "eps_avg_yearly": 10.49,
            "eps_latest_yearly": 10.08,
            "eps_growth_yearly": 17.49
        },
        "20064": {
            "year_quarter": 20064,
            "year": 2006,
            "quarter": 4,
            "eps": 1.99,
            "eps_growth_year": -33,
            "eps_4q": 8.37,
            "eps_4q_growth_year": -10.15,
            "roe": 8.14,
            "roe_4q": 37.25,
            "gross_profit": 193268,
            "gross_margin": 46.02,
            "gross_margin_4q_avg": 50.2,
            "net_income": 133517,
            "revenue": 419967,
            "common_shares": 671200,
            "book_valuer_per_share": 25.43,
            "book_valuer_per_share_4q_avg": 25.4,
            "equity": 1706937,
            "current_ratio": 417.34,
            "debt_ratio": 19.06,
            "inventory_turnover_ratio": 1.16,
            "account_receivable_turnover_ratio": null,
            "reinvestment_rate": null,
            "research_to_sale_ratio": null,
            "price_fair": 187.24,
            "eps_avg_yearly": 10.26,
            "eps_latest_yearly": 7.96,
            "eps_growth_yearly": 8.25
        },
        "20071": {
            "year_quarter": 20071,
            "year": 2007,
            "quarter": 1,
            "eps": 1.62,
            "eps_growth_year": -28.95,
            "eps_4q": 8.11,
            "eps_4q_growth_year": -13.73,
            "roe": 6.01,
            "roe_4q": 34.57,
            "gross_profit": 161269,
            "gross_margin": 44.93,
            "gross_margin_4q_avg": 48.78,
            "net_income": 108638,
            "revenue": 358925,
            "common_shares": 671200,
            "book_valuer_per_share": 28.45,
            "book_valuer_per_share_4q_avg": 25.67,
            "equity": 1909821,
            "current_ratio": 452.78,
            "debt_ratio": 39.28,
            "inventory_turnover_ratio": 0.87,
            "account_receivable_turnover_ratio": null,
            "reinvestment_rate": null,
            "research_to_sale_ratio": null,
            "price_fair": 113.03,
            "eps_avg_yearly": 9.94,
            "eps_latest_yearly": 6.48,
            "eps_growth_yearly": 1.37
        },
        "20072": {
            "year_quarter": 20072,
            "year": 2007,
            "quarter": 2,
            "eps": 2.42,
            "eps_growth_year": 1.26,
            "eps_4q": 8.54,
            "eps_4q_growth_year": -16.19,
            "roe": 8.72,
            "roe_4q": 34.21,
            "gross_profit": 213262,
            "gross_margin": 47.39,
            "gross_margin_4q_avg": 47.91,
            "net_income": 162515,
            "revenue": 449983,
            "common_shares": 671200,
            "book_valuer_per_share": 27.05,
            "book_valuer_per_share_4q_avg": 26.09,
            "equity": 1815522,
            "current_ratio": 313.88,
            "debt_ratio": 43.82,
            "inventory_turnover_ratio": 0.94,
            "account_receivable_turnover_ratio": null,
            "reinvestment_rate": null,
            "research_to_sale_ratio": null,
            "price_fair": 262.53,
            "eps_avg_yearly": 9.92,
            "eps_latest_yearly": 9.68,
            "eps_growth_yearly": 16.46
        },
        "20073": {
            "year_quarter": 20073,
            "year": 2007,
            "quarter": 3,
            "eps": 2.11,
            "eps_growth_year": -16.27,
            "eps_4q": 7.55,
            "eps_4q_growth_year": -14.64,
            "roe": 8.27,
            "roe_4q": 31.14,
            "gross_profit": 259588,
            "gross_margin": 49.04,
            "gross_margin_4q_avg": 46.85,
            "net_income": 157066,
            "revenue": 529370,
            "common_shares": 743320,
            "book_valuer_per_share": 26.66,
            "book_valuer_per_share_4q_avg": 26.9,
            "equity": 1981415,
            "current_ratio": 329.74,
            "debt_ratio": 42.28,
            "inventory_turnover_ratio": 0.95,
            "account_receivable_turnover_ratio": null,
            "reinvestment_rate": null,
            "research_to_sale_ratio": null,
            "price_fair": 212.26,
            "eps_avg_yearly": 9.82,
            "eps_latest_yearly": 8.44,
            "eps_growth_yearly": 11.62
        },
        "20074": {
            "year_quarter": 20074,
            "year": 2007,
            "quarter": 4,
            "eps": 2.75,
            "eps_growth_year": 38.19,
            "eps_4q": 8.51,
            "eps_4q_growth_year": 1.64,
            "roe": 9.82,
            "roe_4q": 32.82,
            "gross_profit": 360535,
            "gross_margin": 54.43,
            "gross_margin_4q_avg": 48.95,
            "net_income": 204538,
            "revenue": 662328,
            "common_shares": 743763,
            "book_valuer_per_share": 29.39,
            "book_valuer_per_share_4q_avg": 27.89,
            "equity": 2185945,
            "current_ratio": 497.78,
            "debt_ratio": 39.54,
            "inventory_turnover_ratio": 1.03,
            "account_receivable_turnover_ratio": null,
            "reinvestment_rate": 25.68,
            "research_to_sale_ratio": null,
            "price_fair": 286.34,
            "eps_avg_yearly": 9.9,
            "eps_latest_yearly": 11,
            "eps_growth_yearly": 18.94
        },
        "20081": {
            "year_quarter": 20081,
            "year": 2008,
            "quarter": 1,
            "eps": 2.27,
            "eps_growth_year": 40.12,
            "eps_4q": 9.32,
            "eps_4q_growth_year": 14.93,
            "roe": 7.44,
            "roe_4q": 34.25,
            "gross_profit": 313526,
            "gross_margin": 50.41,
            "gross_margin_4q_avg": 50.32,
            "net_income": 168767,
            "revenue": 621958,
            "common_shares": 743763,
            "book_valuer_per_share": 31.63,
            "book_valuer_per_share_4q_avg": 28.68,
            "equity": 2352768,
            "current_ratio": 490.46,
            "debt_ratio": 38.13,
            "inventory_turnover_ratio": 1.07,
            "account_receivable_turnover_ratio": null,
            "reinvestment_rate": 31.99,
            "research_to_sale_ratio": null,
            "price_fair": 230.25,
            "eps_avg_yearly": 9.85,
            "eps_latest_yearly": 9.08,
            "eps_growth_yearly": 13.39
        },
        "20082": {
            "year_quarter": 20082,
            "year": 2008,
            "quarter": 2,
            "eps": 2.79,
            "eps_growth_year": 15.29,
            "eps_4q": 9.92,
            "eps_4q_growth_year": 16.08,
            "roe": 9.05,
            "roe_4q": 34.58,
            "gross_profit": 325350,
            "gross_margin": 47.78,
            "gross_margin_4q_avg": 50.42,
            "net_income": 207675,
            "revenue": 681000,
            "common_shares": 743763,
            "book_valuer_per_share": 30.1,
            "book_valuer_per_share_4q_avg": 29.45,
            "equity": 2238927,
            "current_ratio": 309.53,
            "debt_ratio": 44.62,
            "inventory_turnover_ratio": 1.22,
            "account_receivable_turnover_ratio": null,
            "reinvestment_rate": 35.05,
            "research_to_sale_ratio": null,
            "price_fair": 258.49,
            "eps_avg_yearly": 10,
            "eps_latest_yearly": 11.16,
            "eps_growth_yearly": 15.84
        },
        "20083": {
            "year_quarter": 20083,
            "year": 2008,
            "quarter": 3,
            "eps": 3.02,
            "eps_growth_year": 43.13,
            "eps_4q": 10.41,
            "eps_4q_growth_year": 37.98,
            "roe": 10.05,
            "roe_4q": 36.36,
            "gross_profit": 325380,
            "gross_margin": 45.29,
            "gross_margin_4q_avg": 49.48,
            "net_income": 237343,
            "revenue": 718446,
            "common_shares": 785041,
            "book_valuer_per_share": 31.62,
            "book_valuer_per_share_4q_avg": 30.69,
            "equity": 2482682,
            "current_ratio": 468.62,
            "debt_ratio": 37.57,
            "inventory_turnover_ratio": 1.25,
            "account_receivable_turnover_ratio": null,
            "reinvestment_rate": 34.05,
            "research_to_sale_ratio": null,
            "price_fair": 228.11,
            "eps_avg_yearly": 10.1,
            "eps_latest_yearly": 12.08,
            "eps_growth_yearly": 12.58
        },
        "20084": {
            "year_quarter": 20084,
            "year": 2008,
            "quarter": 4,
            "eps": 2.2,
            "eps_growth_year": -20,
            "eps_4q": 10.03,
            "eps_4q_growth_year": 17.95,
            "roe": 6.71,
            "roe_4q": 33.25,
            "gross_profit": 274047,
            "gross_margin": 50.74,
            "gross_margin_4q_avg": 48.56,
            "net_income": 172350,
            "revenue": 540063,
            "common_shares": 785041,
            "book_valuer_per_share": 33.84,
            "book_valuer_per_share_4q_avg": 31.8,
            "equity": 2656904,
            "current_ratio": 492.64,
            "debt_ratio": 35.61,
            "inventory_turnover_ratio": 0.78,
            "account_receivable_turnover_ratio": 2.23,
            "reinvestment_rate": 35.73,
            "research_to_sale_ratio": null,
            "price_fair": 29.47,
            "eps_avg_yearly": 9.82,
            "eps_latest_yearly": 8.8,
            "eps_growth_yearly": -0.89
        },
        "20091": {
            "year_quarter": 20091,
            "year": 2009,
            "quarter": 1,
            "eps": 1.69,
            "eps_growth_year": -25.55,
            "eps_4q": 9.58,
            "eps_4q_growth_year": 2.74,
            "roe": 4.86,
            "roe_4q": 30.67,
            "gross_profit": 193840,
            "gross_margin": 47.02,
            "gross_margin_4q_avg": 47.71,
            "net_income": 132315,
            "revenue": 412244,
            "common_shares": 785041,
            "book_valuer_per_share": 35.58,
            "book_valuer_per_share_4q_avg": 32.79,
            "equity": 2793060,
            "current_ratio": 198.56,
            "debt_ratio": 34.73,
            "inventory_turnover_ratio": 0.62,
            "account_receivable_turnover_ratio": 0.95,
            "reinvestment_rate": 37.17,
            "research_to_sale_ratio": null,
            "price_fair": 28.39,
            "eps_avg_yearly": 9.46,
            "eps_latest_yearly": 6.76,
            "eps_growth_yearly": -5.25
        },
        "20092": {
            "year_quarter": 20092,
            "year": 2009,
            "quarter": 2,
            "eps": 1.44,
            "eps_growth_year": -48.39,
            "eps_4q": 8.33,
            "eps_4q_growth_year": -15.96,
            "roe": 4.1,
            "roe_4q": 25.720000000000002,
            "gross_profit": 244478,
            "gross_margin": 46.62,
            "gross_margin_4q_avg": 47.42,
            "net_income": 113232,
            "revenue": 524405,
            "common_shares": 785041,
            "book_valuer_per_share": 34.74,
            "book_valuer_per_share_4q_avg": 33.95,
            "equity": 2726990,
            "current_ratio": 183.83,
            "debt_ratio": 37.36,
            "inventory_turnover_ratio": 0.89,
            "account_receivable_turnover_ratio": 1.26,
            "reinvestment_rate": 37.81,
            "research_to_sale_ratio": null,
            "price_fair": 27.77,
            "eps_avg_yearly": 9.26,
            "eps_latest_yearly": 5.76,
            "eps_growth_yearly": -2.08
        },
        "20093": {
            "year_quarter": 20093,
            "year": 2009,
            "quarter": 3,
            "eps": 2.65,
            "eps_growth_year": -12.25,
            "eps_4q": 7.48,
            "eps_4q_growth_year": -28.17,
            "roe": 8.05,
            "roe_4q": 23.720000000000002,
            "gross_profit": 306019,
            "gross_margin": 52.81,
            "gross_margin_4q_avg": 49.3,
            "net_income": 229295,
            "revenue": 579486,
            "common_shares": 870223,
            "book_valuer_per_share": 34.09,
            "book_valuer_per_share_4q_avg": 34.56,
            "equity": 2966718,
            "current_ratio": 231.5,
            "debt_ratio": 31.42,
            "inventory_turnover_ratio": 1.03,
            "account_receivable_turnover_ratio": 1.27,
            "reinvestment_rate": 36.44,
            "research_to_sale_ratio": null,
            "price_fair": 238.72,
            "eps_avg_yearly": 9.28,
            "eps_latest_yearly": 10.6,
            "eps_growth_yearly": 15.73
        },
        "20094": {
            "year_quarter": 20094,
            "year": 2009,
            "quarter": 4,
            "eps": 2,
            "eps_growth_year": -9.09,
            "eps_4q": 7.44,
            "eps_4q_growth_year": -25.84,
            "roe": 5.6,
            "roe_4q": 22.61,
            "gross_profit": 378818,
            "gross_margin": 57.53,
            "gross_margin_4q_avg": 51,
            "net_income": 173600,
            "revenue": 658438,
            "common_shares": 871386,
            "book_valuer_per_share": 37.08,
            "book_valuer_per_share_4q_avg": 35.37,
            "equity": 3230874,
            "current_ratio": 241.32,
            "debt_ratio": 37.85,
            "inventory_turnover_ratio": 1.04,
            "account_receivable_turnover_ratio": 2.11,
            "reinvestment_rate": 110.96,
            "research_to_sale_ratio": null,
            "price_fair": 140.9,
            "eps_avg_yearly": 9.04,
            "eps_latest_yearly": 8,
            "eps_growth_yearly": 5.6
        },
        "20101": {
            "year_quarter": 20101,
            "year": 2010,
            "quarter": 1,
            "eps": 2.5,
            "eps_growth_year": 47.93,
            "eps_4q": 8.4,
            "eps_4q_growth_year": -12.26,
            "roe": 6.49,
            "roe_4q": 24.240000000000002,
            "gross_profit": 322605,
            "gross_margin": 52.48,
            "gross_margin_4q_avg": 52.36,
            "net_income": 218025,
            "revenue": 614689,
            "common_shares": 871386,
            "book_valuer_per_share": 40,
            "book_valuer_per_share_4q_avg": 36.48,
            "equity": 3485610,
            "current_ratio": 672.08,
            "debt_ratio": 35.12,
            "inventory_turnover_ratio": 1.02,
            "account_receivable_turnover_ratio": 0.92,
            "reinvestment_rate": 108.25,
            "research_to_sale_ratio": 3.57,
            "price_fair": 251.37,
            "eps_avg_yearly": 9.09,
            "eps_latest_yearly": 10,
            "eps_growth_yearly": 17.65
        },
        "20102": {
            "year_quarter": 20102,
            "year": 2010,
            "quarter": 2,
            "eps": 2.16,
            "eps_growth_year": 49.9,
            "eps_4q": 8.9,
            "eps_4q_growth_year": 6.79,
            "roe": 5.86,
            "roe_4q": 26.000000000000004,
            "gross_profit": 327110,
            "gross_margin": 49.06,
            "gross_margin_4q_avg": 52.97,
            "net_income": 198845,
            "revenue": 666741,
            "common_shares": 873870,
            "book_valuer_per_share": 37.78,
            "book_valuer_per_share_4q_avg": 37.24,
            "equity": 3301794,
            "current_ratio": 410.44,
            "debt_ratio": 40.34,
            "inventory_turnover_ratio": 1.15,
            "account_receivable_turnover_ratio": 0.96,
            "reinvestment_rate": 107.63,
            "research_to_sale_ratio": 4.13,
            "price_fair": 208.17,
            "eps_avg_yearly": 9.03,
            "eps_latest_yearly": 8.64,
            "eps_growth_yearly": 13.05
        },
        "20103": {
            "year_quarter": 20103,
            "year": 2010,
            "quarter": 3,
            "eps": 1.72,
            "eps_growth_year": -35.15,
            "eps_4q": 8.13,
            "eps_4q_growth_year": 8.67,
            "roe": 4.68,
            "roe_4q": 22.630000000000003,
            "gross_profit": 322040,
            "gross_margin": 51.48,
            "gross_margin_4q_avg": 52.64,
            "net_income": 158307,
            "revenue": 625525,
            "common_shares": 921202,
            "book_valuer_per_share": 37.53,
            "book_valuer_per_share_4q_avg": 38.1,
            "equity": 3457659,
            "current_ratio": 781.17,
            "debt_ratio": 33.59,
            "inventory_turnover_ratio": 1.07,
            "account_receivable_turnover_ratio": 0.98,
            "reinvestment_rate": 109.36,
            "research_to_sale_ratio": 2.49,
            "price_fair": 146.57,
            "eps_avg_yearly": 8.83,
            "eps_latest_yearly": 6.88,
            "eps_growth_yearly": 6.59
        },
        "20104": {
            "year_quarter": 20104,
            "year": 2010,
            "quarter": 4,
            "eps": 1.4,
            "eps_growth_year": -29.83,
            "eps_4q": 7.65,
            "eps_4q_growth_year": 2.76,
            "roe": 3.68,
            "roe_4q": 20.71,
            "gross_profit": 355160,
            "gross_margin": 55.19,
            "gross_margin_4q_avg": 52.05,
            "net_income": 129273,
            "revenue": 643565,
            "common_shares": 921202,
            "book_valuer_per_share": 38.8,
            "book_valuer_per_share_4q_avg": 38.53,
            "equity": 3574165,
            "current_ratio": 719.75,
            "debt_ratio": 33.82,
            "inventory_turnover_ratio": 0.98,
            "account_receivable_turnover_ratio": 1.11,
            "reinvestment_rate": 108.69,
            "research_to_sale_ratio": 2.96,
            "price_fair": 149.39,
            "eps_avg_yearly": 8.69,
            "eps_latest_yearly": 5.6,
            "eps_growth_yearly": 7.2
        },
        "20111": {
            "year_quarter": 20111,
            "year": 2011,
            "quarter": 1,
            "eps": 1.99,
            "eps_growth_year": -20.4,
            "eps_4q": 7.27,
            "eps_4q_growth_year": -13.43,
            "roe": 5.01,
            "roe_4q": 19.23,
            "gross_profit": 285847,
            "gross_margin": 49,
            "gross_margin_4q_avg": 51.18,
            "net_income": 183558,
            "revenue": 583350,
            "common_shares": 921202,
            "book_valuer_per_share": 40.81,
            "book_valuer_per_share_4q_avg": 38.73,
            "equity": 3759821,
            "current_ratio": 304.33,
            "debt_ratio": 32.2,
            "inventory_turnover_ratio": 0.95,
            "account_receivable_turnover_ratio": 1.04,
            "reinvestment_rate": 109,
            "research_to_sale_ratio": 3.74,
            "price_fair": 284.26,
            "eps_avg_yearly": 8.78,
            "eps_latest_yearly": 7.96,
            "eps_growth_yearly": 22.39
        },
        "20112": {
            "year_quarter": 20112,
            "year": 2011,
            "quarter": 2,
            "eps": 0.95,
            "eps_growth_year": -56.07,
            "eps_4q": 6.06,
            "eps_4q_growth_year": -31.87,
            "roe": 2.46,
            "roe_4q": 15.83,
            "gross_profit": 283486,
            "gross_margin": 45.94,
            "gross_margin_4q_avg": 50.4,
            "net_income": 87343,
            "revenue": 617031,
            "common_shares": 921202,
            "book_valuer_per_share": 36.24,
            "book_valuer_per_share_4q_avg": 38.35,
            "equity": 3338362,
            "current_ratio": 222.08,
            "debt_ratio": 40.74,
            "inventory_turnover_ratio": 1.04,
            "account_receivable_turnover_ratio": 1.08,
            "reinvestment_rate": 111.58,
            "research_to_sale_ratio": 3.77,
            "price_fair": 25.23,
            "eps_avg_yearly": 8.41,
            "eps_latest_yearly": 3.8,
            "eps_growth_yearly": -3.03
        },
        "20113": {
            "year_quarter": 20113,
            "year": 2011,
            "quarter": 3,
            "eps": 3.88,
            "eps_growth_year": 125.68,
            "eps_4q": 8.22,
            "eps_4q_growth_year": 1.16,
            "roe": 10.14,
            "roe_4q": 21.29,
            "gross_profit": 329080,
            "gross_margin": 51.06,
            "gross_margin_4q_avg": 50.3,
            "net_income": 357267,
            "revenue": 644498,
            "common_shares": 921202,
            "book_valuer_per_share": 40.25,
            "book_valuer_per_share_4q_avg": 39.03,
            "equity": 3708149,
            "current_ratio": 292.32,
            "debt_ratio": 33.09,
            "inventory_turnover_ratio": 0.99,
            "account_receivable_turnover_ratio": 1.05,
            "reinvestment_rate": 109.68,
            "research_to_sale_ratio": 3.95,
            "price_fair": 309.84,
            "eps_avg_yearly": 8.85,
            "eps_latest_yearly": 15.52,
            "eps_growth_yearly": 77.28
        },
        "20114": {
            "year_quarter": 20114,
            "year": 2011,
            "quarter": 4,
            "eps": 2.93,
            "eps_growth_year": 108.77,
            "eps_4q": 9.75,
            "eps_4q_growth_year": 27.44,
            "roe": 7.03,
            "roe_4q": 24.64,
            "gross_profit": 381090,
            "gross_margin": 49.33,
            "gross_margin_4q_avg": 48.83,
            "net_income": 270001,
            "revenue": 772588,
            "common_shares": 921613,
            "book_valuer_per_share": 43.14,
            "book_valuer_per_share_4q_avg": 40.11,
            "equity": 3975995,
            "current_ratio": 230.24,
            "debt_ratio": 32,
            "inventory_turnover_ratio": 1.24,
            "account_receivable_turnover_ratio": 1.08,
            "reinvestment_rate": 97.26,
            "research_to_sale_ratio": 3.42,
            "price_fair": 311.41,
            "eps_avg_yearly": 8.9,
            "eps_latest_yearly": 11.72,
            "eps_growth_yearly": 63.58
        },
        "20121": {
            "year_quarter": 20121,
            "year": 2012,
            "quarter": 1,
            "eps": 2.18,
            "eps_growth_year": 9.55,
            "eps_4q": 9.92,
            "eps_4q_growth_year": 36.33,
            "roe": 4.91,
            "roe_4q": 24.540000000000003,
            "gross_profit": 367644,
            "gross_margin": 50.54,
            "gross_margin_4q_avg": 49.22,
            "net_income": 200806,
            "revenue": 727448,
            "common_shares": 923219,
            "book_valuer_per_share": 45.46,
            "book_valuer_per_share_4q_avg": 41.27,
            "equity": 4196794,
            "current_ratio": 379.49,
            "debt_ratio": 22.18,
            "inventory_turnover_ratio": 1.06,
            "account_receivable_turnover_ratio": 0.93,
            "reinvestment_rate": 93.52,
            "research_to_sale_ratio": 3.03,
            "price_fair": 310.63,
            "eps_avg_yearly": 8.88,
            "eps_latest_yearly": 8.72,
            "eps_growth_yearly": 61.54
        },
        "20122": {
            "year_quarter": 20122,
            "year": 2012,
            "quarter": 2,
            "eps": 2.94,
            "eps_growth_year": 210.13,
            "eps_4q": 11.91,
            "eps_4q_growth_year": 96.45,
            "roe": 6.58,
            "roe_4q": 28.66,
            "gross_profit": 426745,
            "gross_margin": 47.95,
            "gross_margin_4q_avg": 49.72,
            "net_income": 271473,
            "revenue": 890063,
            "common_shares": 923219,
            "book_valuer_per_share": 43.91,
            "book_valuer_per_share_4q_avg": 43.19,
            "equity": 4053950,
            "current_ratio": 281.71,
            "debt_ratio": 34.04,
            "inventory_turnover_ratio": 1.28,
            "account_receivable_turnover_ratio": 1.05,
            "reinvestment_rate": 84.56,
            "research_to_sale_ratio": 2.67,
            "price_fair": 311.94,
            "eps_avg_yearly": 8.91,
            "eps_latest_yearly": 11.76,
            "eps_growth_yearly": 64.53
        },
        "20123": {
            "year_quarter": 20123,
            "year": 2012,
            "quarter": 3,
            "eps": 2.72,
            "eps_growth_year": -29.92,
            "eps_4q": 10.76,
            "eps_4q_growth_year": 30.84,
            "roe": 6.01,
            "roe_4q": 24.53,
            "gross_profit": 488984,
            "gross_margin": 51.7,
            "gross_margin_4q_avg": 49.88,
            "net_income": 250921,
            "revenue": 945785,
            "common_shares": 923219,
            "book_valuer_per_share": 46.6,
            "book_valuer_per_share_4q_avg": 44.78,
            "equity": 4301908,
            "current_ratio": 347.11,
            "debt_ratio": 28.71,
            "inventory_turnover_ratio": 1.15,
            "account_receivable_turnover_ratio": 1,
            "reinvestment_rate": 88.44,
            "research_to_sale_ratio": 2.56,
            "price_fair": 309.31,
            "eps_avg_yearly": 8.84,
            "eps_latest_yearly": 10.88,
            "eps_growth_yearly": 60.6
        },
        "20124": {
            "year_quarter": 20124,
            "year": 2012,
            "quarter": 4,
            "eps": 3.61,
            "eps_growth_year": 23.07,
            "eps_4q": 11.44,
            "eps_4q_growth_year": 17.37,
            "roe": 7.45,
            "roe_4q": 24.95,
            "gross_profit": 538655,
            "gross_margin": 52.42,
            "gross_margin_4q_avg": 50.65,
            "net_income": 332856,
            "revenue": 1027527,
            "common_shares": 923219,
            "book_valuer_per_share": 50.17,
            "book_valuer_per_share_4q_avg": 46.54,
            "equity": 4631652,
            "current_ratio": 626.8,
            "debt_ratio": 26.8,
            "inventory_turnover_ratio": 1.2,
            "account_receivable_turnover_ratio": 1.04,
            "reinvestment_rate": 90.06,
            "research_to_sale_ratio": 3.37,
            "price_fair": 321.65,
            "eps_avg_yearly": 9.19,
            "eps_latest_yearly": 14.44,
            "eps_growth_yearly": 75.57
        },
        "20131": {
            "year_quarter": 20131,
            "year": 2013,
            "quarter": 1,
            "eps": 4.4,
            "eps_growth_year": 101.83,
            "eps_4q": 13.6,
            "eps_4q_growth_year": 37.19,
            "roe": 8.36,
            "roe_4q": 28.4,
            "gross_profit": 439814,
            "gross_margin": 50.81,
            "gross_margin_4q_avg": 50.72,
            "net_income": 406599,
            "revenue": 865669,
            "common_shares": 927645,
            "book_valuer_per_share": 54.98,
            "book_valuer_per_share_4q_avg": 48.92,
            "equity": 5100066,
            "current_ratio": 633.52,
            "debt_ratio": 24.7,
            "inventory_turnover_ratio": 1.02,
            "account_receivable_turnover_ratio": 0.98,
            "reinvestment_rate": 4.74,
            "research_to_sale_ratio": 3.09,
            "price_fair": 345.36,
            "eps_avg_yearly": 9.87,
            "eps_latest_yearly": 17.6,
            "eps_growth_yearly": 86.83
        },
        "20132": {
            "year_quarter": 20132,
            "year": 2013,
            "quarter": 2,
            "eps": 3.15,
            "eps_growth_year": 7.12,
            "eps_4q": 13.66,
            "eps_4q_growth_year": 14.68,
            "roe": 5.8,
            "roe_4q": 27.619999999999997,
            "gross_profit": 488436,
            "gross_margin": 50.12,
            "gross_margin_4q_avg": 51.26,
            "net_income": 293752,
            "revenue": 974552,
            "common_shares": 940218,
            "book_valuer_per_share": 53.41,
            "book_valuer_per_share_4q_avg": 51.29,
            "equity": 5021960,
            "current_ratio": 412.42,
            "debt_ratio": 28.1,
            "inventory_turnover_ratio": 1.12,
            "account_receivable_turnover_ratio": 1.25,
            "reinvestment_rate": 3.4,
            "research_to_sale_ratio": 2.79,
            "price_fair": 360.33,
            "eps_avg_yearly": 10.3,
            "eps_latest_yearly": 12.6,
            "eps_growth_yearly": 83.43
        },
        "20133": {
            "year_quarter": 20133,
            "year": 2013,
            "quarter": 3,
            "eps": 3.2,
            "eps_growth_year": 17.74,
            "eps_4q": 14.1,
            "eps_4q_growth_year": 31.08,
            "roe": 5.78,
            "roe_4q": 27.389999999999997,
            "gross_profit": 519315,
            "gross_margin": 55.33,
            "gross_margin_4q_avg": 52.17,
            "net_income": 301638,
            "revenue": 938650,
            "common_shares": 946577,
            "book_valuer_per_share": 57.27,
            "book_valuer_per_share_4q_avg": 53.96,
            "equity": 5420740,
            "current_ratio": 668.39,
            "debt_ratio": 19.24,
            "inventory_turnover_ratio": 1,
            "account_receivable_turnover_ratio": 1.24,
            "reinvestment_rate": 2.48,
            "research_to_sale_ratio": 3.21,
            "price_fair": 365.14,
            "eps_avg_yearly": 10.43,
            "eps_latest_yearly": 12.8,
            "eps_growth_yearly": 62.82
        },
        "20134": {
            "year_quarter": 20134,
            "year": 2013,
            "quarter": 4,
            "eps": 4.14,
            "eps_growth_year": 14.81,
            "eps_4q": 14.67,
            "eps_4q_growth_year": 28.21,
            "roe": 6.97,
            "roe_4q": 26.91,
            "gross_profit": 531800,
            "gross_margin": 53.65,
            "gross_margin_4q_avg": 52.48,
            "net_income": 394006,
            "revenue": 991232,
            "common_shares": 951881,
            "book_valuer_per_share": 61.88,
            "book_valuer_per_share_4q_avg": 56.89,
            "equity": 5890696,
            "current_ratio": 655.13,
            "debt_ratio": 18.23,
            "inventory_turnover_ratio": 1.15,
            "account_receivable_turnover_ratio": 1.29,
            "reinvestment_rate": -46.62,
            "research_to_sale_ratio": 3.33,
            "price_fair": 383.86,
            "eps_avg_yearly": 10.97,
            "eps_latest_yearly": 16.56,
            "eps_growth_yearly": 76.3
        },
        "20141": {
            "year_quarter": 20141,
            "year": 2014,
            "quarter": 1,
            "eps": 4.92,
            "eps_growth_year": 11.82,
            "eps_4q": 15.3,
            "eps_4q_growth_year": 12.45,
            "roe": 7.63,
            "roe_4q": 26.18,
            "gross_profit": 552033,
            "gross_margin": 54.63,
            "gross_margin_4q_avg": 53.43,
            "net_income": 468322,
            "revenue": 1010484,
            "common_shares": 952971,
            "book_valuer_per_share": 66.93,
            "book_valuer_per_share_4q_avg": 59.87,
            "equity": 6378172,
            "current_ratio": 707.59,
            "debt_ratio": 16.73,
            "inventory_turnover_ratio": 1.2,
            "account_receivable_turnover_ratio": 1.18,
            "reinvestment_rate": -45.57,
            "research_to_sale_ratio": 3.44,
            "price_fair": 405.04,
            "eps_avg_yearly": 11.57,
            "eps_latest_yearly": 19.68,
            "eps_growth_yearly": 74.76
        },
        "20142": {
            "year_quarter": 20142,
            "year": 2014,
            "quarter": 2,
            "eps": 2.81,
            "eps_growth_year": -10.79,
            "eps_4q": 15.03,
            "eps_4q_growth_year": 10.03,
            "roe": 4.36,
            "roe_4q": 24.740000000000002,
            "gross_profit": 584355,
            "gross_margin": 54.82,
            "gross_margin_4q_avg": 54.61,
            "net_income": 268099,
            "revenue": 1065974,
            "common_shares": 952971,
            "book_valuer_per_share": 62.21,
            "book_valuer_per_share_4q_avg": 62.07,
            "equity": 5928835,
            "current_ratio": 411.15,
            "debt_ratio": 24.69,
            "inventory_turnover_ratio": 1.31,
            "account_receivable_turnover_ratio": 1.21,
            "reinvestment_rate": -46.9,
            "research_to_sale_ratio": 3.48,
            "price_fair": 410.73,
            "eps_avg_yearly": 11.74,
            "eps_latest_yearly": 11.24,
            "eps_growth_yearly": 67.43
        },
        "20143": {
            "year_quarter": 20143,
            "year": 2014,
            "quarter": 3,
            "eps": 4.59,
            "eps_growth_year": 43.44,
            "eps_4q": 16.45,
            "eps_4q_growth_year": 16.68,
            "roe": 7.12,
            "roe_4q": 26.08,
            "gross_profit": 536374,
            "gross_margin": 53.64,
            "gross_margin_4q_avg": 54.19,
            "net_income": 437588,
            "revenue": 999925,
            "common_shares": 952971,
            "book_valuer_per_share": 66.83,
            "book_valuer_per_share_4q_avg": 64.46,
            "equity": 6368852,
            "current_ratio": 707.19,
            "debt_ratio": 16.33,
            "inventory_turnover_ratio": 1.32,
            "account_receivable_turnover_ratio": 1.12,
            "reinvestment_rate": -45.84,
            "research_to_sale_ratio": 3.48,
            "price_fair": 435.84,
            "eps_avg_yearly": 12.45,
            "eps_latest_yearly": 18.36,
            "eps_growth_yearly": 88.36
        },
        "20144": {
            "year_quarter": 20144,
            "year": 2014,
            "quarter": 4,
            "eps": 6.66,
            "eps_growth_year": 60.93,
            "eps_4q": 18.98,
            "eps_4q_growth_year": 29.42,
            "roe": 9.49,
            "roe_4q": 28.599999999999998,
            "gross_profit": 676405,
            "gross_margin": 56.1,
            "gross_margin_4q_avg": 54.8,
            "net_income": 634787,
            "revenue": 1205818,
            "common_shares": 952971,
            "book_valuer_per_share": 73.54,
            "book_valuer_per_share_4q_avg": 67.38,
            "equity": 7008369,
            "current_ratio": 692.09,
            "debt_ratio": 16.7,
            "inventory_turnover_ratio": 1.43,
            "account_receivable_turnover_ratio": 1.24,
            "reinvestment_rate": -42,
            "research_to_sale_ratio": 3.11,
            "price_fair": 481.86,
            "eps_avg_yearly": 13.77,
            "eps_latest_yearly": 26.64,
            "eps_growth_yearly": 104.29
        },
        "20151": {
            "year_quarter": 20151,
            "year": 2015,
            "quarter": 1,
            "eps": 4.15,
            "eps_growth_year": -15.65,
            "eps_4q": 18.22,
            "eps_4q_growth_year": 19.09,
            "roe": 5.49,
            "roe_4q": 26.46,
            "gross_profit": 632179,
            "gross_margin": 57.37,
            "gross_margin_4q_avg": 55.48,
            "net_income": 395594,
            "revenue": 1102002,
            "common_shares": 952971,
            "book_valuer_per_share": 77.68,
            "book_valuer_per_share_4q_avg": 70.07,
            "equity": 7402291,
            "current_ratio": 746.91,
            "debt_ratio": 12.27,
            "inventory_turnover_ratio": 1.16,
            "account_receivable_turnover_ratio": 1.07,
            "reinvestment_rate": -42.25,
            "research_to_sale_ratio": 3.1,
            "price_fair": 500.76,
            "eps_avg_yearly": 14.31,
            "eps_latest_yearly": 16.6,
            "eps_growth_yearly": 84.33
        },
        "20152": {
            "year_quarter": 20152,
            "year": 2015,
            "quarter": 2,
            "eps": 3.16,
            "eps_growth_year": 12.46,
            "eps_4q": 18.57,
            "eps_4q_growth_year": 23.55,
            "roe": 4.23,
            "roe_4q": 26.330000000000002,
            "gross_profit": 633624,
            "gross_margin": 56.65,
            "gross_margin_4q_avg": 55.94,
            "net_income": 301364,
            "revenue": 1118519,
            "common_shares": 952971,
            "book_valuer_per_share": 71.83,
            "book_valuer_per_share_4q_avg": 72.47,
            "equity": 6845268,
            "current_ratio": 417.57,
            "debt_ratio": 21.09,
            "inventory_turnover_ratio": 1.17,
            "account_receivable_turnover_ratio": 1.16,
            "reinvestment_rate": -40.8,
            "research_to_sale_ratio": 3.17,
            "price_fair": 520.1,
            "eps_avg_yearly": 14.86,
            "eps_latest_yearly": 12.64,
            "eps_growth_yearly": 91.43
        },
        "20153": {
            "year_quarter": 20153,
            "year": 2015,
            "quarter": 3,
            "eps": 7.99,
            "eps_growth_year": 74.07,
            "eps_4q": 21.96,
            "eps_4q_growth_year": 33.48,
            "roe": 10.53,
            "roe_4q": 29.740000000000002,
            "gross_profit": 666418,
            "gross_margin": 57.95,
            "gross_margin_4q_avg": 57.02,
            "net_income": 761273,
            "revenue": 1149905,
            "common_shares": 952971,
            "book_valuer_per_share": 79.86,
            "book_valuer_per_share_4q_avg": 75.73,
            "equity": 7610721,
            "current_ratio": 807.93,
            "debt_ratio": 12.06,
            "inventory_turnover_ratio": 1.24,
            "account_receivable_turnover_ratio": 1.18,
            "reinvestment_rate": -40.68,
            "research_to_sale_ratio": 3.61,
            "price_fair": 556.06,
            "eps_avg_yearly": 15.89,
            "eps_latest_yearly": 31.96,
            "eps_growth_yearly": 52.54
        },
        "20154": {
            "year_quarter": 20154,
            "year": 2015,
            "quarter": 4,
            "eps": 4.88,
            "eps_growth_year": -26.79,
            "eps_4q": 20.18,
            "eps_4q_growth_year": 6.31,
            "roe": 5.93,
            "roe_4q": 26.18,
            "gross_profit": 651114,
            "gross_margin": 57.73,
            "gross_margin_4q_avg": 57.43,
            "net_income": 464731,
            "revenue": 1127921,
            "common_shares": 952971,
            "book_valuer_per_share": 84.67,
            "book_valuer_per_share_4q_avg": 78.51,
            "equity": 8068822,
            "current_ratio": 764.26,
            "debt_ratio": 12.69,
            "inventory_turnover_ratio": 1.36,
            "account_receivable_turnover_ratio": 1.11,
            "reinvestment_rate": -41.4,
            "research_to_sale_ratio": 4.09,
            "price_fair": 573.13,
            "eps_avg_yearly": 16.38,
            "eps_latest_yearly": 19.52,
            "eps_growth_yearly": 48.93
        },
        "20161": {
            "year_quarter": 20161,
            "year": 2016,
            "quarter": 1,
            "eps": 2.89,
            "eps_growth_year": -30.36,
            "eps_4q": 18.92,
            "eps_4q_growth_year": 3.84,
            "roe": 3.36,
            "roe_4q": 24.05,
            "gross_profit": 573856,
            "gross_margin": 58.53,
            "gross_margin_4q_avg": 57.72,
            "net_income": 275336,
            "revenue": 980434,
            "common_shares": 952971,
            "book_valuer_per_share": 87.52,
            "book_valuer_per_share_4q_avg": 80.97,
            "equity": 8340874,
            "current_ratio": 856.46,
            "debt_ratio": 11.04,
            "inventory_turnover_ratio": 1.16,
            "account_receivable_turnover_ratio": 1.04,
            "reinvestment_rate": -42.28,
            "research_to_sale_ratio": 4.21,
            "price_fair": 579.34,
            "eps_avg_yearly": 16.55,
            "eps_latest_yearly": 11.56,
            "eps_growth_yearly": 45.13
        },
        "20162": {
            "year_quarter": 20162,
            "year": 2016,
            "quarter": 2,
            "eps": 3.19,
            "eps_growth_year": 0.95,
            "eps_4q": 18.95,
            "eps_4q_growth_year": 2.06,
            "roe": 3.8,
            "roe_4q": 23.619999999999997,
            "gross_profit": 612411,
            "gross_margin": 55.92,
            "gross_margin_4q_avg": 57.53,
            "net_income": 304426,
            "revenue": 1095202,
            "common_shares": 952971,
            "book_valuer_per_share": 80.56,
            "book_valuer_per_share_4q_avg": 83.15,
            "equity": 7677383,
            "current_ratio": 434.32,
            "debt_ratio": 20.74,
            "inventory_turnover_ratio": 1.37,
            "account_receivable_turnover_ratio": 1.3,
            "reinvestment_rate": -40.69,
            "research_to_sale_ratio": 3.35,
            "price_fair": 581.53,
            "eps_avg_yearly": 16.62,
            "eps_latest_yearly": 12.76,
            "eps_growth_yearly": 39.01
        },
        "20163": {
            "year_quarter": 20163,
            "year": 2016,
            "quarter": 3,
            "eps": 3.18,
            "eps_growth_year": -60.2,
            "eps_4q": 14.14,
            "eps_4q_growth_year": -35.64,
            "roe": 3.87,
            "roe_4q": 16.96,
            "gross_profit": 645928,
            "gross_margin": 56.61,
            "gross_margin_4q_avg": 57.2,
            "net_income": 302563,
            "revenue": 1140986,
            "common_shares": 952971,
            "book_valuer_per_share": 83.72,
            "book_valuer_per_share_4q_avg": 84.12,
            "equity": 7978545,
            "current_ratio": 813.6,
            "debt_ratio": 11.23,
            "inventory_turnover_ratio": 1.48,
            "account_receivable_turnover_ratio": 1.33,
            "reinvestment_rate": -42.75,
            "research_to_sale_ratio": 3.37,
            "price_fair": 585.55,
            "eps_avg_yearly": 16.73,
            "eps_latest_yearly": 12.72,
            "eps_growth_yearly": 40.81
        },
        "20164": {
            "year_quarter": 20164,
            "year": 2016,
            "quarter": 4,
            "eps": 7.23,
            "eps_growth_year": 48.36,
            "eps_4q": 16.49,
            "eps_4q_growth_year": -18.26,
            "roe": 8.29,
            "roe_4q": 19.32,
            "gross_profit": 718665,
            "gross_margin": 57.52,
            "gross_margin_4q_avg": 57.15,
            "net_income": 689466,
            "revenue": 1249488,
            "common_shares": 952971,
            "book_valuer_per_share": 90.87,
            "book_valuer_per_share_4q_avg": 85.67,
            "equity": 8660004,
            "current_ratio": 743.88,
            "debt_ratio": 12.69,
            "inventory_turnover_ratio": 1.63,
            "account_receivable_turnover_ratio": 1.24,
            "reinvestment_rate": -44.37,
            "research_to_sale_ratio": 4.3,
            "price_fair": 617.23,
            "eps_avg_yearly": 17.64,
            "eps_latest_yearly": 28.92,
            "eps_growth_yearly": 64.47
        },
        "20171": {
            "year_quarter": 20171,
            "year": 2017,
            "quarter": 1,
            "eps": 1.15,
            "eps_growth_year": -60.21,
            "eps_4q": 14.75,
            "eps_4q_growth_year": -22.03,
            "roe": 1.25,
            "roe_4q": 17.21,
            "gross_profit": 648049,
            "gross_margin": 57.57,
            "gross_margin_4q_avg": 56.91,
            "net_income": 109199,
            "revenue": 1125753,
            "common_shares": 952971,
            "book_valuer_per_share": 91.96,
            "book_valuer_per_share_4q_avg": 86.78,
            "equity": 8763733,
            "current_ratio": 825.09,
            "debt_ratio": 11.06,
            "inventory_turnover_ratio": 1.4,
            "account_receivable_turnover_ratio": 1.08,
            "reinvestment_rate": -3.17,
            "research_to_sale_ratio": 3.39,
            "price_fair": 588.79,
            "eps_avg_yearly": 16.82,
            "eps_latest_yearly": 4.6,
            "eps_growth_yearly": 37.97
        },
        "20172": {
            "year_quarter": 20172,
            "year": 2017,
            "quarter": 2,
            "eps": 1.52,
            "eps_growth_year": -52.35,
            "eps_4q": 13.08,
            "eps_4q_growth_year": -30.97,
            "roe": 1.72,
            "roe_4q": 15.129999999999999,
            "gross_profit": 448900,
            "gross_margin": 50.73,
            "gross_margin_4q_avg": 55.61,
            "net_income": 145351,
            "revenue": 884815,
            "common_shares": 952971,
            "book_valuer_per_share": 85.26,
            "book_valuer_per_share_4q_avg": 87.95,
            "equity": 8124600,
            "current_ratio": 484.72,
            "debt_ratio": 18.15,
            "inventory_turnover_ratio": 1.12,
            "account_receivable_turnover_ratio": 1,
            "reinvestment_rate": -2.57,
            "research_to_sale_ratio": 5.23,
            "price_fair": 574.53,
            "eps_avg_yearly": 16.42,
            "eps_latest_yearly": 6.08,
            "eps_growth_yearly": 53.12
        },
        "20173": {
            "year_quarter": 20173,
            "year": 2017,
            "quarter": 3,
            "eps": 3.5,
            "eps_growth_year": 10.06,
            "eps_4q": 13.4,
            "eps_4q_growth_year": -5.2,
            "roe": 4.02,
            "roe_4q": 15.279999999999998,
            "gross_profit": 514248,
            "gross_margin": 52.11,
            "gross_margin_4q_avg": 54.48,
            "net_income": 333013,
            "revenue": 986881,
            "common_shares": 952971,
            "book_valuer_per_share": 88.77,
            "book_valuer_per_share_4q_avg": 89.22,
            "equity": 8459066,
            "current_ratio": 884.97,
            "debt_ratio": 10.29,
            "inventory_turnover_ratio": 1.12,
            "account_receivable_turnover_ratio": 1.24,
            "reinvestment_rate": -2.05,
            "research_to_sale_ratio": 4.91,
            "price_fair": 577.15,
            "eps_avg_yearly": 16.49,
            "eps_latest_yearly": 14,
            "eps_growth_yearly": 85.29
        },
        "20174": {
            "year_quarter": 20174,
            "year": 2017,
            "quarter": 4,
            "eps": 3.37,
            "eps_growth_year": -53.42,
            "eps_4q": 9.54,
            "eps_4q_growth_year": -42.19,
            "roe": 3.73,
            "roe_4q": 10.72,
            "gross_profit": 581110,
            "gross_margin": 52.21,
            "gross_margin_4q_avg": 53.16,
            "net_income": 321137,
            "revenue": 1113123,
            "common_shares": 952971,
            "book_valuer_per_share": 92.13,
            "book_valuer_per_share_4q_avg": 89.53,
            "equity": 8779325,
            "current_ratio": 811.02,
            "debt_ratio": 11.19,
            "inventory_turnover_ratio": 1.23,
            "account_receivable_turnover_ratio": 1.26,
            "reinvestment_rate": -1.74,
            "research_to_sale_ratio": 4.42,
            "price_fair": 570.41,
            "eps_avg_yearly": 16.3,
            "eps_latest_yearly": 13.48,
            "eps_growth_yearly": 77.01
        },
        "20181": {
            "year_quarter": 20181,
            "year": 2018,
            "quarter": 1,
            "eps": 3.37,
            "eps_growth_year": 193.04,
            "eps_4q": 11.76,
            "eps_4q_growth_year": -20.3,
            "roe": 3.59,
            "roe_4q": 13.06,
            "gross_profit": 643624,
            "gross_margin": 55.1,
            "gross_margin_4q_avg": 52.54,
            "net_income": 320745,
            "revenue": 1168166,
            "common_shares": 952971,
            "book_valuer_per_share": 95.52,
            "book_valuer_per_share_4q_avg": 90.42,
            "equity": 9102576,
            "current_ratio": 893.59,
            "debt_ratio": 10.2,
            "inventory_turnover_ratio": 1.27,
            "account_receivable_turnover_ratio": 1.17,
            "reinvestment_rate": -1.87,
            "research_to_sale_ratio": 4.06,
            "price_fair": 556.85,
            "eps_avg_yearly": 15.91,
            "eps_latest_yearly": 13.48,
            "eps_growth_yearly": 72.3
        },
        "20182": {
            "year_quarter": 20182,
            "year": 2018,
            "quarter": 2,
            "eps": 5.96,
            "eps_growth_year": 292.11,
            "eps_4q": 16.19,
            "eps_4q_growth_year": 23.8,
            "roe": 6.21,
            "roe_4q": 17.55,
            "gross_profit": 525369,
            "gross_margin": 50.65,
            "gross_margin_4q_avg": 52.52,
            "net_income": 568432,
            "revenue": 1037275,
            "common_shares": 952971,
            "book_valuer_per_share": 96.48,
            "book_valuer_per_share_4q_avg": 93.23,
            "equity": 9194149,
            "current_ratio": 654.06,
            "debt_ratio": 13.78,
            "inventory_turnover_ratio": 1.23,
            "account_receivable_turnover_ratio": 1.03,
            "reinvestment_rate": -1.67,
            "research_to_sale_ratio": 5.34,
            "price_fair": 584.41,
            "eps_avg_yearly": 16.7,
            "eps_latest_yearly": 23.84,
            "eps_growth_yearly": 102.24
        },
        "20183": {
            "year_quarter": 20183,
            "year": 2018,
            "quarter": 3,
            "eps": 4.2,
            "eps_growth_year": 20,
            "eps_4q": 16.9,
            "eps_4q_growth_year": 26.1,
            "roe": 4.26,
            "roe_4q": 17.79,
            "gross_profit": 544131,
            "gross_margin": 51.84,
            "gross_margin_4q_avg": 52.45,
            "net_income": 400051,
            "revenue": 1049560,
            "common_shares": 952971,
            "book_valuer_per_share": 100.64,
            "book_valuer_per_share_4q_avg": 96.19,
            "equity": 9590639,
            "current_ratio": 703.06,
            "debt_ratio": 12.94,
            "inventory_turnover_ratio": 1.11,
            "account_receivable_turnover_ratio": 1.09,
            "reinvestment_rate": -1.81,
            "research_to_sale_ratio": 4.73,
            "price_fair": 581,
            "eps_avg_yearly": 16.6,
            "eps_latest_yearly": 16.8,
            "eps_growth_yearly": 79.02
        },
        "20184": {
            "year_quarter": 20184,
            "year": 2018,
            "quarter": 4,
            "eps": 5.11,
            "eps_growth_year": 51.57,
            "eps_4q": 18.64,
            "eps_4q_growth_year": 95.44,
            "roe": 4.95,
            "roe_4q": 19.01,
            "gross_profit": 613488,
            "gross_margin": 51.96,
            "gross_margin_4q_avg": 52.39,
            "net_income": 486736,
            "revenue": 1180606,
            "common_shares": 952971,
            "book_valuer_per_share": 105.72,
            "book_valuer_per_share_4q_avg": 99.59,
            "equity": 10074551,
            "current_ratio": 926.32,
            "debt_ratio": 10.1,
            "inventory_turnover_ratio": 1.2,
            "account_receivable_turnover_ratio": 1.18,
            "reinvestment_rate": -2.08,
            "research_to_sale_ratio": 4.58,
            "price_fair": 567.44,
            "eps_avg_yearly": 16.21,
            "eps_latest_yearly": 20.44,
            "eps_growth_yearly": 73.16
        },
        "20191": {
            "year_quarter": 20191,
            "year": 2019,
            "quarter": 1,
            "eps": 4.67,
            "eps_growth_year": 38.58,
            "eps_4q": 19.94,
            "eps_4q_growth_year": 69.59,
            "roe": 4.32,
            "roe_4q": 19.74,
            "gross_profit": 603419,
            "gross_margin": 52.5,
            "gross_margin_4q_avg": 51.74,
            "net_income": 444602,
            "revenue": 1149456,
            "common_shares": 952971,
            "book_valuer_per_share": 110.42,
            "book_valuer_per_share_4q_avg": 103.32,
            "equity": 10522483,
            "current_ratio": 959.55,
            "debt_ratio": 14.68,
            "inventory_turnover_ratio": 1.18,
            "account_receivable_turnover_ratio": 1.14,
            "reinvestment_rate": -1.53,
            "research_to_sale_ratio": 4.75,
            "price_fair": 571.99,
            "eps_avg_yearly": 16.34,
            "eps_latest_yearly": 18.68,
            "eps_growth_yearly": 80.43
        },
        "20192": {
            "year_quarter": 20192,
            "year": 2019,
            "quarter": 2,
            "eps": 3.69,
            "eps_growth_year": -38.09,
            "eps_4q": 17.67,
            "eps_4q_growth_year": 9.11,
            "roe": 3.44,
            "roe_4q": 16.97,
            "gross_profit": 572866,
            "gross_margin": 51.91,
            "gross_margin_4q_avg": 52.05,
            "net_income": 352536,
            "revenue": 1103667,
            "common_shares": 952971,
            "book_valuer_per_share": 104.61,
            "book_valuer_per_share_4q_avg": 105.35,
            "equity": 9968746,
            "current_ratio": 546.78,
            "debt_ratio": 21.04,
            "inventory_turnover_ratio": 1.14,
            "account_receivable_turnover_ratio": 1.13,
            "reinvestment_rate": -1.29,
            "research_to_sale_ratio": 5.03,
            "price_fair": 576.63,
            "eps_avg_yearly": 16.48,
            "eps_latest_yearly": 14.76,
            "eps_growth_yearly": 81.15
        },
        "20193": {
            "year_quarter": 20193,
            "year": 2019,
            "quarter": 3,
            "eps": 4.66,
            "eps_growth_year": 10.95,
            "eps_4q": 18.12,
            "eps_4q_growth_year": 7.25,
            "roe": 4.35,
            "roe_4q": 17.06,
            "gross_profit": 675273,
            "gross_margin": 54.36,
            "gross_margin_4q_avg": 52.68,
            "net_income": 443257,
            "revenue": 1242332,
            "common_shares": 952971,
            "book_valuer_per_share": 109.23,
            "book_valuer_per_share_4q_avg": 107.5,
            "equity": 10409041,
            "current_ratio": 561.08,
            "debt_ratio": 20.5,
            "inventory_turnover_ratio": 1.2,
            "account_receivable_turnover_ratio": 1.2,
            "reinvestment_rate": -1.66,
            "research_to_sale_ratio": 5.02,
            "price_fair": 547.49,
            "eps_avg_yearly": 15.64,
            "eps_latest_yearly": 18.64,
            "eps_growth_yearly": 49.51
        },
        "20194": {
            "year_quarter": 20194,
            "year": 2019,
            "quarter": 4,
            "eps": 3.34,
            "eps_growth_year": -34.7,
            "eps_4q": 16.35,
            "eps_4q_growth_year": -12.26,
            "roe": 3.01,
            "roe_4q": 15.12,
            "gross_profit": 765399,
            "gross_margin": 55.73,
            "gross_margin_4q_avg": 53.63,
            "net_income": 317855,
            "revenue": 1373352,
            "common_shares": 952971,
            "book_valuer_per_share": 112.5,
            "book_valuer_per_share_4q_avg": 109.19,
            "equity": 10720537,
            "current_ratio": 829.19,
            "debt_ratio": 15.68,
            "inventory_turnover_ratio": 1.3,
            "account_receivable_turnover_ratio": 1.25,
            "reinvestment_rate": -1.06,
            "research_to_sale_ratio": 4.29,
            "price_fair": 534.01,
            "eps_avg_yearly": 15.26,
            "eps_latest_yearly": 13.36,
            "eps_growth_yearly": 52.16
        },
        "20201": {
            "year_quarter": 20201,
            "year": 2020,
            "quarter": 1,
            "eps": 4.8,
            "eps_growth_year": 2.78,
            "eps_4q": 16.49,
            "eps_4q_growth_year": -17.3,
            "roe": 4.18,
            "roe_4q": 14.979999999999999,
            "gross_profit": 625431,
            "gross_margin": 53.86,
            "gross_margin_4q_avg": 53.97,
            "net_income": 457551,
            "revenue": 1161120,
            "common_shares": 952971,
            "book_valuer_per_share": 117.29,
            "book_valuer_per_share_4q_avg": 110.91,
            "equity": 11177292,
            "current_ratio": 896.81,
            "debt_ratio": 14.92,
            "inventory_turnover_ratio": 1.09,
            "account_receivable_turnover_ratio": 1.04,
            "reinvestment_rate": 1.87,
            "research_to_sale_ratio": 4.92,
            "price_fair": 550.73,
            "eps_avg_yearly": 15.74,
            "eps_latest_yearly": 19.2,
            "eps_growth_yearly": 73.28
        },
        "20202": {
            "year_quarter": 20202,
            "year": 2020,
            "quarter": 2,
            "eps": 1.75,
            "eps_growth_year": -52.57,
            "eps_4q": 14.54,
            "eps_4q_growth_year": -17.72,
            "roe": 1.53,
            "roe_4q": 13.069999999999999,
            "gross_profit": 662034,
            "gross_margin": 56.18,
            "gross_margin_4q_avg": 55.03,
            "net_income": 166865,
            "revenue": 1178430,
            "common_shares": 952971,
            "book_valuer_per_share": 111.01,
            "book_valuer_per_share_4q_avg": 112.51,
            "equity": 10578734,
            "current_ratio": 588.03,
            "debt_ratio": 19.57,
            "inventory_turnover_ratio": 0.97,
            "account_receivable_turnover_ratio": 1.07,
            "reinvestment_rate": 3.25,
            "research_to_sale_ratio": 4.55,
            "price_fair": 538.13,
            "eps_avg_yearly": 15.38,
            "eps_latest_yearly": 7,
            "eps_growth_yearly": 54.8
        },
        "20203": {
            "year_quarter": 20203,
            "year": 2020,
            "quarter": 3,
            "eps": 3.11,
            "eps_growth_year": -33.26,
            "eps_4q": 13,
            "eps_4q_growth_year": -28.28,
            "roe": 2.76,
            "roe_4q": 11.479999999999999,
            "gross_profit": 609637,
            "gross_margin": 50.89,
            "gross_margin_4q_avg": 54.17,
            "net_income": 296393,
            "revenue": 1197928,
            "common_shares": 952971,
            "book_valuer_per_share": 114.13,
            "book_valuer_per_share_4q_avg": 113.73,
            "equity": 10876707,
            "current_ratio": 870.64,
            "debt_ratio": 14.93,
            "inventory_turnover_ratio": 1.12,
            "account_receivable_turnover_ratio": 1.13,
            "reinvestment_rate": 5.4,
            "research_to_sale_ratio": 4.07,
            "price_fair": 537.51,
            "eps_avg_yearly": 15.36,
            "eps_latest_yearly": 12.44,
            "eps_growth_yearly": 74.31
        },
        "20204": {
            "year_quarter": 20204,
            "year": 2020,
            "quarter": 4,
            "eps": 2.56,
            "eps_growth_year": -23.3,
            "eps_4q": 12.22,
            "eps_4q_growth_year": -25.26,
            "roe": 2.22,
            "roe_4q": 10.690000000000001,
            "gross_profit": 617710,
            "gross_margin": 48.87,
            "gross_margin_4q_avg": 52.45,
            "net_income": 243780,
            "revenue": 1263927,
            "common_shares": 952971,
            "book_valuer_per_share": 116.7,
            "book_valuer_per_share_4q_avg": 114.78,
            "equity": 11121041,
            "current_ratio": 799.33,
            "debt_ratio": 16.85,
            "inventory_turnover_ratio": 1.34,
            "account_receivable_turnover_ratio": 1.21,
            "reinvestment_rate": 9.34,
            "research_to_sale_ratio": 3.9,
            "price_fair": 496.65,
            "eps_avg_yearly": 14.19,
            "eps_latest_yearly": 10.24,
            "eps_growth_yearly": 38.05
        },
        "20211": {
            "year_quarter": 20211,
            "year": 2021,
            "quarter": 1,
            "eps": 4.55,
            "eps_growth_year": -5.21,
            "eps_4q": 11.97,
            "eps_4q_growth_year": -27.42,
            "roe": 3.82,
            "roe_4q": 10.33,
            "gross_profit": 639392,
            "gross_margin": 50.08,
            "gross_margin_4q_avg": 51.51,
            "net_income": 433278,
            "revenue": 1276761,
            "common_shares": 952971,
            "book_valuer_per_share": 121.25,
            "book_valuer_per_share_4q_avg": 115.77,
            "equity": 11555111,
            "current_ratio": 893.18,
            "debt_ratio": 16.88,
            "inventory_turnover_ratio": 1.26,
            "account_receivable_turnover_ratio": 1.17,
            "reinvestment_rate": 10.77,
            "research_to_sale_ratio": 4.22,
            "price_fair": 526.4,
            "eps_avg_yearly": 15.04,
            "eps_latest_yearly": 18.2,
            "eps_growth_yearly": 78.5
        },
        "20212": {
            "year_quarter": 20212,
            "year": 2021,
            "quarter": 2,
            "eps": 4.03,
            "eps_growth_year": 130.29,
            "eps_4q": 14.25,
            "eps_4q_growth_year": -1.97,
            "roe": 3.28,
            "roe_4q": 12.08,
            "gross_profit": 778490,
            "gross_margin": 52.25,
            "gross_margin_4q_avg": 50.52,
            "net_income": 384805,
            "revenue": 1490057,
            "common_shares": 952971,
            "book_valuer_per_share": 125.28,
            "book_valuer_per_share_4q_avg": 119.34,
            "equity": 11938541,
            "current_ratio": 969.82,
            "debt_ratio": 15.92,
            "inventory_turnover_ratio": 1.17,
            "account_receivable_turnover_ratio": 1.22,
            "reinvestment_rate": 10.84,
            "research_to_sale_ratio": 3.58,
            "price_fair": 548.36,
            "eps_avg_yearly": 15.67,
            "eps_latest_yearly": 16.12,
            "eps_growth_yearly": 67.6
        },
        "20213": {
            "year_quarter": 20213,
            "year": 2021,
            "quarter": 3,
            "eps": 6.62,
            "eps_growth_year": 112.86,
            "eps_4q": 17.76,
            "eps_4q_growth_year": 36.65,
            "roe": 5.27,
            "roe_4q": 14.59,
            "gross_profit": 959238,
            "gross_margin": 54.56,
            "gross_margin_4q_avg": 51.44,
            "net_income": 630757,
            "revenue": 1758193,
            "common_shares": 952971,
            "book_valuer_per_share": 125.77,
            "book_valuer_per_share_4q_avg": 122.25,
            "equity": 11985796,
            "current_ratio": 787.08,
            "debt_ratio": 17.94,
            "inventory_turnover_ratio": 1.04,
            "account_receivable_turnover_ratio": 1.23,
            "reinvestment_rate": 12.81,
            "research_to_sale_ratio": 3.64,
            "price_fair": 575.66,
            "eps_avg_yearly": 16.45,
            "eps_latest_yearly": 26.48,
            "eps_growth_yearly": 51.1
        },
        "20214": {
            "year_quarter": 20214,
            "year": 2021,
            "quarter": 4,
            "eps": 6.54,
            "eps_growth_year": 155.84,
            "eps_4q": 21.75,
            "eps_4q_growth_year": 77.96,
            "roe": 5.07,
            "roe_4q": 17.439999999999998,
            "gross_profit": 977712,
            "gross_margin": 53.81,
            "gross_margin_4q_avg": 52.68,
            "net_income": 623680,
            "revenue": 1816978,
            "common_shares": 952971,
            "book_valuer_per_share": 132.25,
            "book_valuer_per_share_4q_avg": 126.14,
            "equity": 12603287,
            "current_ratio": 723.46,
            "debt_ratio": 18.33,
            "inventory_turnover_ratio": 0.93,
            "account_receivable_turnover_ratio": 1.12,
            "reinvestment_rate": 15.52,
            "research_to_sale_ratio": 3.48,
            "price_fair": 603.4,
            "eps_avg_yearly": 17.24,
            "eps_latest_yearly": 26.16,
            "eps_growth_yearly": 51.73
        },
        "20221": {
            "year_quarter": 20221,
            "year": 2022,
            "quarter": 1,
            "eps": 9.55,
            "eps_growth_year": 109.89,
            "eps_4q": 26.75,
            "eps_4q_growth_year": 123.54,
            "roe": 6.97,
            "roe_4q": 20.59,
            "gross_profit": 928463,
            "gross_margin": 53.87,
            "gross_margin_4q_avg": 53.62,
            "net_income": 909834,
            "revenue": 1723522,
            "common_shares": 952971,
            "book_valuer_per_share": 141.85,
            "book_valuer_per_share_4q_avg": 131.29,
            "equity": 13518277,
            "current_ratio": 766.27,
            "debt_ratio": 19.03,
            "inventory_turnover_ratio": 0.83,
            "account_receivable_turnover_ratio": 1.04,
            "reinvestment_rate": 18.09,
            "research_to_sale_ratio": 2.92,
            "price_fair": 657.48,
            "eps_avg_yearly": 18.79,
            "eps_latest_yearly": 38.2,
            "eps_growth_yearly": 63.24
        },
        "20222": {
            "year_quarter": 20222,
            "year": 2022,
            "quarter": 2,
            "eps": 10.48,
            "eps_growth_year": 160.05,
            "eps_4q": 33.19,
            "eps_4q_growth_year": 132.9,
            "roe": 7.4,
            "roe_4q": 24.71,
            "gross_profit": 1127221,
            "gross_margin": 58.21,
            "gross_margin_4q_avg": 55.11,
            "net_income": 999096,
            "revenue": 1936635,
            "common_shares": 952971,
            "book_valuer_per_share": 141.45,
            "book_valuer_per_share_4q_avg": 135.33,
            "equity": 13480162,
            "current_ratio": 510.24,
            "debt_ratio": 23.83,
            "inventory_turnover_ratio": 0.76,
            "account_receivable_turnover_ratio": 1.11,
            "reinvestment_rate": 18.65,
            "research_to_sale_ratio": 3.12,
            "price_fair": 697.03,
            "eps_avg_yearly": 19.92,
            "eps_latest_yearly": 41.92,
            "eps_growth_yearly": 46.46
        },
        "20223": {
            "year_quarter": 20223,
            "year": 2022,
            "quarter": 3,
            "eps": 15.56,
            "eps_growth_year": 135.05,
            "eps_4q": 42.13,
            "eps_4q_growth_year": 137.2,
            "roe": 10.42,
            "roe_4q": 29.86,
            "gross_profit": 1237369,
            "gross_margin": 57.54,
            "gross_margin_4q_avg": 55.86,
            "net_income": 1482338,
            "revenue": 2150386,
            "common_shares": 952971,
            "book_valuer_per_share": 157.05,
            "book_valuer_per_share_4q_avg": 143.15,
            "equity": 14966209,
            "current_ratio": 801.94,
            "debt_ratio": 18.56,
            "inventory_turnover_ratio": 0.83,
            "account_receivable_turnover_ratio": 1.04,
            "reinvestment_rate": 17.63,
            "research_to_sale_ratio": 3.23,
            "price_fair": 796.43,
            "eps_avg_yearly": 22.76,
            "eps_latest_yearly": 62.24,
            "eps_growth_yearly": 65.96
        },
        "20224": {
            "year_quarter": 20224,
            "year": 2022,
            "quarter": 4,
            "eps": 6.98,
            "eps_growth_year": 6.61,
            "eps_4q": 42.56,
            "eps_4q_growth_year": 95.71,
            "roe": 4.34,
            "roe_4q": 29.13,
            "gross_profit": 1172923,
            "gross_margin": 59,
            "gross_margin_4q_avg": 57.16,
            "net_income": 664877,
            "revenue": 1988088,
            "common_shares": 952971,
            "book_valuer_per_share": 164.1,
            "book_valuer_per_share_4q_avg": 151.11,
            "equity": 15638337,
            "current_ratio": 786.62,
            "debt_ratio": 18.7,
            "inventory_turnover_ratio": 0.82,
            "account_receivable_turnover_ratio": 0.99,
            "reinvestment_rate": 18.1,
            "research_to_sale_ratio": 2.67,
            "price_fair": 812.79,
            "eps_avg_yearly": 23.22,
            "eps_latest_yearly": 27.92,
            "eps_growth_yearly": 46.76
        },
        "20231": {
            "year_quarter": 20231,
            "year": 2023,
            "quarter": 1,
            "eps": 4.8,
            "eps_growth_year": -49.74,
            "eps_4q": 37.82,
            "eps_4q_growth_year": 41.39,
            "roe": 2.88,
            "roe_4q": 25.04,
            "gross_profit": 676914,
            "gross_margin": 58.29,
            "gross_margin_4q_avg": 58.26,
            "net_income": 457715,
            "revenue": 1161307,
            "common_shares": 952971,
            "book_valuer_per_share": 168.91,
            "book_valuer_per_share_4q_avg": 157.88,
            "equity": 16096464,
            "current_ratio": 856.55,
            "debt_ratio": 17.53,
            "inventory_turnover_ratio": 0.54,
            "account_receivable_turnover_ratio": 0.8,
            "reinvestment_rate": 18.63,
            "research_to_sale_ratio": 4.36,
            "price_fair": 813.93,
            "eps_avg_yearly": 23.26,
            "eps_latest_yearly": 19.2,
            "eps_growth_yearly": 41.1
        }
    },
    "months": {
        "2004-08": {
            "month": "2004-08",
            "price": "93.31",
            "revenue": 103222
        },
        "2004-09": {
            "month": "2004-09",
            "price": "95.20",
            "revenue": 122625
        },
        "2004-10": {
            "month": "2004-10",
            "price": "91.72",
            "revenue": 138580
        },
        "2004-11": {
            "month": "2004-11",
            "price": "87.70",
            "revenue": 149063
        },
        "2004-12": {
            "month": "2004-12",
            "price": "93.21",
            "revenue": 131008
        },
        "2005-01": {
            "month": "2005-01",
            "price": "95.97",
            "revenue": 147997
        },
        "2005-02": {
            "month": "2005-02",
            "price": "118.49",
            "revenue": 117444
        },
        "2005-03": {
            "month": "2005-03",
            "price": "148.11",
            "revenue": 147289
        },
        "2005-04": {
            "month": "2005-04",
            "price": "116.75",
            "revenue": 114750
        },
        "2005-05": {
            "month": "2005-05",
            "price": "150.19",
            "revenue": 112186
        },
        "2005-06": {
            "month": "2005-06",
            "price": "176.39",
            "revenue": 91780
        },
        "2005-07": {
            "month": "2005-07",
            "price": "244.72",
            "revenue": 111197
        },
        "2005-08": {
            "month": "2005-08",
            "price": "188.45",
            "revenue": 122192
        },
        "2005-09": {
            "month": "2005-09",
            "price": "171.55",
            "revenue": 144976
        },
        "2005-10": {
            "month": "2005-10",
            "price": "162.50",
            "revenue": 161896
        },
        "2005-11": {
            "month": "2005-11",
            "price": "164.20",
            "revenue": 167781
        },
        "2005-12": {
            "month": "2005-12",
            "price": "178.25",
            "revenue": 159534
        },
        "2006-01": {
            "month": "2006-01",
            "price": "193.67",
            "revenue": 149545
        },
        "2006-02": {
            "month": "2006-02",
            "price": "177.71",
            "revenue": 121938
        },
        "2006-03": {
            "month": "2006-03",
            "price": "186.37",
            "revenue": 111764
        },
        "2006-04": {
            "month": "2006-04",
            "price": "189.53",
            "revenue": 143064
        },
        "2006-05": {
            "month": "2006-05",
            "price": "205.57",
            "revenue": 149236
        },
        "2006-06": {
            "month": "2006-06",
            "price": "187.36",
            "revenue": 133826
        },
        "2006-07": {
            "month": "2006-07",
            "price": "184.67",
            "revenue": 151134
        },
        "2006-08": {
            "month": "2006-08",
            "price": "179.76",
            "revenue": 155982
        },
        "2006-09": {
            "month": "2006-09",
            "price": "170.36",
            "revenue": 147293
        },
        "2006-10": {
            "month": "2006-10",
            "price": "178.28",
            "revenue": 158824
        },
        "2006-11": {
            "month": "2006-11",
            "price": "166.91",
            "revenue": 133912
        },
        "2006-12": {
            "month": "2006-12",
            "price": "159.10",
            "revenue": 127231
        },
        "2007-01": {
            "month": "2007-01",
            "price": "176.68",
            "revenue": 150660
        },
        "2007-02": {
            "month": "2007-02",
            "price": "176.17",
            "revenue": 80761
        },
        "2007-03": {
            "month": "2007-03",
            "price": "166.41",
            "revenue": 127504
        },
        "2007-04": {
            "month": "2007-04",
            "price": "156.90",
            "revenue": 135409
        },
        "2007-05": {
            "month": "2007-05",
            "price": "151.89",
            "revenue": 151660
        },
        "2007-06": {
            "month": "2007-06",
            "price": "202.58",
            "revenue": 162914
        },
        "2007-07": {
            "month": "2007-07",
            "price": "236.80",
            "revenue": 174247
        },
        "2007-08": {
            "month": "2007-08",
            "price": "208.72",
            "revenue": 177266
        },
        "2007-09": {
            "month": "2007-09",
            "price": "194.72",
            "revenue": 177858
        },
        "2007-10": {
            "month": "2007-10",
            "price": "181.07",
            "revenue": 215018
        },
        "2007-11": {
            "month": "2007-11",
            "price": "180.14",
            "revenue": 234958
        },
        "2007-12": {
            "month": "2007-12",
            "price": "185.64",
            "revenue": 212351
        },
        "2008-01": {
            "month": "2008-01",
            "price": "160.50",
            "revenue": 232617
        },
        "2008-02": {
            "month": "2008-02",
            "price": "145.18",
            "revenue": 160434
        },
        "2008-03": {
            "month": "2008-03",
            "price": "142.48",
            "revenue": 228907
        },
        "2008-04": {
            "month": "2008-04",
            "price": "168.19",
            "revenue": 218598
        },
        "2008-05": {
            "month": "2008-05",
            "price": "185.31",
            "revenue": 237206
        },
        "2008-06": {
            "month": "2008-06",
            "price": "176.38",
            "revenue": 225196
        },
        "2008-07": {
            "month": "2008-07",
            "price": "165.45",
            "revenue": 262496
        },
        "2008-08": {
            "month": "2008-08",
            "price": "174.62",
            "revenue": 237023
        },
        "2008-09": {
            "month": "2008-09",
            "price": "157.50",
            "revenue": 218927
        },
        "2008-10": {
            "month": "2008-10",
            "price": "109.21",
            "revenue": 200825
        },
        "2008-11": {
            "month": "2008-11",
            "price": "85.18",
            "revenue": 152648
        },
        "2008-12": {
            "month": "2008-12",
            "price": "83.41",
            "revenue": 186591
        },
        "2009-01": {
            "month": "2009-01",
            "price": "86.19",
            "revenue": 131408
        },
        "2009-02": {
            "month": "2009-02",
            "price": "95.67",
            "revenue": 132949
        },
        "2009-03": {
            "month": "2009-03",
            "price": "103.09",
            "revenue": 155580
        },
        "2009-04": {
            "month": "2009-04",
            "price": "114.57",
            "revenue": 185351
        },
        "2009-05": {
            "month": "2009-05",
            "price": "122.64",
            "revenue": 153835
        },
        "2009-06": {
            "month": "2009-06",
            "price": "107.89",
            "revenue": 185241
        },
        "2009-07": {
            "month": "2009-07",
            "price": "140.85",
            "revenue": 199432
        },
        "2009-08": {
            "month": "2009-08",
            "price": "172.18",
            "revenue": 200970
        },
        "2009-09": {
            "month": "2009-09",
            "price": "178.14",
            "revenue": 179113
        },
        "2009-10": {
            "month": "2009-10",
            "price": "168.75",
            "revenue": 213281
        },
        "2009-11": {
            "month": "2009-11",
            "price": "174.02",
            "revenue": 214316
        },
        "2009-12": {
            "month": "2009-12",
            "price": "169.26",
            "revenue": 230835
        },
        "2010-01": {
            "month": "2010-01",
            "price": "178.38",
            "revenue": 230636
        },
        "2010-02": {
            "month": "2010-02",
            "price": "171.61",
            "revenue": 178214
        },
        "2010-03": {
            "month": "2010-03",
            "price": "184.04",
            "revenue": 205946
        },
        "2010-04": {
            "month": "2010-04",
            "price": "190.29",
            "revenue": 205218
        },
        "2010-05": {
            "month": "2010-05",
            "price": "176.86",
            "revenue": 225302
        },
        "2010-06": {
            "month": "2010-06",
            "price": "173.31",
            "revenue": 236114
        },
        "2010-07": {
            "month": "2010-07",
            "price": "166.89",
            "revenue": 222188
        },
        "2010-08": {
            "month": "2010-08",
            "price": "161.68",
            "revenue": 201427
        },
        "2010-09": {
            "month": "2010-09",
            "price": "149.02",
            "revenue": 201910
        },
        "2010-10": {
            "month": "2010-10",
            "price": "145.40",
            "revenue": 218430
        },
        "2010-11": {
            "month": "2010-11",
            "price": "142.64",
            "revenue": 208807
        },
        "2010-12": {
            "month": "2010-12",
            "price": "149.76",
            "revenue": 216355
        },
        "2011-01": {
            "month": "2011-01",
            "price": "152.62",
            "revenue": 192384
        },
        "2011-02": {
            "month": "2011-02",
            "price": "154.00",
            "revenue": 164883
        },
        "2011-03": {
            "month": "2011-03",
            "price": "150.74",
            "revenue": 226084
        },
        "2011-04": {
            "month": "2011-04",
            "price": "150.45",
            "revenue": 203781
        },
        "2011-05": {
            "month": "2011-05",
            "price": "133.69",
            "revenue": 208995
        },
        "2011-06": {
            "month": "2011-06",
            "price": "127.17",
            "revenue": 204246
        },
        "2011-07": {
            "month": "2011-07",
            "price": "128.67",
            "revenue": 217404
        },
        "2011-08": {
            "month": "2011-08",
            "price": "115.00",
            "revenue": 221666
        },
        "2011-09": {
            "month": "2011-09",
            "price": "102.24",
            "revenue": 205451
        },
        "2011-10": {
            "month": "2011-10",
            "price": "112.65",
            "revenue": 231954
        },
        "2011-11": {
            "month": "2011-11",
            "price": "133.18",
            "revenue": 262387
        },
        "2011-12": {
            "month": "2011-12",
            "price": "138.41",
            "revenue": 278225
        },
        "2012-01": {
            "month": "2012-01",
            "price": "144.17",
            "revenue": 216425
        },
        "2012-02": {
            "month": "2012-02",
            "price": "155.58",
            "revenue": 236196
        },
        "2012-03": {
            "month": "2012-03",
            "price": "176.48",
            "revenue": 274795
        },
        "2012-04": {
            "month": "2012-04",
            "price": "166.52",
            "revenue": 293589
        },
        "2012-05": {
            "month": "2012-05",
            "price": "164.45",
            "revenue": 302528
        },
        "2012-06": {
            "month": "2012-06",
            "price": "168.62",
            "revenue": 293949
        },
        "2012-07": {
            "month": "2012-07",
            "price": "175.23",
            "revenue": 324536
        },
        "2012-08": {
            "month": "2012-08",
            "price": "172.84",
            "revenue": 304370
        },
        "2012-09": {
            "month": "2012-09",
            "price": "174.52",
            "revenue": 316864
        },
        "2012-10": {
            "month": "2012-10",
            "price": "167.75",
            "revenue": 336230
        },
        "2012-11": {
            "month": "2012-11",
            "price": "167.55",
            "revenue": 326088
        },
        "2012-12": {
            "month": "2012-12",
            "price": "175.79",
            "revenue": 365255
        },
        "2013-01": {
            "month": "2013-01",
            "price": "188.84",
            "revenue": 340269
        },
        "2013-02": {
            "month": "2013-02",
            "price": "195.50",
            "revenue": 218855
        },
        "2013-03": {
            "month": "2013-03",
            "price": "209.86",
            "revenue": 306546
        },
        "2013-04": {
            "month": "2013-04",
            "price": "242.12",
            "revenue": 335678
        },
        "2013-05": {
            "month": "2013-05",
            "price": "239.52",
            "revenue": 321997
        },
        "2013-06": {
            "month": "2013-06",
            "price": "228.16",
            "revenue": 321939
        },
        "2013-07": {
            "month": "2013-07",
            "price": "247.54",
            "revenue": 327507
        },
        "2013-08": {
            "month": "2013-08",
            "price": "259.67",
            "revenue": 333465
        },
        "2013-09": {
            "month": "2013-09",
            "price": "258.45",
            "revenue": 272615
        },
        "2013-10": {
            "month": "2013-10",
            "price": "263.52",
            "revenue": 337804
        },
        "2013-11": {
            "month": "2013-11",
            "price": "275.19",
            "revenue": 323074
        },
        "2013-12": {
            "month": "2013-12",
            "price": "325.18",
            "revenue": 330354
        },
        "2014-01": {
            "month": "2014-01",
            "price": "328.69",
            "revenue": 330030
        },
        "2014-02": {
            "month": "2014-02",
            "price": "333.74",
            "revenue": 314151
        },
        "2014-03": {
            "month": "2014-03",
            "price": "382.29",
            "revenue": 366303
        },
        "2014-04": {
            "month": "2014-04",
            "price": "405.31",
            "revenue": 377745
        },
        "2014-05": {
            "month": "2014-05",
            "price": "415.31",
            "revenue": 363292
        },
        "2014-06": {
            "month": "2014-06",
            "price": "419.38",
            "revenue": 324937
        },
        "2014-07": {
            "month": "2014-07",
            "price": "419.82",
            "revenue": 343170
        },
        "2014-08": {
            "month": "2014-08",
            "price": "390.64",
            "revenue": 318282
        },
        "2014-09": {
            "month": "2014-09",
            "price": "359.69",
            "revenue": 338473
        },
        "2014-10": {
            "month": "2014-10",
            "price": "375.86",
            "revenue": 392628
        },
        "2014-11": {
            "month": "2014-11",
            "price": "398.45",
            "revenue": 400072
        },
        "2014-12": {
            "month": "2014-12",
            "price": "386.77",
            "revenue": 414914
        },
        "2015-01": {
            "month": "2015-01",
            "price": "433.70",
            "revenue": 393955
        },
        "2015-02": {
            "month": "2015-02",
            "price": "487.31",
            "revenue": 301933
        },
        "2015-03": {
            "month": "2015-03",
            "price": "487.52",
            "revenue": 406114
        },
        "2015-04": {
            "month": "2015-04",
            "price": "472.75",
            "revenue": 428268
        },
        "2015-05": {
            "month": "2015-05",
            "price": "448.65",
            "revenue": 343263
        },
        "2015-06": {
            "month": "2015-06",
            "price": "426.81",
            "revenue": 346988
        },
        "2015-07": {
            "month": "2015-07",
            "price": "375.23",
            "revenue": 437890
        },
        "2015-08": {
            "month": "2015-08",
            "price": "394.95",
            "revenue": 361589
        },
        "2015-09": {
            "month": "2015-09",
            "price": "427.32",
            "revenue": 350462
        },
        "2015-10": {
            "month": "2015-10",
            "price": "427.33",
            "revenue": 353445
        },
        "2015-11": {
            "month": "2015-11",
            "price": "405.69",
            "revenue": 364830
        },
        "2015-12": {
            "month": "2015-12",
            "price": "423.83",
            "revenue": 409632
        },
        "2016-01": {
            "month": "2016-01",
            "price": "413.60",
            "revenue": 349898
        },
        "2016-02": {
            "month": "2016-02",
            "price": "416.42",
            "revenue": 245811
        },
        "2016-03": {
            "month": "2016-03",
            "price": "386.07",
            "revenue": 384725
        },
        "2016-04": {
            "month": "2016-04",
            "price": "373.00",
            "revenue": 335730
        },
        "2016-05": {
            "month": "2016-05",
            "price": "354.38",
            "revenue": 407956
        },
        "2016-06": {
            "month": "2016-06",
            "price": "361.19",
            "revenue": 351078
        },
        "2016-07": {
            "month": "2016-07",
            "price": "383.12",
            "revenue": 391711
        },
        "2016-08": {
            "month": "2016-08",
            "price": "378.63",
            "revenue": 400220
        },
        "2016-09": {
            "month": "2016-09",
            "price": "400.24",
            "revenue": 349493
        },
        "2016-10": {
            "month": "2016-10",
            "price": "389.50",
            "revenue": 402312
        },
        "2016-11": {
            "month": "2016-11",
            "price": "370.73",
            "revenue": 437120
        },
        "2016-12": {
            "month": "2016-12",
            "price": "393.48",
            "revenue": 410056
        },
        "2017-01": {
            "month": "2017-01",
            "price": "413.53",
            "revenue": 372715
        },
        "2017-02": {
            "month": "2017-02",
            "price": "414.67",
            "revenue": 322233
        },
        "2017-03": {
            "month": "2017-03",
            "price": "424.46",
            "revenue": 430805
        },
        "2017-04": {
            "month": "2017-04",
            "price": "435.92",
            "revenue": 283162
        },
        "2017-05": {
            "month": "2017-05",
            "price": "440.88",
            "revenue": 299750
        },
        "2017-06": {
            "month": "2017-06",
            "price": "430.87",
            "revenue": 301903
        },
        "2017-07": {
            "month": "2017-07",
            "price": "423.43",
            "revenue": 306925
        },
        "2017-08": {
            "month": "2017-08",
            "price": "408.24",
            "revenue": 323941
        },
        "2017-09": {
            "month": "2017-09",
            "price": "402.36",
            "revenue": 356015
        },
        "2017-10": {
            "month": "2017-10",
            "price": "407.63",
            "revenue": 339205
        },
        "2017-11": {
            "month": "2017-11",
            "price": "402.39",
            "revenue": 355588
        },
        "2017-12": {
            "month": "2017-12",
            "price": "400.31",
            "revenue": 418364
        },
        "2018-01": {
            "month": "2018-01",
            "price": "393.48",
            "revenue": 432164
        },
        "2018-02": {
            "month": "2018-02",
            "price": "410.50",
            "revenue": 307134
        },
        "2018-03": {
            "month": "2018-03",
            "price": "413.15",
            "revenue": 428868
        },
        "2018-04": {
            "month": "2018-04",
            "price": "417.53",
            "revenue": 348229
        },
        "2018-05": {
            "month": "2018-05",
            "price": "441.61",
            "revenue": 391031
        },
        "2018-06": {
            "month": "2018-06",
            "price": "433.00",
            "revenue": 298015
        },
        "2018-07": {
            "month": "2018-07",
            "price": "427.59",
            "revenue": 341916
        },
        "2018-08": {
            "month": "2018-08",
            "price": "412.41",
            "revenue": 358078
        },
        "2018-09": {
            "month": "2018-09",
            "price": "389.34",
            "revenue": 349566
        },
        "2018-10": {
            "month": "2018-10",
            "price": "358.52",
            "revenue": 418157
        },
        "2018-11": {
            "month": "2018-11",
            "price": "328.91",
            "revenue": 412727
        },
        "2018-12": {
            "month": "2018-12",
            "price": "322.43",
            "revenue": 349722
        },
        "2019-01": {
            "month": "2019-01",
            "price": "341.38",
            "revenue": 449571
        },
        "2019-02": {
            "month": "2019-02",
            "price": "337.62",
            "revenue": 285556
        },
        "2019-03": {
            "month": "2019-03",
            "price": "344.02",
            "revenue": 414329
        },
        "2019-04": {
            "month": "2019-04",
            "price": "330.00",
            "revenue": 365354
        },
        "2019-05": {
            "month": "2019-05",
            "price": "308.95",
            "revenue": 409168
        },
        "2019-06": {
            "month": "2019-06",
            "price": "297.55",
            "revenue": 329149
        },
        "2019-07": {
            "month": "2019-07",
            "price": "315.02",
            "revenue": 423182
        },
        "2019-08": {
            "month": "2019-08",
            "price": "334.02",
            "revenue": 383260
        },
        "2019-09": {
            "month": "2019-09",
            "price": "340.61",
            "revenue": 435886
        },
        "2019-10": {
            "month": "2019-10",
            "price": "362.07",
            "revenue": 478768
        },
        "2019-11": {
            "month": "2019-11",
            "price": "370.33",
            "revenue": 420842
        },
        "2019-12": {
            "month": "2019-12",
            "price": "352.39",
            "revenue": 473666
        },
        "2020-01": {
            "month": "2020-01",
            "price": "352.77",
            "revenue": 347704
        },
        "2020-02": {
            "month": "2020-02",
            "price": "358.84",
            "revenue": 382847
        },
        "2020-03": {
            "month": "2020-03",
            "price": "314.93",
            "revenue": 430569
        },
        "2020-04": {
            "month": "2020-04",
            "price": "299.62",
            "revenue": 370278
        },
        "2020-05": {
            "month": "2020-05",
            "price": "317.20",
            "revenue": 425418
        },
        "2020-06": {
            "month": "2020-06",
            "price": "338.78",
            "revenue": 382734
        },
        "2020-07": {
            "month": "2020-07",
            "price": "342.20",
            "revenue": 415964
        },
        "2020-08": {
            "month": "2020-08",
            "price": "328.88",
            "revenue": 423918
        },
        "2020-09": {
            "month": "2020-09",
            "price": "295.41",
            "revenue": 358052
        },
        "2020-10": {
            "month": "2020-10",
            "price": "287.00",
            "revenue": 371900
        },
        "2020-11": {
            "month": "2020-11",
            "price": "290.74",
            "revenue": 418681
        },
        "2020-12": {
            "month": "2020-12",
            "price": "300.43",
            "revenue": 473340
        },
        "2021-01": {
            "month": "2021-01",
            "price": "297.10",
            "revenue": 451859
        },
        "2021-02": {
            "month": "2021-02",
            "price": "313.58",
            "revenue": 349721
        },
        "2021-03": {
            "month": "2021-03",
            "price": "319.95",
            "revenue": 475181
        },
        "2021-04": {
            "month": "2021-04",
            "price": "346.18",
            "revenue": 508572
        },
        "2021-05": {
            "month": "2021-05",
            "price": "372.79",
            "revenue": 506542
        },
        "2021-06": {
            "month": "2021-06",
            "price": "396.17",
            "revenue": 474943
        },
        "2021-07": {
            "month": "2021-07",
            "price": "378.91",
            "revenue": 554402
        },
        "2021-08": {
            "month": "2021-08",
            "price": "366.09",
            "revenue": 656393
        },
        "2021-09": {
            "month": "2021-09",
            "price": "387.48",
            "revenue": 547398
        },
        "2021-10": {
            "month": "2021-10",
            "price": "389.25",
            "revenue": 587439
        },
        "2021-11": {
            "month": "2021-11",
            "price": "457.00",
            "revenue": 604776
        },
        "2021-12": {
            "month": "2021-12",
            "price": "495.32",
            "revenue": 624767
        },
        "2022-01": {
            "month": "2022-01",
            "price": "471.28",
            "revenue": 610647
        },
        "2022-02": {
            "month": "2022-02",
            "price": "450.07",
            "revenue": 458074
        },
        "2022-03": {
            "month": "2022-03",
            "price": "427.63",
            "revenue": 654801
        },
        "2022-04": {
            "month": "2022-04",
            "price": "419.74",
            "revenue": 616382
        },
        "2022-05": {
            "month": "2022-05",
            "price": "427.90",
            "revenue": 632711
        },
        "2022-06": {
            "month": "2022-06",
            "price": "429.19",
            "revenue": 687542
        },
        "2022-07": {
            "month": "2022-07",
            "price": "414.79",
            "revenue": 714280
        },
        "2022-08": {
            "month": "2022-08",
            "price": "463.57",
            "revenue": 723298
        },
        "2022-09": {
            "month": "2022-09",
            "price": "454.40",
            "revenue": 712808
        },
        "2022-10": {
            "month": "2022-10",
            "price": "433.35",
            "revenue": 721412
        },
        "2022-11": {
            "month": "2022-11",
            "price": "418.16",
            "revenue": 654596
        },
        "2022-12": {
            "month": "2022-12",
            "price": "398.59",
            "revenue": 612195
        },
        "2023-01": {
            "month": "2023-01",
            "price": "394.08",
            "revenue": 398876
        },
        "2023-02": {
            "month": "2023-02",
            "price": "399.39",
            "revenue": 301533
        },
        "2023-03": {
            "month": "2023-03",
            "price": "384.87",
            "revenue": 460898
        },
        "2023-04": {
            "month": "2023-04",
            "price": "406.85",
            "revenue": 441580
        }
    }
}
