{
    "summary": {
        "stock_name": "風青",
        "stock_id": "2061",
        "category": "電器電纜",
        "main_business": "漆包線、三層絕緣線、FIW、絞線、絲包線、膜包線、<br>鐵氟龍線、無骨架線圈製造。<br>一般貿易業務(許可業務除外)",
        "website_url": "http://www.fcm.com.tw",
        "ceo": "陳信宇",
        "pe_ratio": -19,
        "report_year_from": 2004,
        "report_year_to": 2023,
        "age": 20,
        "eps_negative_percentage": 53,
        "eps_growth_avg": {
            "last_all": -17.58,
            "last_2y": 0,
            "last_4y": 0,
            "last_8y": 0,
            "last_12y": -20,
            "last_16y": null,
            "last_20y": null,
            "at_2006_last_3y": null,
            "at_2007_last_3y": null,
            "at_2008_last_3y": null,
            "at_2009_last_3y": null,
            "at_2010_last_3y": null,
            "at_2011_last_3y": null,
            "at_2012_last_3y": null,
            "at_2013_last_3y": -67.5,
            "at_2014_last_3y": -100,
            "at_2015_last_3y": null,
            "at_2016_last_3y": null,
            "at_2017_last_3y": 100,
            "at_2018_last_3y": 0,
            "at_2019_last_3y": 0,
            "at_2020_last_3y": 0,
            "at_2021_last_3y": 0,
            "at_2022_last_3y": 0,
            "at_2023_last_3y": 0,
            "at_2024_last_3y": 0,
            "at_2006_last_all": null,
            "at_2007_last_all": null,
            "at_2008_last_all": null,
            "at_2009_last_all": -2.82,
            "at_2010_last_all": -13.54,
            "at_2011_last_all": -35.16,
            "at_2012_last_all": -35.16,
            "at_2013_last_all": -35.16,
            "at_2014_last_all": -35.16,
            "at_2015_last_all": -35.16,
            "at_2016_last_all": -35.16,
            "at_2017_last_all": -8.13,
            "at_2018_last_all": -23.44,
            "at_2019_last_all": -23.44,
            "at_2020_last_all": -23.44,
            "at_2021_last_all": -5.8,
            "at_2022_last_all": -17.58,
            "at_2023_last_all": -17.58,
            "at_2024_last_all": -17.58
        },
        "latest_eps": -0.92,
        "latest_price": 17.05,
        "latest_roe": -8.27,
        "latest_gross_margin": 1.27,
        "latest_equity": 509287,
        "latest_revenue": 224529,
        "latest_gross_profit": 2859,
        "latest_net_income": 11234,
        "latest_debt_ratio": 52.49,
        "latest_current_ratio": 153.88,
        "latest_account_receivable_turnover_ratio": 0.69,
        "latest_inventory_turnover_ratio": 1.25,
        "latest_reinvestment_rate": 131.66,
        "latest_research_to_sale_ratio": null
    },
    "eps_dividends": {
        "2001": {
            "cash": 0,
            "stock": 0,
            "eps": 0
        },
        "2002": {
            "cash": 0,
            "stock": 0,
            "eps": 0
        },
        "2003": {
            "cash": 0,
            "stock": 0,
            "eps": 0
        },
        "2004": {
            "cash": 0,
            "stock": 0,
            "eps": 0
        },
        "2005": {
            "cash": 0.5,
            "stock": 0.5,
            "eps": 0
        },
        "2006": {
            "cash": 0,
            "stock": 0.3,
            "eps": 1.95
        },
        "2007": {
            "cash": 0,
            "stock": 1,
            "eps": 1.61
        },
        "2008": {
            "cash": 0.26,
            "stock": 0,
            "eps": 0
        },
        "2009": {
            "cash": 0.7,
            "stock": 0,
            "eps": 1.8
        },
        "2010": {
            "cash": 0.8,
            "stock": 0.2,
            "eps": 1.17
        },
        "2011": {
            "cash": 1,
            "stock": 0,
            "eps": -0.24
        },
        "2012": {
            "cash": 0,
            "stock": 0.2,
            "eps": -0.62
        },
        "2013": {
            "cash": 0,
            "stock": 0,
            "eps": -1.33
        },
        "2014": {
            "cash": 0,
            "stock": 0,
            "eps": -0.59
        },
        "2015": {
            "cash": 0,
            "stock": 0,
            "eps": -1.5
        },
        "2016": {
            "cash": 0,
            "stock": 0,
            "eps": 0.07
        },
        "2017": {
            "cash": 0,
            "stock": 0,
            "eps": 0.49
        },
        "2018": {
            "cash": 0,
            "stock": 0,
            "eps": -0.34
        },
        "2019": {
            "cash": 0,
            "stock": 0,
            "eps": -0.18
        },
        "2020": {
            "cash": 0,
            "stock": 0,
            "eps": 0.12
        },
        "2021": {
            "cash": 0,
            "stock": 0,
            "eps": 2.37
        },
        "2022": {
            "cash": 1,
            "stock": 0,
            "eps": -1.57
        },
        "2023": {
            "cash": 0,
            "stock": 0,
            "eps": -0.02
        }
    },
    "dividends": {
        "2005-04-29": {
            "cash": 0.5,
            "stock": 0.5
        },
        "2006-05-09": {
            "cash": 0,
            "stock": 0.3
        },
        "2007-04-27": {
            "cash": 0,
            "stock": 1
        },
        "2008-04-09": {
            "cash": 0.26,
            "stock": 0
        },
        "2009-04-07": {
            "cash": 0.7,
            "stock": 0
        },
        "2010-03-26": {
            "cash": 0.8,
            "stock": 0.2
        },
        "2011-04-15": {
            "cash": 1,
            "stock": 0
        },
        "2012-03-21": {
            "cash": 0,
            "stock": 0.2
        },
        "2022-08-05": {
            "cash": 1,
            "stock": 0
        }
    },
    "prices": {
        "200101": "無",
        "200102": "無",
        "200103": "無",
        "200104": "無",
        "200105": "無",
        "200106": "無",
        "200107": "無",
        "200108": "無",
        "200109": "無",
        "200110": "無",
        "200111": "無",
        "200112": "無",
        "200201": "無",
        "200202": "無",
        "200203": "無",
        "200204": "無",
        "200205": "無",
        "200206": "無",
        "200207": "無",
        "200208": "無",
        "200209": "無",
        "200210": "無",
        "200211": "無",
        "200212": "無",
        "200301": "無",
        "200302": "無",
        "200303": "無",
        "200304": "無",
        "200305": "無",
        "200306": "無",
        "200307": "無",
        "200308": "無",
        "200309": "無",
        "200310": "無",
        "200311": "無",
        "200312": "無",
        "200401": "無",
        "200402": "無",
        "200403": "無",
        "200404": "無",
        "200405": "無",
        "200406": "無",
        "200407": "無",
        "200408": "無",
        "200409": "無",
        "200410": "無",
        "200411": "無",
        "200412": "無",
        "200501": "無",
        "200502": "無",
        "200503": "12.03",
        "200504": "13.81",
        "200505": "13.47",
        "200506": "13.02",
        "200507": "13.57",
        "200508": "無",
        "200509": "無",
        "200510": "無",
        "200511": "無",
        "200512": "無",
        "200601": "無",
        "200602": "13.84",
        "200603": "14.36",
        "200604": "無",
        "200605": "15.34",
        "200606": "15.00",
        "200607": "15.09",
        "200608": "15.00",
        "200609": "15.49",
        "200610": "15.95",
        "200611": "16.20",
        "200612": "17.22",
        "200701": "16.95",
        "200702": "17.48",
        "200703": "17.44",
        "200704": "19.59",
        "200705": "19.33",
        "200706": "18.29",
        "200707": "15.61",
        "200708": "無",
        "200709": "無",
        "200710": "14.58",
        "200711": "無",
        "200712": "13.25",
        "200801": "11.66",
        "200802": "10.88",
        "200803": "11.68",
        "200804": "11.16",
        "200805": "11.73",
        "200806": "11.24",
        "200807": "11.50",
        "200808": "無",
        "200809": "13.15",
        "200810": "10.13",
        "200811": "9.69",
        "200812": "10.03",
        "200901": "無",
        "200902": "無",
        "200903": "無",
        "200904": "9.57",
        "200905": "9.65",
        "200906": "9.54",
        "200907": "9.17",
        "200908": "10.21",
        "200909": "10.10",
        "200910": "10.85",
        "200911": "12.46",
        "200912": "13.23",
        "201001": "13.36",
        "201002": "13.64",
        "201003": "13.78",
        "201004": "14.75",
        "201005": "21.26",
        "201006": "21.80",
        "201007": "23.42",
        "201008": "22.83",
        "201009": "24.85",
        "201010": "20.93",
        "201011": "18.76",
        "201012": "17.74",
        "201101": "17.95",
        "201102": "18.00",
        "201103": "17.34",
        "201104": "17.03",
        "201105": "17.47",
        "201106": "17.78",
        "201107": "17.01",
        "201108": "19.65",
        "201109": "27.51",
        "201110": "25.03",
        "201111": "26.35",
        "201112": "28.51",
        "201201": "28.11",
        "201202": "31.64",
        "201203": "30.60",
        "201204": "28.53",
        "201205": "27.85",
        "201206": "28.11",
        "201207": "28.94",
        "201208": "29.03",
        "201209": "30.22",
        "201210": "26.64",
        "201211": "24.80",
        "201212": "23.53",
        "201301": "23.42",
        "201302": "23.03",
        "201303": "21.23",
        "201304": "17.58",
        "201305": "17.88",
        "201306": "18.08",
        "201307": "16.73",
        "201308": "15.43",
        "201309": "14.89",
        "201310": "13.74",
        "201311": "13.18",
        "201312": "14.01",
        "201401": "16.30",
        "201402": "24.37",
        "201403": "28.75",
        "201404": "27.76",
        "201405": "25.53",
        "201406": "23.72",
        "201407": "20.52",
        "201408": "18.20",
        "201409": "18.64",
        "201410": "17.95",
        "201411": "18.56",
        "201412": "20.06",
        "201501": "20.05",
        "201502": "18.25",
        "201503": "18.54",
        "201504": "18.52",
        "201505": "15.74",
        "201506": "13.83",
        "201507": "13.31",
        "201508": "11.06",
        "201509": "11.25",
        "201510": "11.12",
        "201511": "13.08",
        "201512": "12.37",
        "201601": "10.62",
        "201602": "11.20",
        "201603": "11.33",
        "201604": "10.39",
        "201605": "9.63",
        "201606": "9.06",
        "201607": "7.94",
        "201608": "7.78",
        "201609": "7.97",
        "201610": "7.74",
        "201611": "8.00",
        "201612": "8.70",
        "201701": "8.70",
        "201702": "9.59",
        "201703": "9.36",
        "201704": "9.51",
        "201705": "9.54",
        "201706": "10.21",
        "201707": "10.48",
        "201708": "10.69",
        "201709": "11.17",
        "201710": "11.38",
        "201711": "11.11",
        "201712": "11.11",
        "201801": "12.43",
        "201802": "12.25",
        "201803": "12.27",
        "201804": "12.28",
        "201805": "12.06",
        "201806": "11.90",
        "201807": "11.80",
        "201808": "11.44",
        "201809": "10.78",
        "201810": "10.18",
        "201811": "9.46",
        "201812": "9.69",
        "201901": "9.58",
        "201902": "9.47",
        "201903": "9.12",
        "201904": "9.12",
        "201905": "9.27",
        "201906": "9.03",
        "201907": "9.97",
        "201908": "9.82",
        "201909": "9.56",
        "201910": "9.34",
        "201911": "12.52",
        "201912": "14.03",
        "202001": "10.43",
        "202002": "9.64",
        "202003": "8.43",
        "202004": "7.17",
        "202005": "7.92",
        "202006": "8.20",
        "202007": "8.41",
        "202008": "8.76",
        "202009": "10.30",
        "202010": "11.84",
        "202011": "12.03",
        "202012": "13.58",
        "202101": "16.66",
        "202102": "25.61",
        "202103": "27.42",
        "202104": "25.90",
        "202105": "20.48",
        "202106": "20.10",
        "202107": "20.66",
        "202108": "19.91",
        "202109": "19.85",
        "202110": "18.54",
        "202111": "19.58",
        "202112": "21.68",
        "202201": "23.62",
        "202202": "21.93",
        "202203": "19.82",
        "202204": "19.64",
        "202205": "18.66",
        "202206": "18.35",
        "202207": "18.46",
        "202208": "17.99",
        "202209": "25.35",
        "202210": "25.20",
        "202211": "25.56",
        "202212": "25.58",
        "202301": "25.01",
        "202302": "26.26",
        "202303": "24.73",
        "202304": "21.14",
        "202305": "20.80",
        "202306": "19.64",
        "202307": "18.67",
        "202308": "16.99",
        "202309": "15.83",
        "202310": "15.52",
        "202311": "14.97",
        "202312": "16.81"
    },
    "quarters": {
        "20011": {
            "year_quarter": 20011,
            "year": 2001,
            "quarter": 1,
            "eps": null,
            "eps_growth_year": null,
            "eps_4q": null,
            "eps_4q_growth_year": null,
            "roe": null,
            "roe_4q": 0,
            "gross_profit": null,
            "gross_margin": null,
            "gross_margin_4q_avg": 0,
            "net_income": null,
            "net_income_4q": null,
            "revenue": null,
            "revenue_4q": null,
            "common_shares": null,
            "book_valuer_per_share": null,
            "book_valuer_per_share_4q_avg": 0,
            "equity": null,
            "current_ratio": null,
            "debt_ratio": null,
            "inventory_turnover_ratio": null,
            "account_receivable_turnover_ratio": null,
            "reinvestment_rate": null,
            "research_to_sale_ratio": null,
            "price_fair": 0,
            "eps_avg_yearly": 0,
            "eps_latest_yearly": 0,
            "eps_growth_yearly": 0
        },
        "20012": {
            "year_quarter": 20012,
            "year": 2001,
            "quarter": 2,
            "eps": null,
            "eps_growth_year": null,
            "eps_4q": null,
            "eps_4q_growth_year": null,
            "roe": null,
            "roe_4q": 0,
            "gross_profit": null,
            "gross_margin": null,
            "gross_margin_4q_avg": 0,
            "net_income": null,
            "net_income_4q": null,
            "revenue": null,
            "revenue_4q": null,
            "common_shares": null,
            "book_valuer_per_share": null,
            "book_valuer_per_share_4q_avg": 0,
            "equity": null,
            "current_ratio": null,
            "debt_ratio": null,
            "inventory_turnover_ratio": null,
            "account_receivable_turnover_ratio": null,
            "reinvestment_rate": null,
            "research_to_sale_ratio": null,
            "price_fair": 0,
            "eps_avg_yearly": 0,
            "eps_latest_yearly": 0,
            "eps_growth_yearly": 0
        },
        "20013": {
            "year_quarter": 20013,
            "year": 2001,
            "quarter": 3,
            "eps": null,
            "eps_growth_year": null,
            "eps_4q": null,
            "eps_4q_growth_year": null,
            "roe": null,
            "roe_4q": 0,
            "gross_profit": null,
            "gross_margin": null,
            "gross_margin_4q_avg": 0,
            "net_income": null,
            "net_income_4q": null,
            "revenue": null,
            "revenue_4q": null,
            "common_shares": null,
            "book_valuer_per_share": null,
            "book_valuer_per_share_4q_avg": 0,
            "equity": null,
            "current_ratio": null,
            "debt_ratio": null,
            "inventory_turnover_ratio": null,
            "account_receivable_turnover_ratio": null,
            "reinvestment_rate": null,
            "research_to_sale_ratio": null,
            "price_fair": 0,
            "eps_avg_yearly": 0,
            "eps_latest_yearly": 0,
            "eps_growth_yearly": 0
        },
        "20014": {
            "year_quarter": 20014,
            "year": 2001,
            "quarter": 4,
            "eps": null,
            "eps_growth_year": null,
            "eps_4q": null,
            "eps_4q_growth_year": null,
            "roe": null,
            "roe_4q": 0,
            "gross_profit": null,
            "gross_margin": null,
            "gross_margin_4q_avg": 0,
            "net_income": null,
            "net_income_4q": null,
            "revenue": null,
            "revenue_4q": null,
            "common_shares": 130000,
            "book_valuer_per_share": 11.56,
            "book_valuer_per_share_4q_avg": 2.89,
            "equity": 150271,
            "current_ratio": 98.82,
            "debt_ratio": 70.08,
            "inventory_turnover_ratio": null,
            "account_receivable_turnover_ratio": null,
            "reinvestment_rate": null,
            "research_to_sale_ratio": null,
            "price_fair": 0,
            "eps_avg_yearly": 0,
            "eps_latest_yearly": 0,
            "eps_growth_yearly": 0
        },
        "20021": {
            "year_quarter": 20021,
            "year": 2002,
            "quarter": 1,
            "eps": null,
            "eps_growth_year": null,
            "eps_4q": null,
            "eps_4q_growth_year": null,
            "roe": null,
            "roe_4q": 0,
            "gross_profit": null,
            "gross_margin": null,
            "gross_margin_4q_avg": 0,
            "net_income": null,
            "net_income_4q": null,
            "revenue": null,
            "revenue_4q": null,
            "common_shares": null,
            "book_valuer_per_share": null,
            "book_valuer_per_share_4q_avg": 2.89,
            "equity": null,
            "current_ratio": null,
            "debt_ratio": null,
            "inventory_turnover_ratio": null,
            "account_receivable_turnover_ratio": null,
            "reinvestment_rate": null,
            "research_to_sale_ratio": null,
            "price_fair": 0,
            "eps_avg_yearly": 0,
            "eps_latest_yearly": 0,
            "eps_growth_yearly": 0
        },
        "20022": {
            "year_quarter": 20022,
            "year": 2002,
            "quarter": 2,
            "eps": null,
            "eps_growth_year": null,
            "eps_4q": null,
            "eps_4q_growth_year": null,
            "roe": null,
            "roe_4q": 0,
            "gross_profit": null,
            "gross_margin": null,
            "gross_margin_4q_avg": 0,
            "net_income": null,
            "net_income_4q": null,
            "revenue": null,
            "revenue_4q": null,
            "common_shares": null,
            "book_valuer_per_share": null,
            "book_valuer_per_share_4q_avg": 2.89,
            "equity": null,
            "current_ratio": null,
            "debt_ratio": null,
            "inventory_turnover_ratio": null,
            "account_receivable_turnover_ratio": null,
            "reinvestment_rate": null,
            "research_to_sale_ratio": null,
            "price_fair": 0,
            "eps_avg_yearly": 0,
            "eps_latest_yearly": 0,
            "eps_growth_yearly": 0
        },
        "20023": {
            "year_quarter": 20023,
            "year": 2002,
            "quarter": 3,
            "eps": null,
            "eps_growth_year": null,
            "eps_4q": null,
            "eps_4q_growth_year": null,
            "roe": null,
            "roe_4q": 0,
            "gross_profit": null,
            "gross_margin": null,
            "gross_margin_4q_avg": 0,
            "net_income": null,
            "net_income_4q": null,
            "revenue": null,
            "revenue_4q": null,
            "common_shares": null,
            "book_valuer_per_share": null,
            "book_valuer_per_share_4q_avg": 2.89,
            "equity": null,
            "current_ratio": null,
            "debt_ratio": null,
            "inventory_turnover_ratio": null,
            "account_receivable_turnover_ratio": null,
            "reinvestment_rate": null,
            "research_to_sale_ratio": null,
            "price_fair": 0,
            "eps_avg_yearly": 0,
            "eps_latest_yearly": 0,
            "eps_growth_yearly": 0
        },
        "20024": {
            "year_quarter": 20024,
            "year": 2002,
            "quarter": 4,
            "eps": null,
            "eps_growth_year": null,
            "eps_4q": null,
            "eps_4q_growth_year": null,
            "roe": null,
            "roe_4q": 0,
            "gross_profit": null,
            "gross_margin": null,
            "gross_margin_4q_avg": 0,
            "net_income": null,
            "net_income_4q": null,
            "revenue": null,
            "revenue_4q": null,
            "common_shares": 150000,
            "book_valuer_per_share": 9.81,
            "book_valuer_per_share_4q_avg": 2.45,
            "equity": 147106,
            "current_ratio": 98.3,
            "debt_ratio": 73.72,
            "inventory_turnover_ratio": null,
            "account_receivable_turnover_ratio": null,
            "reinvestment_rate": null,
            "research_to_sale_ratio": null,
            "price_fair": 0,
            "eps_avg_yearly": 0,
            "eps_latest_yearly": 0,
            "eps_growth_yearly": 0
        },
        "20031": {
            "year_quarter": 20031,
            "year": 2003,
            "quarter": 1,
            "eps": null,
            "eps_growth_year": null,
            "eps_4q": null,
            "eps_4q_growth_year": null,
            "roe": null,
            "roe_4q": 0,
            "gross_profit": null,
            "gross_margin": null,
            "gross_margin_4q_avg": 0,
            "net_income": null,
            "net_income_4q": null,
            "revenue": null,
            "revenue_4q": null,
            "common_shares": null,
            "book_valuer_per_share": null,
            "book_valuer_per_share_4q_avg": 2.45,
            "equity": null,
            "current_ratio": null,
            "debt_ratio": null,
            "inventory_turnover_ratio": null,
            "account_receivable_turnover_ratio": null,
            "reinvestment_rate": null,
            "research_to_sale_ratio": null,
            "price_fair": 0,
            "eps_avg_yearly": 0,
            "eps_latest_yearly": 0,
            "eps_growth_yearly": 0
        },
        "20032": {
            "year_quarter": 20032,
            "year": 2003,
            "quarter": 2,
            "eps": null,
            "eps_growth_year": null,
            "eps_4q": null,
            "eps_4q_growth_year": null,
            "roe": null,
            "roe_4q": 0,
            "gross_profit": null,
            "gross_margin": null,
            "gross_margin_4q_avg": 0,
            "net_income": null,
            "net_income_4q": null,
            "revenue": null,
            "revenue_4q": null,
            "common_shares": null,
            "book_valuer_per_share": null,
            "book_valuer_per_share_4q_avg": 2.45,
            "equity": null,
            "current_ratio": null,
            "debt_ratio": null,
            "inventory_turnover_ratio": null,
            "account_receivable_turnover_ratio": null,
            "reinvestment_rate": null,
            "research_to_sale_ratio": null,
            "price_fair": 0,
            "eps_avg_yearly": 0,
            "eps_latest_yearly": 0,
            "eps_growth_yearly": 0
        },
        "20033": {
            "year_quarter": 20033,
            "year": 2003,
            "quarter": 3,
            "eps": null,
            "eps_growth_year": null,
            "eps_4q": null,
            "eps_4q_growth_year": null,
            "roe": null,
            "roe_4q": 0,
            "gross_profit": null,
            "gross_margin": null,
            "gross_margin_4q_avg": 0,
            "net_income": null,
            "net_income_4q": null,
            "revenue": null,
            "revenue_4q": null,
            "common_shares": null,
            "book_valuer_per_share": null,
            "book_valuer_per_share_4q_avg": 2.45,
            "equity": null,
            "current_ratio": null,
            "debt_ratio": null,
            "inventory_turnover_ratio": null,
            "account_receivable_turnover_ratio": null,
            "reinvestment_rate": null,
            "research_to_sale_ratio": null,
            "price_fair": 0,
            "eps_avg_yearly": 0,
            "eps_latest_yearly": 0,
            "eps_growth_yearly": 0
        },
        "20034": {
            "year_quarter": 20034,
            "year": 2003,
            "quarter": 4,
            "eps": null,
            "eps_growth_year": null,
            "eps_4q": null,
            "eps_4q_growth_year": null,
            "roe": null,
            "roe_4q": 0,
            "gross_profit": null,
            "gross_margin": null,
            "gross_margin_4q_avg": 0,
            "net_income": null,
            "net_income_4q": null,
            "revenue": null,
            "revenue_4q": null,
            "common_shares": 160000,
            "book_valuer_per_share": 10.78,
            "book_valuer_per_share_4q_avg": 2.7,
            "equity": 172437,
            "current_ratio": 104.8,
            "debt_ratio": 75.16,
            "inventory_turnover_ratio": null,
            "account_receivable_turnover_ratio": null,
            "reinvestment_rate": null,
            "research_to_sale_ratio": null,
            "price_fair": 0,
            "eps_avg_yearly": 0,
            "eps_latest_yearly": 0,
            "eps_growth_yearly": 0
        },
        "20041": {
            "year_quarter": 20041,
            "year": 2004,
            "quarter": 1,
            "eps": null,
            "eps_growth_year": null,
            "eps_4q": null,
            "eps_4q_growth_year": null,
            "roe": null,
            "roe_4q": 0,
            "gross_profit": null,
            "gross_margin": null,
            "gross_margin_4q_avg": 0,
            "net_income": null,
            "net_income_4q": null,
            "revenue": null,
            "revenue_4q": null,
            "common_shares": null,
            "book_valuer_per_share": null,
            "book_valuer_per_share_4q_avg": 2.7,
            "equity": null,
            "current_ratio": null,
            "debt_ratio": null,
            "inventory_turnover_ratio": null,
            "account_receivable_turnover_ratio": null,
            "reinvestment_rate": null,
            "research_to_sale_ratio": null,
            "price_fair": 0,
            "eps_avg_yearly": 0,
            "eps_latest_yearly": 0,
            "eps_growth_yearly": 0
        },
        "20042": {
            "year_quarter": 20042,
            "year": 2004,
            "quarter": 2,
            "eps": null,
            "eps_growth_year": null,
            "eps_4q": null,
            "eps_4q_growth_year": null,
            "roe": null,
            "roe_4q": 0,
            "gross_profit": null,
            "gross_margin": null,
            "gross_margin_4q_avg": 0,
            "net_income": null,
            "net_income_4q": null,
            "revenue": null,
            "revenue_4q": null,
            "common_shares": null,
            "book_valuer_per_share": null,
            "book_valuer_per_share_4q_avg": 2.7,
            "equity": null,
            "current_ratio": null,
            "debt_ratio": null,
            "inventory_turnover_ratio": null,
            "account_receivable_turnover_ratio": null,
            "reinvestment_rate": null,
            "research_to_sale_ratio": null,
            "price_fair": 0,
            "eps_avg_yearly": 0,
            "eps_latest_yearly": 0,
            "eps_growth_yearly": 0
        },
        "20043": {
            "year_quarter": 20043,
            "year": 2004,
            "quarter": 3,
            "eps": null,
            "eps_growth_year": null,
            "eps_4q": null,
            "eps_4q_growth_year": null,
            "roe": null,
            "roe_4q": 0,
            "gross_profit": null,
            "gross_margin": null,
            "gross_margin_4q_avg": 0,
            "net_income": null,
            "net_income_4q": null,
            "revenue": null,
            "revenue_4q": null,
            "common_shares": null,
            "book_valuer_per_share": null,
            "book_valuer_per_share_4q_avg": 2.7,
            "equity": null,
            "current_ratio": null,
            "debt_ratio": null,
            "inventory_turnover_ratio": null,
            "account_receivable_turnover_ratio": null,
            "reinvestment_rate": null,
            "research_to_sale_ratio": null,
            "price_fair": 0,
            "eps_avg_yearly": 0,
            "eps_latest_yearly": 0,
            "eps_growth_yearly": 0
        },
        "20044": {
            "year_quarter": 20044,
            "year": 2004,
            "quarter": 4,
            "eps": null,
            "eps_growth_year": null,
            "eps_4q": null,
            "eps_4q_growth_year": null,
            "roe": null,
            "roe_4q": 0,
            "gross_profit": null,
            "gross_margin": null,
            "gross_margin_4q_avg": 0,
            "net_income": null,
            "net_income_4q": null,
            "revenue": null,
            "revenue_4q": null,
            "common_shares": 230000,
            "book_valuer_per_share": 11.21,
            "book_valuer_per_share_4q_avg": 2.8,
            "equity": 257835,
            "current_ratio": 119.28,
            "debt_ratio": 73.64,
            "inventory_turnover_ratio": null,
            "account_receivable_turnover_ratio": null,
            "reinvestment_rate": null,
            "research_to_sale_ratio": null,
            "price_fair": 0,
            "eps_avg_yearly": 0,
            "eps_latest_yearly": 0,
            "eps_growth_yearly": 0
        },
        "20051": {
            "year_quarter": 20051,
            "year": 2005,
            "quarter": 1,
            "eps": null,
            "eps_growth_year": null,
            "eps_4q": null,
            "eps_4q_growth_year": null,
            "roe": null,
            "roe_4q": 0,
            "gross_profit": null,
            "gross_margin": null,
            "gross_margin_4q_avg": 0,
            "net_income": null,
            "net_income_4q": null,
            "revenue": null,
            "revenue_4q": null,
            "common_shares": null,
            "book_valuer_per_share": null,
            "book_valuer_per_share_4q_avg": 2.8,
            "equity": null,
            "current_ratio": null,
            "debt_ratio": null,
            "inventory_turnover_ratio": null,
            "account_receivable_turnover_ratio": null,
            "reinvestment_rate": null,
            "research_to_sale_ratio": null,
            "price_fair": 0,
            "eps_avg_yearly": 0,
            "eps_latest_yearly": 0,
            "eps_growth_yearly": 0
        },
        "20052": {
            "year_quarter": 20052,
            "year": 2005,
            "quarter": 2,
            "eps": null,
            "eps_growth_year": null,
            "eps_4q": null,
            "eps_4q_growth_year": null,
            "roe": null,
            "roe_4q": 0,
            "gross_profit": null,
            "gross_margin": null,
            "gross_margin_4q_avg": 0,
            "net_income": null,
            "net_income_4q": null,
            "revenue": null,
            "revenue_4q": null,
            "common_shares": null,
            "book_valuer_per_share": null,
            "book_valuer_per_share_4q_avg": 2.8,
            "equity": null,
            "current_ratio": null,
            "debt_ratio": null,
            "inventory_turnover_ratio": null,
            "account_receivable_turnover_ratio": null,
            "reinvestment_rate": null,
            "research_to_sale_ratio": null,
            "price_fair": 0,
            "eps_avg_yearly": 0,
            "eps_latest_yearly": 0,
            "eps_growth_yearly": 0
        },
        "20053": {
            "year_quarter": 20053,
            "year": 2005,
            "quarter": 3,
            "eps": null,
            "eps_growth_year": null,
            "eps_4q": null,
            "eps_4q_growth_year": null,
            "roe": null,
            "roe_4q": 0,
            "gross_profit": null,
            "gross_margin": null,
            "gross_margin_4q_avg": 0,
            "net_income": null,
            "net_income_4q": null,
            "revenue": null,
            "revenue_4q": null,
            "common_shares": null,
            "book_valuer_per_share": null,
            "book_valuer_per_share_4q_avg": 2.8,
            "equity": null,
            "current_ratio": null,
            "debt_ratio": null,
            "inventory_turnover_ratio": null,
            "account_receivable_turnover_ratio": null,
            "reinvestment_rate": null,
            "research_to_sale_ratio": null,
            "price_fair": 0,
            "eps_avg_yearly": 0,
            "eps_latest_yearly": 0,
            "eps_growth_yearly": 0
        },
        "20054": {
            "year_quarter": 20054,
            "year": 2005,
            "quarter": 4,
            "eps": null,
            "eps_growth_year": null,
            "eps_4q": null,
            "eps_4q_growth_year": null,
            "roe": null,
            "roe_4q": 0,
            "gross_profit": null,
            "gross_margin": null,
            "gross_margin_4q_avg": 0,
            "net_income": null,
            "net_income_4q": null,
            "revenue": null,
            "revenue_4q": null,
            "common_shares": 271500,
            "book_valuer_per_share": 11.97,
            "book_valuer_per_share_4q_avg": 2.99,
            "equity": 324983,
            "current_ratio": 122.08,
            "debt_ratio": 73.91,
            "inventory_turnover_ratio": null,
            "account_receivable_turnover_ratio": null,
            "reinvestment_rate": null,
            "research_to_sale_ratio": null,
            "price_fair": 0,
            "eps_avg_yearly": 0,
            "eps_latest_yearly": 0,
            "eps_growth_yearly": 0
        },
        "20061": {
            "year_quarter": 20061,
            "year": 2006,
            "quarter": 1,
            "eps": 0.55,
            "eps_growth_year": null,
            "eps_4q": null,
            "eps_4q_growth_year": null,
            "roe": 4.53,
            "roe_4q": 4.53,
            "gross_profit": 23224,
            "gross_margin": 4.19,
            "gross_margin_4q_avg": 1.05,
            "net_income": 15043,
            "net_income_4q": null,
            "revenue": 554791,
            "revenue_4q": null,
            "common_shares": 271500,
            "book_valuer_per_share": 12.47,
            "book_valuer_per_share_4q_avg": 6.11,
            "equity": 338534,
            "current_ratio": 122.08,
            "debt_ratio": 70.46,
            "inventory_turnover_ratio": 4.28,
            "account_receivable_turnover_ratio": null,
            "reinvestment_rate": null,
            "research_to_sale_ratio": null,
            "price_fair": 0,
            "eps_avg_yearly": 0,
            "eps_latest_yearly": 0,
            "eps_growth_yearly": 0
        },
        "20062": {
            "year_quarter": 20062,
            "year": 2006,
            "quarter": 2,
            "eps": 1.4,
            "eps_growth_year": null,
            "eps_4q": null,
            "eps_4q_growth_year": null,
            "roe": 10.54,
            "roe_4q": 15.07,
            "gross_profit": 66967,
            "gross_margin": 10.8,
            "gross_margin_4q_avg": 3.75,
            "net_income": 37910,
            "net_income_4q": null,
            "revenue": 619893,
            "revenue_4q": null,
            "common_shares": 271500,
            "book_valuer_per_share": 14.02,
            "book_valuer_per_share_4q_avg": 9.62,
            "equity": 380637,
            "current_ratio": 123.41,
            "debt_ratio": 67.8,
            "inventory_turnover_ratio": 10.84,
            "account_receivable_turnover_ratio": null,
            "reinvestment_rate": null,
            "research_to_sale_ratio": null,
            "price_fair": 196,
            "eps_avg_yearly": 5.6,
            "eps_latest_yearly": 5.6,
            "eps_growth_yearly": 618.18
        },
        "20063": {
            "year_quarter": 20063,
            "year": 2006,
            "quarter": 3,
            "eps": null,
            "eps_growth_year": null,
            "eps_4q": null,
            "eps_4q_growth_year": null,
            "roe": null,
            "roe_4q": 15.07,
            "gross_profit": null,
            "gross_margin": null,
            "gross_margin_4q_avg": 3.75,
            "net_income": null,
            "net_income_4q": null,
            "revenue": null,
            "revenue_4q": null,
            "common_shares": null,
            "book_valuer_per_share": null,
            "book_valuer_per_share_4q_avg": 9.62,
            "equity": null,
            "current_ratio": null,
            "debt_ratio": null,
            "inventory_turnover_ratio": null,
            "account_receivable_turnover_ratio": null,
            "reinvestment_rate": null,
            "research_to_sale_ratio": null,
            "price_fair": 196,
            "eps_avg_yearly": 5.6,
            "eps_latest_yearly": 5.6,
            "eps_growth_yearly": 618.18
        },
        "20064": {
            "year_quarter": 20064,
            "year": 2006,
            "quarter": 4,
            "eps": null,
            "eps_growth_year": null,
            "eps_4q": null,
            "eps_4q_growth_year": null,
            "roe": null,
            "roe_4q": 15.07,
            "gross_profit": null,
            "gross_margin": null,
            "gross_margin_4q_avg": 3.75,
            "net_income": null,
            "net_income_4q": null,
            "revenue": null,
            "revenue_4q": null,
            "common_shares": 279645,
            "book_valuer_per_share": 13.03,
            "book_valuer_per_share_4q_avg": 9.88,
            "equity": 364446,
            "current_ratio": 117.29,
            "debt_ratio": 76.61,
            "inventory_turnover_ratio": null,
            "account_receivable_turnover_ratio": null,
            "reinvestment_rate": null,
            "research_to_sale_ratio": null,
            "price_fair": 196,
            "eps_avg_yearly": 5.6,
            "eps_latest_yearly": 5.6,
            "eps_growth_yearly": 618.18
        },
        "20071": {
            "year_quarter": 20071,
            "year": 2007,
            "quarter": 1,
            "eps": 0.44,
            "eps_growth_year": -20,
            "eps_4q": null,
            "eps_4q_growth_year": null,
            "roe": 3.33,
            "roe_4q": 13.87,
            "gross_profit": -29544,
            "gross_margin": -4.92,
            "gross_margin_4q_avg": 1.47,
            "net_income": 12346,
            "net_income_4q": null,
            "revenue": 600764,
            "revenue_4q": null,
            "common_shares": 279645,
            "book_valuer_per_share": 13.47,
            "book_valuer_per_share_4q_avg": 10.13,
            "equity": 376792,
            "current_ratio": 176.53,
            "debt_ratio": 68.08,
            "inventory_turnover_ratio": 4.24,
            "account_receivable_turnover_ratio": null,
            "reinvestment_rate": null,
            "research_to_sale_ratio": null,
            "price_fair": 196,
            "eps_avg_yearly": 5.6,
            "eps_latest_yearly": 5.6,
            "eps_growth_yearly": 618.18
        },
        "20072": {
            "year_quarter": 20072,
            "year": 2007,
            "quarter": 2,
            "eps": 1.17,
            "eps_growth_year": -16.43,
            "eps_4q": null,
            "eps_4q_growth_year": null,
            "roe": 8.34,
            "roe_4q": 11.67,
            "gross_profit": 54829,
            "gross_margin": 7.43,
            "gross_margin_4q_avg": 0.63,
            "net_income": 32659,
            "net_income_4q": null,
            "revenue": 737990,
            "revenue_4q": null,
            "common_shares": 279645,
            "book_valuer_per_share": 14.54,
            "book_valuer_per_share_4q_avg": 10.26,
            "equity": 406685,
            "current_ratio": 185.31,
            "debt_ratio": 65.39,
            "inventory_turnover_ratio": 13.15,
            "account_receivable_turnover_ratio": null,
            "reinvestment_rate": null,
            "research_to_sale_ratio": null,
            "price_fair": 179.9,
            "eps_avg_yearly": 5.14,
            "eps_latest_yearly": 4.68,
            "eps_growth_yearly": 640.91
        },
        "20073": {
            "year_quarter": 20073,
            "year": 2007,
            "quarter": 3,
            "eps": null,
            "eps_growth_year": null,
            "eps_4q": null,
            "eps_4q_growth_year": null,
            "roe": null,
            "roe_4q": 11.67,
            "gross_profit": null,
            "gross_margin": null,
            "gross_margin_4q_avg": 0.63,
            "net_income": null,
            "net_income_4q": null,
            "revenue": null,
            "revenue_4q": null,
            "common_shares": null,
            "book_valuer_per_share": null,
            "book_valuer_per_share_4q_avg": 10.26,
            "equity": null,
            "current_ratio": null,
            "debt_ratio": null,
            "inventory_turnover_ratio": null,
            "account_receivable_turnover_ratio": null,
            "reinvestment_rate": null,
            "research_to_sale_ratio": null,
            "price_fair": 179.9,
            "eps_avg_yearly": 5.14,
            "eps_latest_yearly": 4.68,
            "eps_growth_yearly": 640.91
        },
        "20074": {
            "year_quarter": 20074,
            "year": 2007,
            "quarter": 4,
            "eps": null,
            "eps_growth_year": null,
            "eps_4q": null,
            "eps_4q_growth_year": null,
            "roe": null,
            "roe_4q": 11.67,
            "gross_profit": null,
            "gross_margin": null,
            "gross_margin_4q_avg": 0.63,
            "net_income": null,
            "net_income_4q": null,
            "revenue": null,
            "revenue_4q": null,
            "common_shares": 337610,
            "book_valuer_per_share": 12.32,
            "book_valuer_per_share_4q_avg": 10.08,
            "equity": 416085,
            "current_ratio": 176.84,
            "debt_ratio": 65.49,
            "inventory_turnover_ratio": null,
            "account_receivable_turnover_ratio": null,
            "reinvestment_rate": null,
            "research_to_sale_ratio": null,
            "price_fair": 179.9,
            "eps_avg_yearly": 5.14,
            "eps_latest_yearly": 4.68,
            "eps_growth_yearly": 640.91
        },
        "20081": {
            "year_quarter": 20081,
            "year": 2008,
            "quarter": 1,
            "eps": null,
            "eps_growth_year": null,
            "eps_4q": null,
            "eps_4q_growth_year": null,
            "roe": null,
            "roe_4q": 8.34,
            "gross_profit": null,
            "gross_margin": null,
            "gross_margin_4q_avg": 1.86,
            "net_income": null,
            "net_income_4q": null,
            "revenue": null,
            "revenue_4q": null,
            "common_shares": null,
            "book_valuer_per_share": null,
            "book_valuer_per_share_4q_avg": 6.72,
            "equity": null,
            "current_ratio": null,
            "debt_ratio": null,
            "inventory_turnover_ratio": null,
            "account_receivable_turnover_ratio": null,
            "reinvestment_rate": null,
            "research_to_sale_ratio": null,
            "price_fair": 179.9,
            "eps_avg_yearly": 5.14,
            "eps_latest_yearly": 4.68,
            "eps_growth_yearly": 640.91
        },
        "20082": {
            "year_quarter": 20082,
            "year": 2008,
            "quarter": 2,
            "eps": null,
            "eps_growth_year": null,
            "eps_4q": null,
            "eps_4q_growth_year": null,
            "roe": null,
            "roe_4q": 0,
            "gross_profit": null,
            "gross_margin": null,
            "gross_margin_4q_avg": 0,
            "net_income": null,
            "net_income_4q": null,
            "revenue": null,
            "revenue_4q": null,
            "common_shares": null,
            "book_valuer_per_share": null,
            "book_valuer_per_share_4q_avg": 3.08,
            "equity": null,
            "current_ratio": null,
            "debt_ratio": null,
            "inventory_turnover_ratio": null,
            "account_receivable_turnover_ratio": null,
            "reinvestment_rate": null,
            "research_to_sale_ratio": null,
            "price_fair": 179.9,
            "eps_avg_yearly": 5.14,
            "eps_latest_yearly": 4.68,
            "eps_growth_yearly": 640.91
        },
        "20083": {
            "year_quarter": 20083,
            "year": 2008,
            "quarter": 3,
            "eps": null,
            "eps_growth_year": null,
            "eps_4q": null,
            "eps_4q_growth_year": null,
            "roe": null,
            "roe_4q": 0,
            "gross_profit": null,
            "gross_margin": null,
            "gross_margin_4q_avg": 0,
            "net_income": null,
            "net_income_4q": null,
            "revenue": null,
            "revenue_4q": null,
            "common_shares": null,
            "book_valuer_per_share": null,
            "book_valuer_per_share_4q_avg": 3.08,
            "equity": null,
            "current_ratio": null,
            "debt_ratio": null,
            "inventory_turnover_ratio": null,
            "account_receivable_turnover_ratio": null,
            "reinvestment_rate": null,
            "research_to_sale_ratio": null,
            "price_fair": 179.9,
            "eps_avg_yearly": 5.14,
            "eps_latest_yearly": 4.68,
            "eps_growth_yearly": 640.91
        },
        "20084": {
            "year_quarter": 20084,
            "year": 2008,
            "quarter": 4,
            "eps": null,
            "eps_growth_year": null,
            "eps_4q": null,
            "eps_4q_growth_year": null,
            "roe": null,
            "roe_4q": 0,
            "gross_profit": null,
            "gross_margin": null,
            "gross_margin_4q_avg": 0,
            "net_income": null,
            "net_income_4q": null,
            "revenue": null,
            "revenue_4q": null,
            "common_shares": 337610,
            "book_valuer_per_share": 11.68,
            "book_valuer_per_share_4q_avg": 2.92,
            "equity": 394477,
            "current_ratio": 138.34,
            "debt_ratio": 53.43,
            "inventory_turnover_ratio": null,
            "account_receivable_turnover_ratio": null,
            "reinvestment_rate": null,
            "research_to_sale_ratio": null,
            "price_fair": 179.9,
            "eps_avg_yearly": 5.14,
            "eps_latest_yearly": 4.68,
            "eps_growth_yearly": 640.91
        },
        "20091": {
            "year_quarter": 20091,
            "year": 2009,
            "quarter": 1,
            "eps": -0.35,
            "eps_growth_year": null,
            "eps_4q": null,
            "eps_4q_growth_year": null,
            "roe": -3.04,
            "roe_4q": -3.04,
            "gross_profit": -7583,
            "gross_margin": -3.24,
            "gross_margin_4q_avg": -0.81,
            "net_income": -11831,
            "net_income_4q": null,
            "revenue": 233829,
            "revenue_4q": null,
            "common_shares": 337610,
            "book_valuer_per_share": 11.35,
            "book_valuer_per_share_4q_avg": 5.76,
            "equity": 383177,
            "current_ratio": 157.15,
            "debt_ratio": 49.77,
            "inventory_turnover_ratio": 1.39,
            "account_receivable_turnover_ratio": 1.54,
            "reinvestment_rate": null,
            "research_to_sale_ratio": null,
            "price_fair": 179.9,
            "eps_avg_yearly": 5.14,
            "eps_latest_yearly": 4.68,
            "eps_growth_yearly": 640.91
        },
        "20092": {
            "year_quarter": 20092,
            "year": 2009,
            "quarter": 2,
            "eps": 0.95,
            "eps_growth_year": null,
            "eps_4q": null,
            "eps_4q_growth_year": null,
            "roe": 8.3,
            "roe_4q": 5.260000000000001,
            "gross_profit": 52614,
            "gross_margin": 13.1,
            "gross_margin_4q_avg": 2.47,
            "net_income": 32164,
            "net_income_4q": null,
            "revenue": 401514,
            "revenue_4q": null,
            "common_shares": 337610,
            "book_valuer_per_share": 11.61,
            "book_valuer_per_share_4q_avg": 8.66,
            "equity": 391915,
            "current_ratio": 146.23,
            "debt_ratio": 55.96,
            "inventory_turnover_ratio": 2.25,
            "account_receivable_turnover_ratio": 2.18,
            "reinvestment_rate": null,
            "research_to_sale_ratio": null,
            "price_fair": 179.9,
            "eps_avg_yearly": 5.14,
            "eps_latest_yearly": 4.68,
            "eps_growth_yearly": 640.91
        },
        "20093": {
            "year_quarter": 20093,
            "year": 2009,
            "quarter": 3,
            "eps": 1.14,
            "eps_growth_year": null,
            "eps_4q": null,
            "eps_4q_growth_year": null,
            "roe": 9.48,
            "roe_4q": 14.740000000000002,
            "gross_profit": 60790,
            "gross_margin": 11.05,
            "gross_margin_4q_avg": 5.23,
            "net_income": 39167,
            "net_income_4q": null,
            "revenue": 550225,
            "revenue_4q": null,
            "common_shares": 337610,
            "book_valuer_per_share": 12.88,
            "book_valuer_per_share_4q_avg": 11.88,
            "equity": 434692,
            "current_ratio": 146.55,
            "debt_ratio": 57.71,
            "inventory_turnover_ratio": 3.54,
            "account_receivable_turnover_ratio": 1.26,
            "reinvestment_rate": null,
            "research_to_sale_ratio": null,
            "price_fair": 173.13,
            "eps_avg_yearly": 4.95,
            "eps_latest_yearly": 4.56,
            "eps_growth_yearly": 453.94
        },
        "20094": {
            "year_quarter": 20094,
            "year": 2009,
            "quarter": 4,
            "eps": 0.06,
            "eps_growth_year": null,
            "eps_4q": 1.82,
            "eps_4q_growth_year": null,
            "roe": 0.47,
            "roe_4q": 15.21,
            "gross_profit": 37184,
            "gross_margin": 6.82,
            "gross_margin_4q_avg": 6.93,
            "net_income": 2040,
            "net_income_4q": null,
            "revenue": 544989,
            "revenue_4q": null,
            "common_shares": 337610,
            "book_valuer_per_share": 12.94,
            "book_valuer_per_share_4q_avg": 12.2,
            "equity": 436818,
            "current_ratio": 147.15,
            "debt_ratio": 57.84,
            "inventory_turnover_ratio": 3.77,
            "account_receivable_turnover_ratio": 1.96,
            "reinvestment_rate": null,
            "research_to_sale_ratio": null,
            "price_fair": 131.95,
            "eps_avg_yearly": 3.77,
            "eps_latest_yearly": 0.24,
            "eps_growth_yearly": 245.72
        },
        "20101": {
            "year_quarter": 20101,
            "year": 2010,
            "quarter": 1,
            "eps": null,
            "eps_growth_year": null,
            "eps_4q": null,
            "eps_4q_growth_year": null,
            "roe": null,
            "roe_4q": 18.25,
            "gross_profit": 26936,
            "gross_margin": null,
            "gross_margin_4q_avg": 7.74,
            "net_income": 10005,
            "net_income_4q": null,
            "revenue": 585805,
            "revenue_4q": null,
            "common_shares": 337610,
            "book_valuer_per_share": 13.23,
            "book_valuer_per_share_4q_avg": 12.67,
            "equity": 446823,
            "current_ratio": 144.73,
            "debt_ratio": 59.77,
            "inventory_turnover_ratio": null,
            "account_receivable_turnover_ratio": null,
            "reinvestment_rate": null,
            "research_to_sale_ratio": null,
            "price_fair": 131.95,
            "eps_avg_yearly": 3.77,
            "eps_latest_yearly": 0.24,
            "eps_growth_yearly": 245.72
        },
        "20102": {
            "year_quarter": 20102,
            "year": 2010,
            "quarter": 2,
            "eps": 0.32,
            "eps_growth_year": -66.19,
            "eps_4q": 1.52,
            "eps_4q_growth_year": null,
            "roe": 2.52,
            "roe_4q": 12.47,
            "gross_profit": 36400,
            "gross_margin": 5.37,
            "gross_margin_4q_avg": 5.81,
            "net_income": 11060,
            "net_income_4q": null,
            "revenue": 677472,
            "revenue_4q": null,
            "common_shares": 337610,
            "book_valuer_per_share": 12.76,
            "book_valuer_per_share_4q_avg": 12.95,
            "equity": 430875,
            "current_ratio": 138.23,
            "debt_ratio": 63.49,
            "inventory_turnover_ratio": 3.46,
            "account_receivable_turnover_ratio": 2.12,
            "reinvestment_rate": null,
            "research_to_sale_ratio": null,
            "price_fair": 110.6,
            "eps_avg_yearly": 3.16,
            "eps_latest_yearly": 0.24,
            "eps_growth_yearly": 121.56
        },
        "20103": {
            "year_quarter": 20103,
            "year": 2010,
            "quarter": 3,
            "eps": 0.3,
            "eps_growth_year": -74.02,
            "eps_4q": 0.68,
            "eps_4q_growth_year": null,
            "roe": 2.34,
            "roe_4q": 5.329999999999999,
            "gross_profit": 29352,
            "gross_margin": 4.43,
            "gross_margin_4q_avg": 4.16,
            "net_income": 10199,
            "net_income_4q": null,
            "revenue": 662500,
            "revenue_4q": null,
            "common_shares": 337610,
            "book_valuer_per_share": 13.06,
            "book_valuer_per_share_4q_avg": 13,
            "equity": 441074,
            "current_ratio": 137.97,
            "debt_ratio": 63.48,
            "inventory_turnover_ratio": 3.38,
            "account_receivable_turnover_ratio": 1.04,
            "reinvestment_rate": null,
            "research_to_sale_ratio": null,
            "price_fair": 93.45,
            "eps_avg_yearly": 2.67,
            "eps_latest_yearly": 1.2,
            "eps_growth_yearly": 84.92
        },
        "20104": {
            "year_quarter": 20104,
            "year": 2010,
            "quarter": 4,
            "eps": 0.55,
            "eps_growth_year": 808.64,
            "eps_4q": 1.09,
            "eps_4q_growth_year": -39.99,
            "roe": 4.41,
            "roe_4q": 9.27,
            "gross_profit": 42267,
            "gross_margin": 6.14,
            "gross_margin_4q_avg": 3.99,
            "net_income": 21125,
            "net_income_4q": null,
            "revenue": 687854,
            "revenue_4q": null,
            "common_shares": 387482,
            "book_valuer_per_share": 13.35,
            "book_valuer_per_share_4q_avg": 13.1,
            "equity": 517444,
            "current_ratio": 140.89,
            "debt_ratio": 61.89,
            "inventory_turnover_ratio": 3.24,
            "account_receivable_turnover_ratio": 1.04,
            "reinvestment_rate": null,
            "research_to_sale_ratio": null,
            "price_fair": 90.16,
            "eps_avg_yearly": 2.58,
            "eps_latest_yearly": 2.2,
            "eps_growth_yearly": 134.6
        },
        "20111": {
            "year_quarter": 20111,
            "year": 2011,
            "quarter": 1,
            "eps": 0.55,
            "eps_growth_year": null,
            "eps_4q": 1.64,
            "eps_4q_growth_year": null,
            "roe": 3.98,
            "roe_4q": 13.25,
            "gross_profit": 28470,
            "gross_margin": 4.73,
            "gross_margin_4q_avg": 5.17,
            "net_income": 21125,
            "net_income_4q": null,
            "revenue": 601565,
            "revenue_4q": null,
            "common_shares": 387482,
            "book_valuer_per_share": 13.9,
            "book_valuer_per_share_4q_avg": 13.27,
            "equity": 545060,
            "current_ratio": 138.29,
            "debt_ratio": 65.08,
            "inventory_turnover_ratio": 2.09,
            "account_receivable_turnover_ratio": 0.88,
            "reinvestment_rate": null,
            "research_to_sale_ratio": null,
            "price_fair": 87.97,
            "eps_avg_yearly": 2.51,
            "eps_latest_yearly": 2.2,
            "eps_growth_yearly": 112.17
        },
        "20112": {
            "year_quarter": 20112,
            "year": 2011,
            "quarter": 2,
            "eps": 0.01,
            "eps_growth_year": -97.22,
            "eps_4q": 1.36,
            "eps_4q_growth_year": -10.23,
            "roe": 0.07,
            "roe_4q": 10.8,
            "gross_profit": 13236,
            "gross_margin": 1.78,
            "gross_margin_4q_avg": 4.27,
            "net_income": 346,
            "net_income_4q": null,
            "revenue": 744058,
            "revenue_4q": null,
            "common_shares": 387482,
            "book_valuer_per_share": 12.91,
            "book_valuer_per_share_4q_avg": 13.31,
            "equity": 507218,
            "current_ratio": 131.88,
            "debt_ratio": 68.35,
            "inventory_turnover_ratio": 2.22,
            "account_receivable_turnover_ratio": 1.03,
            "reinvestment_rate": null,
            "research_to_sale_ratio": null,
            "price_fair": 5.22,
            "eps_avg_yearly": 1.74,
            "eps_latest_yearly": 0.04,
            "eps_growth_yearly": -63.89
        },
        "20113": {
            "year_quarter": 20113,
            "year": 2011,
            "quarter": 3,
            "eps": -0.63,
            "eps_growth_year": -312.23,
            "eps_4q": 0.47,
            "eps_4q_growth_year": -30.43,
            "roe": -5,
            "roe_4q": 3.4600000000000004,
            "gross_profit": 12931,
            "gross_margin": 1.9,
            "gross_margin_4q_avg": 3.64,
            "net_income": -25001,
            "net_income_4q": null,
            "revenue": 679267,
            "revenue_4q": null,
            "common_shares": 387482,
            "book_valuer_per_share": 12.58,
            "book_valuer_per_share_4q_avg": 13.19,
            "equity": 493797,
            "current_ratio": 151.64,
            "debt_ratio": 70.53,
            "inventory_turnover_ratio": 1.78,
            "account_receivable_turnover_ratio": 0.93,
            "reinvestment_rate": null,
            "research_to_sale_ratio": null,
            "price_fair": 5.22,
            "eps_avg_yearly": 1.74,
            "eps_latest_yearly": 0.04,
            "eps_growth_yearly": -63.89
        },
        "20114": {
            "year_quarter": 20114,
            "year": 2011,
            "quarter": 4,
            "eps": -0.17,
            "eps_growth_year": -130.55,
            "eps_4q": -0.24,
            "eps_4q_growth_year": -121.84,
            "roe": -1.42,
            "roe_4q": -2.3699999999999997,
            "gross_profit": 12468,
            "gross_margin": 2.05,
            "gross_margin_4q_avg": 2.62,
            "net_income": -7081,
            "net_income_4q": null,
            "revenue": 607528,
            "revenue_4q": null,
            "common_shares": 398646,
            "book_valuer_per_share": 12.48,
            "book_valuer_per_share_4q_avg": 12.97,
            "equity": 503410,
            "current_ratio": 161.31,
            "debt_ratio": 64.63,
            "inventory_turnover_ratio": 1.72,
            "account_receivable_turnover_ratio": 0.91,
            "reinvestment_rate": null,
            "research_to_sale_ratio": null,
            "price_fair": 5.22,
            "eps_avg_yearly": 1.74,
            "eps_latest_yearly": 0.04,
            "eps_growth_yearly": -63.89
        },
        "20121": {
            "year_quarter": 20121,
            "year": 2012,
            "quarter": 1,
            "eps": 0.07,
            "eps_growth_year": -87.27,
            "eps_4q": -0.69,
            "eps_4q_growth_year": -141.97,
            "roe": 0.46,
            "roe_4q": -5.89,
            "gross_profit": 24652,
            "gross_margin": 4.6,
            "gross_margin_4q_avg": 2.58,
            "net_income": 2344,
            "net_income_4q": null,
            "revenue": 535961,
            "revenue_4q": null,
            "common_shares": 403197,
            "book_valuer_per_share": 12.58,
            "book_valuer_per_share_4q_avg": 12.64,
            "equity": 512568,
            "current_ratio": 172.13,
            "debt_ratio": 60.93,
            "inventory_turnover_ratio": 1.95,
            "account_receivable_turnover_ratio": 0.9,
            "reinvestment_rate": null,
            "research_to_sale_ratio": null,
            "price_fair": 5.22,
            "eps_avg_yearly": 1.74,
            "eps_latest_yearly": 0.04,
            "eps_growth_yearly": -63.89
        },
        "20122": {
            "year_quarter": 20122,
            "year": 2012,
            "quarter": 2,
            "eps": -0.06,
            "eps_growth_year": -765.75,
            "eps_4q": -0.74,
            "eps_4q_growth_year": -154.43,
            "roe": -0.41,
            "roe_4q": -6.37,
            "gross_profit": 20306,
            "gross_margin": 3.72,
            "gross_margin_4q_avg": 3.07,
            "net_income": -2088,
            "net_income_4q": null,
            "revenue": 545165,
            "revenue_4q": null,
            "common_shares": 403622,
            "book_valuer_per_share": 12.52,
            "book_valuer_per_share_4q_avg": 12.54,
            "equity": 511117,
            "current_ratio": 160.95,
            "debt_ratio": 64,
            "inventory_turnover_ratio": 1.77,
            "account_receivable_turnover_ratio": 0.96,
            "reinvestment_rate": null,
            "research_to_sale_ratio": null,
            "price_fair": 5.22,
            "eps_avg_yearly": 1.74,
            "eps_latest_yearly": 0.04,
            "eps_growth_yearly": -63.89
        },
        "20123": {
            "year_quarter": 20123,
            "year": 2012,
            "quarter": 3,
            "eps": -0.24,
            "eps_growth_year": null,
            "eps_4q": -0.39,
            "eps_4q_growth_year": -182.73,
            "roe": -2.06,
            "roe_4q": -3.43,
            "gross_profit": -1262,
            "gross_margin": -0.25,
            "gross_margin_4q_avg": 2.53,
            "net_income": -10500,
            "net_income_4q": null,
            "revenue": 504324,
            "revenue_4q": null,
            "common_shares": 407748,
            "book_valuer_per_share": 12.3,
            "book_valuer_per_share_4q_avg": 12.47,
            "equity": 506833,
            "current_ratio": 131.12,
            "debt_ratio": 64.43,
            "inventory_turnover_ratio": 1.69,
            "account_receivable_turnover_ratio": 0.86,
            "reinvestment_rate": null,
            "research_to_sale_ratio": null,
            "price_fair": 5.22,
            "eps_avg_yearly": 1.74,
            "eps_latest_yearly": 0.04,
            "eps_growth_yearly": -63.89
        },
        "20124": {
            "year_quarter": 20124,
            "year": 2012,
            "quarter": 4,
            "eps": -0.39,
            "eps_growth_year": null,
            "eps_4q": -0.62,
            "eps_4q_growth_year": null,
            "roe": -3.33,
            "roe_4q": -5.340000000000001,
            "gross_profit": 17453,
            "gross_margin": 3.12,
            "gross_margin_4q_avg": 2.8,
            "net_income": -16651,
            "net_income_4q": null,
            "revenue": 558662,
            "revenue_4q": null,
            "common_shares": 417001,
            "book_valuer_per_share": 11.68,
            "book_valuer_per_share_4q_avg": 12.27,
            "equity": 492014,
            "current_ratio": 133.01,
            "debt_ratio": 64.23,
            "inventory_turnover_ratio": 2.28,
            "account_receivable_turnover_ratio": 0.94,
            "reinvestment_rate": 427.99,
            "research_to_sale_ratio": null,
            "price_fair": 5.22,
            "eps_avg_yearly": 1.74,
            "eps_latest_yearly": 0.04,
            "eps_growth_yearly": -63.89
        },
        "20131": {
            "year_quarter": 20131,
            "year": 2013,
            "quarter": 1,
            "eps": -0.18,
            "eps_growth_year": -357.14,
            "eps_4q": -0.86,
            "eps_4q_growth_year": null,
            "roe": -1.54,
            "roe_4q": -7.34,
            "gross_profit": 22109,
            "gross_margin": 4.21,
            "gross_margin_4q_avg": 2.7,
            "net_income": -7534,
            "net_income_4q": null,
            "revenue": 525224,
            "revenue_4q": null,
            "common_shares": 417620,
            "book_valuer_per_share": 11.48,
            "book_valuer_per_share_4q_avg": 12,
            "equity": 484115,
            "current_ratio": 128.47,
            "debt_ratio": 66.87,
            "inventory_turnover_ratio": 2.09,
            "account_receivable_turnover_ratio": 0.9,
            "reinvestment_rate": 22.26,
            "research_to_sale_ratio": null,
            "price_fair": 5.22,
            "eps_avg_yearly": 1.74,
            "eps_latest_yearly": 0.04,
            "eps_growth_yearly": -63.89
        },
        "20132": {
            "year_quarter": 20132,
            "year": 2013,
            "quarter": 2,
            "eps": -0.35,
            "eps_growth_year": null,
            "eps_4q": -1.16,
            "eps_4q_growth_year": null,
            "roe": -3.1,
            "roe_4q": -10.030000000000001,
            "gross_profit": 6547,
            "gross_margin": 1.18,
            "gross_margin_4q_avg": 2.07,
            "net_income": -14800,
            "net_income_4q": null,
            "revenue": 553020,
            "revenue_4q": null,
            "common_shares": 417620,
            "book_valuer_per_share": 11.13,
            "book_valuer_per_share_4q_avg": 11.65,
            "equity": 469315,
            "current_ratio": 125.06,
            "debt_ratio": 67.66,
            "inventory_turnover_ratio": 2.02,
            "account_receivable_turnover_ratio": 0.92,
            "reinvestment_rate": 134.83,
            "research_to_sale_ratio": null,
            "price_fair": 5.22,
            "eps_avg_yearly": 1.74,
            "eps_latest_yearly": 0.04,
            "eps_growth_yearly": -63.89
        },
        "20133": {
            "year_quarter": 20133,
            "year": 2013,
            "quarter": 3,
            "eps": -0.27,
            "eps_growth_year": null,
            "eps_4q": -1.19,
            "eps_4q_growth_year": null,
            "roe": -2.42,
            "roe_4q": -10.39,
            "gross_profit": 13069,
            "gross_margin": 2.82,
            "gross_margin_4q_avg": 2.83,
            "net_income": -11216,
            "net_income_4q": null,
            "revenue": 463814,
            "revenue_4q": null,
            "common_shares": 417620,
            "book_valuer_per_share": 10.84,
            "book_valuer_per_share_4q_avg": 11.28,
            "equity": 456776,
            "current_ratio": 125.98,
            "debt_ratio": 66.69,
            "inventory_turnover_ratio": 1.66,
            "account_receivable_turnover_ratio": 0.82,
            "reinvestment_rate": null,
            "research_to_sale_ratio": null,
            "price_fair": 3.53,
            "eps_avg_yearly": 1.18,
            "eps_latest_yearly": 0.04,
            "eps_growth_yearly": -92.67
        },
        "20134": {
            "year_quarter": 20134,
            "year": 2013,
            "quarter": 4,
            "eps": -0.53,
            "eps_growth_year": null,
            "eps_4q": -1.33,
            "eps_4q_growth_year": null,
            "roe": -4.96,
            "roe_4q": -12.02,
            "gross_profit": -461,
            "gross_margin": -0.1,
            "gross_margin_4q_avg": 2.03,
            "net_income": -22086,
            "net_income_4q": null,
            "revenue": 441008,
            "revenue_4q": null,
            "common_shares": 417620,
            "book_valuer_per_share": 10.31,
            "book_valuer_per_share_4q_avg": 10.94,
            "equity": 434629,
            "current_ratio": 125.72,
            "debt_ratio": 65.66,
            "inventory_turnover_ratio": 1.8,
            "account_receivable_turnover_ratio": 0.85,
            "reinvestment_rate": null,
            "research_to_sale_ratio": null,
            "price_fair": 4.23,
            "eps_avg_yearly": 1.41,
            "eps_latest_yearly": 0.04,
            "eps_growth_yearly": -21.1
        },
        "20141": {
            "year_quarter": 20141,
            "year": 2014,
            "quarter": 1,
            "eps": 0.11,
            "eps_growth_year": null,
            "eps_4q": -0.99,
            "eps_4q_growth_year": null,
            "roe": 1.14,
            "roe_4q": -9.34,
            "gross_profit": 20848,
            "gross_margin": 6.48,
            "gross_margin_4q_avg": 2.6,
            "net_income": 5141,
            "net_income_4q": null,
            "revenue": 321553,
            "revenue_4q": null,
            "common_shares": 439587,
            "book_valuer_per_share": 10.67,
            "book_valuer_per_share_4q_avg": 10.74,
            "equity": 468365,
            "current_ratio": 138.17,
            "debt_ratio": 59.39,
            "inventory_turnover_ratio": 1.34,
            "account_receivable_turnover_ratio": 0.72,
            "reinvestment_rate": null,
            "research_to_sale_ratio": null,
            "price_fair": 4.23,
            "eps_avg_yearly": 1.41,
            "eps_latest_yearly": 0.04,
            "eps_growth_yearly": -21.1
        },
        "20142": {
            "year_quarter": 20142,
            "year": 2014,
            "quarter": 2,
            "eps": 0,
            "eps_growth_year": null,
            "eps_4q": -0.62,
            "eps_4q_growth_year": null,
            "roe": 0.03,
            "roe_4q": -6.21,
            "gross_profit": 10077,
            "gross_margin": 2.92,
            "gross_margin_4q_avg": 3.03,
            "net_income": 123,
            "net_income_4q": null,
            "revenue": 344771,
            "revenue_4q": null,
            "common_shares": 445961,
            "book_valuer_per_share": 11.21,
            "book_valuer_per_share_4q_avg": 10.76,
            "equity": 499290,
            "current_ratio": 150.54,
            "debt_ratio": 54.02,
            "inventory_turnover_ratio": 1.55,
            "account_receivable_turnover_ratio": 0.92,
            "reinvestment_rate": null,
            "research_to_sale_ratio": null,
            "price_fair": 4.23,
            "eps_avg_yearly": 1.41,
            "eps_latest_yearly": 0.04,
            "eps_growth_yearly": -21.1
        },
        "20143": {
            "year_quarter": 20143,
            "year": 2014,
            "quarter": 3,
            "eps": -0.32,
            "eps_growth_year": null,
            "eps_4q": -0.65,
            "eps_4q_growth_year": null,
            "roe": -2.97,
            "roe_4q": -6.760000000000001,
            "gross_profit": 10698,
            "gross_margin": 3.37,
            "gross_margin_4q_avg": 3.17,
            "net_income": -15686,
            "net_income_4q": null,
            "revenue": 317423,
            "revenue_4q": null,
            "common_shares": 501592,
            "book_valuer_per_share": 11.11,
            "book_valuer_per_share_4q_avg": 10.83,
            "equity": 556439,
            "current_ratio": 170.51,
            "debt_ratio": 47.42,
            "inventory_turnover_ratio": 1.52,
            "account_receivable_turnover_ratio": 0.85,
            "reinvestment_rate": null,
            "research_to_sale_ratio": null,
            "price_fair": 4.44,
            "eps_avg_yearly": 1.48,
            "eps_latest_yearly": 0.04,
            "eps_growth_yearly": -19.8
        },
        "20144": {
            "year_quarter": 20144,
            "year": 2014,
            "quarter": 4,
            "eps": -0.38,
            "eps_growth_year": null,
            "eps_4q": -0.55,
            "eps_4q_growth_year": null,
            "roe": -3.7,
            "roe_4q": -5.5,
            "gross_profit": 2751,
            "gross_margin": 0.92,
            "gross_margin_4q_avg": 3.42,
            "net_income": -23431,
            "net_income_4q": null,
            "revenue": 299959,
            "revenue_4q": null,
            "common_shares": 621481,
            "book_valuer_per_share": 11.45,
            "book_valuer_per_share_4q_avg": 11.11,
            "equity": 710778,
            "current_ratio": 207.84,
            "debt_ratio": 39.46,
            "inventory_turnover_ratio": 1.52,
            "account_receivable_turnover_ratio": 0.81,
            "reinvestment_rate": null,
            "research_to_sale_ratio": null,
            "price_fair": 3.36,
            "eps_avg_yearly": 1.12,
            "eps_latest_yearly": 0.04,
            "eps_growth_yearly": -196.36
        },
        "20151": {
            "year_quarter": 20151,
            "year": 2015,
            "quarter": 1,
            "eps": -0.38,
            "eps_growth_year": -445.45,
            "eps_4q": -1,
            "eps_4q_growth_year": null,
            "roe": -3.35,
            "roe_4q": -9.990000000000002,
            "gross_profit": -5046,
            "gross_margin": -1.93,
            "gross_margin_4q_avg": 1.32,
            "net_income": -23387,
            "net_income_4q": null,
            "revenue": 261212,
            "revenue_4q": null,
            "common_shares": 621481,
            "book_valuer_per_share": 11.07,
            "book_valuer_per_share_4q_avg": 11.21,
            "equity": 687391,
            "current_ratio": 235.76,
            "debt_ratio": 34.02,
            "inventory_turnover_ratio": 1.53,
            "account_receivable_turnover_ratio": 0.75,
            "reinvestment_rate": null,
            "research_to_sale_ratio": null,
            "price_fair": 0.12,
            "eps_avg_yearly": 0.04,
            "eps_latest_yearly": 0.04,
            "eps_growth_yearly": -392.73
        },
        "20152": {
            "year_quarter": 20152,
            "year": 2015,
            "quarter": 2,
            "eps": -0.43,
            "eps_growth_year": null,
            "eps_4q": -1.44,
            "eps_4q_growth_year": null,
            "roe": -3.99,
            "roe_4q": -14.01,
            "gross_profit": 9049,
            "gross_margin": 3.04,
            "gross_margin_4q_avg": 1.35,
            "net_income": -26884,
            "net_income_4q": null,
            "revenue": 297668,
            "revenue_4q": null,
            "common_shares": 621481,
            "book_valuer_per_share": 10.64,
            "book_valuer_per_share_4q_avg": 11.07,
            "equity": 660507,
            "current_ratio": 223.6,
            "debt_ratio": 35.83,
            "inventory_turnover_ratio": 1.9,
            "account_receivable_turnover_ratio": 0.94,
            "reinvestment_rate": null,
            "research_to_sale_ratio": null,
            "price_fair": 0,
            "eps_avg_yearly": 0,
            "eps_latest_yearly": 0,
            "eps_growth_yearly": 0
        },
        "20153": {
            "year_quarter": 20153,
            "year": 2015,
            "quarter": 3,
            "eps": -0.43,
            "eps_growth_year": null,
            "eps_4q": -1.61,
            "eps_4q_growth_year": null,
            "roe": -4.09,
            "roe_4q": -15.129999999999999,
            "gross_profit": -995,
            "gross_margin": -0.4,
            "gross_margin_4q_avg": 0.41,
            "net_income": -26452,
            "net_income_4q": null,
            "revenue": 248702,
            "revenue_4q": null,
            "common_shares": 621481,
            "book_valuer_per_share": 10.21,
            "book_valuer_per_share_4q_avg": 10.84,
            "equity": 634055,
            "current_ratio": 206.28,
            "debt_ratio": 38.85,
            "inventory_turnover_ratio": 1.7,
            "account_receivable_turnover_ratio": 0.83,
            "reinvestment_rate": null,
            "research_to_sale_ratio": null,
            "price_fair": 0,
            "eps_avg_yearly": 0,
            "eps_latest_yearly": 0,
            "eps_growth_yearly": 0
        },
        "20154": {
            "year_quarter": 20154,
            "year": 2015,
            "quarter": 4,
            "eps": -0.26,
            "eps_growth_year": null,
            "eps_4q": -1.5,
            "eps_4q_growth_year": null,
            "roe": -2.61,
            "roe_4q": -14.04,
            "gross_profit": 9438,
            "gross_margin": 3.32,
            "gross_margin_4q_avg": 1.01,
            "net_income": -16364,
            "net_income_4q": null,
            "revenue": 283957,
            "revenue_4q": null,
            "common_shares": 621481,
            "book_valuer_per_share": 10.01,
            "book_valuer_per_share_4q_avg": 10.48,
            "equity": 621677,
            "current_ratio": 208.73,
            "debt_ratio": 38.1,
            "inventory_turnover_ratio": 1.96,
            "account_receivable_turnover_ratio": 0.95,
            "reinvestment_rate": null,
            "research_to_sale_ratio": null,
            "price_fair": 0,
            "eps_avg_yearly": 0,
            "eps_latest_yearly": 0,
            "eps_growth_yearly": 0
        },
        "20161": {
            "year_quarter": 20161,
            "year": 2016,
            "quarter": 1,
            "eps": 0,
            "eps_growth_year": null,
            "eps_4q": -1.12,
            "eps_4q_growth_year": null,
            "roe": 0.01,
            "roe_4q": -10.68,
            "gross_profit": 7972,
            "gross_margin": 3.8,
            "gross_margin_4q_avg": 2.44,
            "net_income": 46,
            "net_income_4q": null,
            "revenue": 210047,
            "revenue_4q": null,
            "common_shares": 621481,
            "book_valuer_per_share": 10.02,
            "book_valuer_per_share_4q_avg": 10.22,
            "equity": 621723,
            "current_ratio": 223.91,
            "debt_ratio": 36.06,
            "inventory_turnover_ratio": 1.46,
            "account_receivable_turnover_ratio": 0.73,
            "reinvestment_rate": null,
            "research_to_sale_ratio": null,
            "price_fair": 0,
            "eps_avg_yearly": 0,
            "eps_latest_yearly": 0,
            "eps_growth_yearly": 0
        },
        "20162": {
            "year_quarter": 20162,
            "year": 2016,
            "quarter": 2,
            "eps": -0.18,
            "eps_growth_year": null,
            "eps_4q": -0.87,
            "eps_4q_growth_year": null,
            "roe": -1.79,
            "roe_4q": -8.48,
            "gross_profit": 8497,
            "gross_margin": 4.06,
            "gross_margin_4q_avg": 2.7,
            "net_income": -11052,
            "net_income_4q": null,
            "revenue": 209364,
            "revenue_4q": null,
            "common_shares": 621481,
            "book_valuer_per_share": 9.84,
            "book_valuer_per_share_4q_avg": 10.02,
            "equity": 610671,
            "current_ratio": 245.53,
            "debt_ratio": 32.72,
            "inventory_turnover_ratio": 1.32,
            "account_receivable_turnover_ratio": 0.81,
            "reinvestment_rate": null,
            "research_to_sale_ratio": null,
            "price_fair": 0,
            "eps_avg_yearly": 0,
            "eps_latest_yearly": 0,
            "eps_growth_yearly": 0
        },
        "20163": {
            "year_quarter": 20163,
            "year": 2016,
            "quarter": 3,
            "eps": 0.03,
            "eps_growth_year": null,
            "eps_4q": -0.41,
            "eps_4q_growth_year": null,
            "roe": 0.28,
            "roe_4q": -4.109999999999999,
            "gross_profit": 6958,
            "gross_margin": 3.06,
            "gross_margin_4q_avg": 3.56,
            "net_income": 1743,
            "net_income_4q": null,
            "revenue": 227697,
            "revenue_4q": null,
            "common_shares": 620751,
            "book_valuer_per_share": 9.87,
            "book_valuer_per_share_4q_avg": 9.94,
            "equity": 612414,
            "current_ratio": 258.51,
            "debt_ratio": 31.2,
            "inventory_turnover_ratio": 1.48,
            "account_receivable_turnover_ratio": 0.89,
            "reinvestment_rate": null,
            "research_to_sale_ratio": null,
            "price_fair": 0,
            "eps_avg_yearly": 0,
            "eps_latest_yearly": 0,
            "eps_growth_yearly": 0
        },
        "20164": {
            "year_quarter": 20164,
            "year": 2016,
            "quarter": 4,
            "eps": 0.22,
            "eps_growth_year": null,
            "eps_4q": 0.07,
            "eps_4q_growth_year": null,
            "roe": 2.22,
            "roe_4q": 0.72,
            "gross_profit": 24456,
            "gross_margin": 8.39,
            "gross_margin_4q_avg": 4.83,
            "net_income": 13775,
            "net_income_4q": null,
            "revenue": 291460,
            "revenue_4q": null,
            "common_shares": 620751,
            "book_valuer_per_share": 10.08,
            "book_valuer_per_share_4q_avg": 9.95,
            "equity": 625836,
            "current_ratio": 217.29,
            "debt_ratio": 38.03,
            "inventory_turnover_ratio": 1.93,
            "account_receivable_turnover_ratio": 0.96,
            "reinvestment_rate": null,
            "research_to_sale_ratio": null,
            "price_fair": 30.8,
            "eps_avg_yearly": 0.88,
            "eps_latest_yearly": 0.88,
            "eps_growth_yearly": 2533.33
        },
        "20171": {
            "year_quarter": 20171,
            "year": 2017,
            "quarter": 1,
            "eps": 0.24,
            "eps_growth_year": null,
            "eps_4q": 0.31,
            "eps_4q_growth_year": null,
            "roe": 2.34,
            "roe_4q": 3.0500000000000007,
            "gross_profit": 19358,
            "gross_margin": 7.09,
            "gross_margin_4q_avg": 5.65,
            "net_income": 14828,
            "net_income_4q": null,
            "revenue": 273075,
            "revenue_4q": null,
            "common_shares": 620751,
            "book_valuer_per_share": 10.29,
            "book_valuer_per_share_4q_avg": 10.02,
            "equity": 638888,
            "current_ratio": 215.46,
            "debt_ratio": 38.5,
            "inventory_turnover_ratio": 1.52,
            "account_receivable_turnover_ratio": 0.79,
            "reinvestment_rate": null,
            "research_to_sale_ratio": null,
            "price_fair": 32.2,
            "eps_avg_yearly": 0.92,
            "eps_latest_yearly": 0.96,
            "eps_growth_yearly": 1284.85
        },
        "20172": {
            "year_quarter": 20172,
            "year": 2017,
            "quarter": 2,
            "eps": -0.13,
            "eps_growth_year": null,
            "eps_4q": 0.36,
            "eps_4q_growth_year": null,
            "roe": -1.22,
            "roe_4q": 3.62,
            "gross_profit": 9438,
            "gross_margin": 3.22,
            "gross_margin_4q_avg": 5.44,
            "net_income": -7770,
            "net_income_4q": null,
            "revenue": 293375,
            "revenue_4q": null,
            "common_shares": 620751,
            "book_valuer_per_share": 10.18,
            "book_valuer_per_share_4q_avg": 10.11,
            "equity": 631695,
            "current_ratio": 213.36,
            "debt_ratio": 38.75,
            "inventory_turnover_ratio": 1.53,
            "account_receivable_turnover_ratio": 0.84,
            "reinvestment_rate": null,
            "research_to_sale_ratio": null,
            "price_fair": 32.2,
            "eps_avg_yearly": 0.92,
            "eps_latest_yearly": 0.96,
            "eps_growth_yearly": 1284.85
        },
        "20173": {
            "year_quarter": 20173,
            "year": 2017,
            "quarter": 3,
            "eps": 0.21,
            "eps_growth_year": 600,
            "eps_4q": 0.55,
            "eps_4q_growth_year": null,
            "roe": 2.05,
            "roe_4q": 5.390000000000001,
            "gross_profit": 26265,
            "gross_margin": 7.71,
            "gross_margin_4q_avg": 6.6,
            "net_income": 13063,
            "net_income_4q": null,
            "revenue": 340619,
            "revenue_4q": null,
            "common_shares": 620751,
            "book_valuer_per_share": 10.39,
            "book_valuer_per_share_4q_avg": 10.24,
            "equity": 645268,
            "current_ratio": 203.23,
            "debt_ratio": 40.9,
            "inventory_turnover_ratio": 1.75,
            "account_receivable_turnover_ratio": 0.89,
            "reinvestment_rate": null,
            "research_to_sale_ratio": null,
            "price_fair": 32.2,
            "eps_avg_yearly": 0.92,
            "eps_latest_yearly": 0.96,
            "eps_growth_yearly": 1284.85
        },
        "20174": {
            "year_quarter": 20174,
            "year": 2017,
            "quarter": 4,
            "eps": 0.17,
            "eps_growth_year": -22.81,
            "eps_4q": 0.5,
            "eps_4q_growth_year": 581.61,
            "roe": 1.63,
            "roe_4q": 4.8,
            "gross_profit": 20148,
            "gross_margin": 5.58,
            "gross_margin_4q_avg": 5.9,
            "net_income": 10633,
            "net_income_4q": null,
            "revenue": 361353,
            "revenue_4q": null,
            "common_shares": 620751,
            "book_valuer_per_share": 10.57,
            "book_valuer_per_share_4q_avg": 10.36,
            "equity": 656007,
            "current_ratio": 177.07,
            "debt_ratio": 47.86,
            "inventory_turnover_ratio": 1.65,
            "account_receivable_turnover_ratio": 0.85,
            "reinvestment_rate": null,
            "research_to_sale_ratio": null,
            "price_fair": 29.4,
            "eps_avg_yearly": 0.84,
            "eps_latest_yearly": 0.68,
            "eps_growth_yearly": 831.17
        },
        "20181": {
            "year_quarter": 20181,
            "year": 2018,
            "quarter": 1,
            "eps": 0.14,
            "eps_growth_year": -41.67,
            "eps_4q": 0.39,
            "eps_4q_growth_year": 26.95,
            "roe": 1.3,
            "roe_4q": 3.76,
            "gross_profit": 15368,
            "gross_margin": 4.36,
            "gross_margin_4q_avg": 5.22,
            "net_income": 8568,
            "net_income_4q": null,
            "revenue": 352293,
            "revenue_4q": null,
            "common_shares": 620751,
            "book_valuer_per_share": 10.72,
            "book_valuer_per_share_4q_avg": 10.47,
            "equity": 665706,
            "current_ratio": 183.9,
            "debt_ratio": 45.24,
            "inventory_turnover_ratio": 1.42,
            "account_receivable_turnover_ratio": 0.79,
            "reinvestment_rate": null,
            "research_to_sale_ratio": null,
            "price_fair": 26.95,
            "eps_avg_yearly": 0.77,
            "eps_latest_yearly": 0.56,
            "eps_growth_yearly": 605.73
        },
        "20182": {
            "year_quarter": 20182,
            "year": 2018,
            "quarter": 2,
            "eps": 0.08,
            "eps_growth_year": null,
            "eps_4q": 0.6,
            "eps_4q_growth_year": 66.23,
            "roe": 0.79,
            "roe_4q": 5.77,
            "gross_profit": 21799,
            "gross_margin": 5.8,
            "gross_margin_4q_avg": 5.86,
            "net_income": 5264,
            "net_income_4q": null,
            "revenue": 375941,
            "revenue_4q": null,
            "common_shares": 620751,
            "book_valuer_per_share": 10.79,
            "book_valuer_per_share_4q_avg": 10.62,
            "equity": 670086,
            "current_ratio": 178.8,
            "debt_ratio": 46.89,
            "inventory_turnover_ratio": 1.42,
            "account_receivable_turnover_ratio": 0.8,
            "reinvestment_rate": null,
            "research_to_sale_ratio": null,
            "price_fair": 23.8,
            "eps_avg_yearly": 0.68,
            "eps_latest_yearly": 0.32,
            "eps_growth_yearly": 450.3
        },
        "20183": {
            "year_quarter": 20183,
            "year": 2018,
            "quarter": 3,
            "eps": -0.34,
            "eps_growth_year": -261.9,
            "eps_4q": 0.07,
            "eps_4q_growth_year": -86.74,
            "roe": -3.15,
            "roe_4q": 0.5700000000000001,
            "gross_profit": 5703,
            "gross_margin": 1.74,
            "gross_margin_4q_avg": 4.37,
            "net_income": -20219,
            "net_income_4q": null,
            "revenue": 328663,
            "revenue_4q": null,
            "common_shares": 586609,
            "book_valuer_per_share": 10.45,
            "book_valuer_per_share_4q_avg": 10.63,
            "equity": 613237,
            "current_ratio": 172.71,
            "debt_ratio": 47.69,
            "inventory_turnover_ratio": 1.41,
            "account_receivable_turnover_ratio": 0.72,
            "reinvestment_rate": null,
            "research_to_sale_ratio": null,
            "price_fair": 23.8,
            "eps_avg_yearly": 0.68,
            "eps_latest_yearly": 0.32,
            "eps_growth_yearly": 450.3
        },
        "20184": {
            "year_quarter": 20184,
            "year": 2018,
            "quarter": 4,
            "eps": -0.22,
            "eps_growth_year": -228,
            "eps_4q": -0.33,
            "eps_4q_growth_year": -166.35,
            "roe": -2.11,
            "roe_4q": -3.17,
            "gross_profit": 11692,
            "gross_margin": 4.16,
            "gross_margin_4q_avg": 4.02,
            "net_income": -12792,
            "net_income_4q": null,
            "revenue": 280949,
            "revenue_4q": null,
            "common_shares": 586609,
            "book_valuer_per_share": 10.25,
            "book_valuer_per_share_4q_avg": 10.55,
            "equity": 597974,
            "current_ratio": 200.75,
            "debt_ratio": 40.01,
            "inventory_turnover_ratio": 1.34,
            "account_receivable_turnover_ratio": 0.7,
            "reinvestment_rate": null,
            "research_to_sale_ratio": null,
            "price_fair": 23.8,
            "eps_avg_yearly": 0.68,
            "eps_latest_yearly": 0.32,
            "eps_growth_yearly": 450.3
        },
        "20191": {
            "year_quarter": 20191,
            "year": 2019,
            "quarter": 1,
            "eps": 0.02,
            "eps_growth_year": -85.71,
            "eps_4q": -0.46,
            "eps_4q_growth_year": -217.3,
            "roe": 0.16,
            "roe_4q": -4.31,
            "gross_profit": 11974,
            "gross_margin": 4.62,
            "gross_margin_4q_avg": 4.08,
            "net_income": 931,
            "net_income_4q": null,
            "revenue": 259400,
            "revenue_4q": null,
            "common_shares": 586609,
            "book_valuer_per_share": 10.3,
            "book_valuer_per_share_4q_avg": 10.45,
            "equity": 596712,
            "current_ratio": 215.84,
            "debt_ratio": 37.87,
            "inventory_turnover_ratio": 1.44,
            "account_receivable_turnover_ratio": 0.73,
            "reinvestment_rate": null,
            "research_to_sale_ratio": null,
            "price_fair": 23.8,
            "eps_avg_yearly": 0.68,
            "eps_latest_yearly": 0.32,
            "eps_growth_yearly": 450.3
        },
        "20192": {
            "year_quarter": 20192,
            "year": 2019,
            "quarter": 2,
            "eps": 0,
            "eps_growth_year": -100,
            "eps_4q": -0.55,
            "eps_4q_growth_year": -191.05,
            "roe": 0.03,
            "roe_4q": -5.07,
            "gross_profit": 13050,
            "gross_margin": 5.52,
            "gross_margin_4q_avg": 4.01,
            "net_income": 190,
            "net_income_4q": null,
            "revenue": 236334,
            "revenue_4q": null,
            "common_shares": 586609,
            "book_valuer_per_share": 10.29,
            "book_valuer_per_share_4q_avg": 10.32,
            "equity": 595928,
            "current_ratio": 236.11,
            "debt_ratio": 36.58,
            "inventory_turnover_ratio": 1.35,
            "account_receivable_turnover_ratio": 0.74,
            "reinvestment_rate": null,
            "research_to_sale_ratio": null,
            "price_fair": 23.8,
            "eps_avg_yearly": 0.68,
            "eps_latest_yearly": 0.32,
            "eps_growth_yearly": 450.3
        },
        "20193": {
            "year_quarter": 20193,
            "year": 2019,
            "quarter": 3,
            "eps": -0.19,
            "eps_growth_year": null,
            "eps_4q": -0.39,
            "eps_4q_growth_year": -641.56,
            "roe": -1.84,
            "roe_4q": -3.76,
            "gross_profit": 8316,
            "gross_margin": 3.52,
            "gross_margin_4q_avg": 4.46,
            "net_income": -10765,
            "net_income_4q": null,
            "revenue": 236287,
            "revenue_4q": null,
            "common_shares": 586609,
            "book_valuer_per_share": 10.05,
            "book_valuer_per_share_4q_avg": 10.22,
            "equity": 575100,
            "current_ratio": 290.3,
            "debt_ratio": 31.05,
            "inventory_turnover_ratio": 1.38,
            "account_receivable_turnover_ratio": 0.84,
            "reinvestment_rate": null,
            "research_to_sale_ratio": null,
            "price_fair": 23.8,
            "eps_avg_yearly": 0.68,
            "eps_latest_yearly": 0.32,
            "eps_growth_yearly": 450.3
        },
        "20194": {
            "year_quarter": 20194,
            "year": 2019,
            "quarter": 4,
            "eps": -0.01,
            "eps_growth_year": null,
            "eps_4q": -0.18,
            "eps_4q_growth_year": null,
            "roe": -0.09,
            "roe_4q": -1.7400000000000002,
            "gross_profit": 12885,
            "gross_margin": 7.69,
            "gross_margin_4q_avg": 5.34,
            "net_income": -543,
            "net_income_4q": null,
            "revenue": 167527,
            "revenue_4q": null,
            "common_shares": 586609,
            "book_valuer_per_share": 10.02,
            "book_valuer_per_share_4q_avg": 10.17,
            "equity": 573688,
            "current_ratio": 331.08,
            "debt_ratio": 27.61,
            "inventory_turnover_ratio": 1.1,
            "account_receivable_turnover_ratio": 0.67,
            "reinvestment_rate": -1260.07,
            "research_to_sale_ratio": null,
            "price_fair": 23.8,
            "eps_avg_yearly": 0.68,
            "eps_latest_yearly": 0.32,
            "eps_growth_yearly": 450.3
        },
        "20201": {
            "year_quarter": 20201,
            "year": 2020,
            "quarter": 1,
            "eps": -0.26,
            "eps_growth_year": -1400,
            "eps_4q": -0.46,
            "eps_4q_growth_year": null,
            "roe": -2.68,
            "roe_4q": -4.58,
            "gross_profit": 1307,
            "gross_margin": 0.93,
            "gross_margin_4q_avg": 4.42,
            "net_income": -15154,
            "net_income_4q": null,
            "revenue": 139828,
            "revenue_4q": null,
            "common_shares": 586609,
            "book_valuer_per_share": 9.74,
            "book_valuer_per_share_4q_avg": 10.03,
            "equity": 557622,
            "current_ratio": 407.61,
            "debt_ratio": 23.03,
            "inventory_turnover_ratio": 1.15,
            "account_receivable_turnover_ratio": 0.61,
            "reinvestment_rate": null,
            "research_to_sale_ratio": null,
            "price_fair": 23.8,
            "eps_avg_yearly": 0.68,
            "eps_latest_yearly": 0.32,
            "eps_growth_yearly": 450.3
        },
        "20202": {
            "year_quarter": 20202,
            "year": 2020,
            "quarter": 2,
            "eps": 0.07,
            "eps_growth_year": null,
            "eps_4q": -0.4,
            "eps_4q_growth_year": null,
            "roe": 0.69,
            "roe_4q": -3.92,
            "gross_profit": 11128,
            "gross_margin": 6.62,
            "gross_margin_4q_avg": 4.69,
            "net_income": 3848,
            "net_income_4q": null,
            "revenue": 168091,
            "revenue_4q": null,
            "common_shares": 586609,
            "book_valuer_per_share": 9.78,
            "book_valuer_per_share_4q_avg": 9.9,
            "equity": 559541,
            "current_ratio": 357.84,
            "debt_ratio": 24.42,
            "inventory_turnover_ratio": 1.44,
            "account_receivable_turnover_ratio": 0.78,
            "reinvestment_rate": -1138.73,
            "research_to_sale_ratio": null,
            "price_fair": 23.8,
            "eps_avg_yearly": 0.68,
            "eps_latest_yearly": 0.32,
            "eps_growth_yearly": 450.3
        },
        "20203": {
            "year_quarter": 20203,
            "year": 2020,
            "quarter": 3,
            "eps": 0.21,
            "eps_growth_year": null,
            "eps_4q": 0.01,
            "eps_4q_growth_year": null,
            "roe": 2.17,
            "roe_4q": 0.08999999999999972,
            "gross_profit": 25480,
            "gross_margin": 11.99,
            "gross_margin_4q_avg": 6.81,
            "net_income": 12278,
            "net_income_4q": null,
            "revenue": 212485,
            "revenue_4q": null,
            "common_shares": 586609,
            "book_valuer_per_share": 10.03,
            "book_valuer_per_share_4q_avg": 9.89,
            "equity": 573962,
            "current_ratio": 254.89,
            "debt_ratio": 37.74,
            "inventory_turnover_ratio": 1.87,
            "account_receivable_turnover_ratio": 0.89,
            "reinvestment_rate": -152.25,
            "research_to_sale_ratio": null,
            "price_fair": 24.73,
            "eps_avg_yearly": 0.71,
            "eps_latest_yearly": 0.84,
            "eps_growth_yearly": 508.58
        },
        "20204": {
            "year_quarter": 20204,
            "year": 2020,
            "quarter": 4,
            "eps": 0.1,
            "eps_growth_year": null,
            "eps_4q": 0.12,
            "eps_4q_growth_year": null,
            "roe": 0.87,
            "roe_4q": 1.0499999999999998,
            "gross_profit": 22644,
            "gross_margin": 9.68,
            "gross_margin_4q_avg": 7.31,
            "net_income": 4532,
            "net_income_4q": null,
            "revenue": 234006,
            "revenue_4q": null,
            "common_shares": 469288,
            "book_valuer_per_share": 10.23,
            "book_valuer_per_share_4q_avg": 9.95,
            "equity": 468227,
            "current_ratio": 166.42,
            "debt_ratio": 53.86,
            "inventory_turnover_ratio": 2.18,
            "account_receivable_turnover_ratio": 0.84,
            "reinvestment_rate": -286.51,
            "research_to_sale_ratio": null,
            "price_fair": 21.93,
            "eps_avg_yearly": 0.63,
            "eps_latest_yearly": 0.4,
            "eps_growth_yearly": 51.44
        },
        "20211": {
            "year_quarter": 20211,
            "year": 2021,
            "quarter": 1,
            "eps": 1.49,
            "eps_growth_year": null,
            "eps_4q": 1.94,
            "eps_4q_growth_year": null,
            "roe": 13.61,
            "roe_4q": 17.34,
            "gross_profit": 26607,
            "gross_margin": 12.35,
            "gross_margin_4q_avg": 10.16,
            "net_income": 68241,
            "net_income_4q": null,
            "revenue": 215424,
            "revenue_4q": null,
            "common_shares": 469288,
            "book_valuer_per_share": 11.68,
            "book_valuer_per_share_4q_avg": 10.43,
            "equity": 534598,
            "current_ratio": 201.38,
            "debt_ratio": 44.98,
            "inventory_turnover_ratio": 1.77,
            "account_receivable_turnover_ratio": 0.7,
            "reinvestment_rate": -32.15,
            "research_to_sale_ratio": null,
            "price_fair": 51.1,
            "eps_avg_yearly": 1.46,
            "eps_latest_yearly": 5.96,
            "eps_growth_yearly": 972.04
        },
        "20212": {
            "year_quarter": 20212,
            "year": 2021,
            "quarter": 2,
            "eps": 0.6,
            "eps_growth_year": 757.14,
            "eps_4q": 2.46,
            "eps_4q_growth_year": null,
            "roe": 5.05,
            "roe_4q": 21.700000000000003,
            "gross_profit": 28570,
            "gross_margin": 10.99,
            "gross_margin_4q_avg": 11.25,
            "net_income": 27651,
            "net_income_4q": null,
            "revenue": 260008,
            "revenue_4q": null,
            "common_shares": 469288,
            "book_valuer_per_share": 12.23,
            "book_valuer_per_share_4q_avg": 11.04,
            "equity": 560169,
            "current_ratio": 184.32,
            "debt_ratio": 48.56,
            "inventory_turnover_ratio": 1.7,
            "account_receivable_turnover_ratio": 0.76,
            "reinvestment_rate": -45.31,
            "research_to_sale_ratio": null,
            "price_fair": 55.8,
            "eps_avg_yearly": 1.59,
            "eps_latest_yearly": 2.4,
            "eps_growth_yearly": 799.05
        },
        "20213": {
            "year_quarter": 20213,
            "year": 2021,
            "quarter": 3,
            "eps": 0.08,
            "eps_growth_year": -61.9,
            "eps_4q": 2.25,
            "eps_4q_growth_year": 29909.99,
            "roe": 0.68,
            "roe_4q": 20.21,
            "gross_profit": 24572,
            "gross_margin": 9.69,
            "gross_margin_4q_avg": 10.68,
            "net_income": 3871,
            "net_income_4q": null,
            "revenue": 253578,
            "revenue_4q": null,
            "common_shares": 469288,
            "book_valuer_per_share": 12.41,
            "book_valuer_per_share_4q_avg": 11.64,
            "equity": 575376,
            "current_ratio": 186.58,
            "debt_ratio": 46.7,
            "inventory_turnover_ratio": 1.46,
            "account_receivable_turnover_ratio": 0.67,
            "reinvestment_rate": -39.3,
            "research_to_sale_ratio": null,
            "price_fair": 50.23,
            "eps_avg_yearly": 1.44,
            "eps_latest_yearly": 0.32,
            "eps_growth_yearly": 655.83
        },
        "20214": {
            "year_quarter": 20214,
            "year": 2021,
            "quarter": 4,
            "eps": 0.2,
            "eps_growth_year": 97.76,
            "eps_4q": 2.35,
            "eps_4q_growth_year": 1852.72,
            "roe": 1.56,
            "roe_4q": 20.9,
            "gross_profit": 15319,
            "gross_margin": 6.65,
            "gross_margin_4q_avg": 9.92,
            "net_income": 9076,
            "net_income_4q": null,
            "revenue": 230207,
            "revenue_4q": null,
            "common_shares": 469288,
            "book_valuer_per_share": 12.66,
            "book_valuer_per_share_4q_avg": 12.25,
            "equity": 586921,
            "current_ratio": 173.62,
            "debt_ratio": 49.99,
            "inventory_turnover_ratio": 1.27,
            "account_receivable_turnover_ratio": 0.6,
            "reinvestment_rate": -33.11,
            "research_to_sale_ratio": null,
            "price_fair": 50.75,
            "eps_avg_yearly": 1.45,
            "eps_latest_yearly": 0.8,
            "eps_growth_yearly": 740.36
        },
        "20221": {
            "year_quarter": 20221,
            "year": 2022,
            "quarter": 1,
            "eps": 0.23,
            "eps_growth_year": -84.56,
            "eps_4q": 1.11,
            "eps_4q_growth_year": -42.85,
            "roe": 1.78,
            "roe_4q": 9.07,
            "gross_profit": 14206,
            "gross_margin": 6.75,
            "gross_margin_4q_avg": 8.52,
            "net_income": 10849,
            "net_income_4q": null,
            "revenue": 210492,
            "revenue_4q": null,
            "common_shares": 469288,
            "book_valuer_per_share": 13.57,
            "book_valuer_per_share_4q_avg": 12.72,
            "equity": 629267,
            "current_ratio": 216.78,
            "debt_ratio": 48.24,
            "inventory_turnover_ratio": 1.1,
            "account_receivable_turnover_ratio": 0.57,
            "reinvestment_rate": -24.99,
            "research_to_sale_ratio": null,
            "price_fair": 52.33,
            "eps_avg_yearly": 1.5,
            "eps_latest_yearly": 0.92,
            "eps_growth_yearly": 756.68
        },
        "20222": {
            "year_quarter": 20222,
            "year": 2022,
            "quarter": 2,
            "eps": -0.53,
            "eps_growth_year": -188.33,
            "eps_4q": -0.02,
            "eps_4q_growth_year": -100.75,
            "roe": -4.17,
            "roe_4q": -0.14999999999999958,
            "gross_profit": 18679,
            "gross_margin": 8.24,
            "gross_margin_4q_avg": 7.83,
            "net_income": -24648,
            "net_income_4q": null,
            "revenue": 226737,
            "revenue_4q": null,
            "common_shares": 469288,
            "book_valuer_per_share": 11.94,
            "book_valuer_per_share_4q_avg": 12.65,
            "equity": 553604,
            "current_ratio": 183.42,
            "debt_ratio": 54.65,
            "inventory_turnover_ratio": 1.02,
            "account_receivable_turnover_ratio": 0.63,
            "reinvestment_rate": -10.4,
            "research_to_sale_ratio": null,
            "price_fair": 58.2,
            "eps_avg_yearly": 1.66,
            "eps_latest_yearly": 0.92,
            "eps_growth_yearly": 889.27
        },
        "20223": {
            "year_quarter": 20223,
            "year": 2022,
            "quarter": 3,
            "eps": -0.36,
            "eps_growth_year": -550,
            "eps_4q": -0.46,
            "eps_4q_growth_year": -120.5,
            "roe": -3.06,
            "roe_4q": -3.89,
            "gross_profit": -552,
            "gross_margin": -0.24,
            "gross_margin_4q_avg": 5.35,
            "net_income": -16770,
            "net_income_4q": null,
            "revenue": 229983,
            "revenue_4q": null,
            "common_shares": 471660,
            "book_valuer_per_share": 11.66,
            "book_valuer_per_share_4q_avg": 12.46,
            "equity": 543649,
            "current_ratio": 183.87,
            "debt_ratio": 53.25,
            "inventory_turnover_ratio": 1.07,
            "account_receivable_turnover_ratio": 0.65,
            "reinvestment_rate": 17.43,
            "research_to_sale_ratio": null,
            "price_fair": 58.2,
            "eps_avg_yearly": 1.66,
            "eps_latest_yearly": 0.92,
            "eps_growth_yearly": 889.27
        },
        "20224": {
            "year_quarter": 20224,
            "year": 2022,
            "quarter": 4,
            "eps": -0.91,
            "eps_growth_year": -564.55,
            "eps_4q": -1.56,
            "eps_4q_growth_year": -166.66,
            "roe": -8.14,
            "roe_4q": -13.590000000000002,
            "gross_profit": 23801,
            "gross_margin": 9.15,
            "gross_margin_4q_avg": 5.98,
            "net_income": -42412,
            "net_income_4q": null,
            "revenue": 260077,
            "revenue_4q": null,
            "common_shares": 466432,
            "book_valuer_per_share": 10.68,
            "book_valuer_per_share_4q_avg": 11.96,
            "equity": 498201,
            "current_ratio": 174.91,
            "debt_ratio": 56.79,
            "inventory_turnover_ratio": 1.2,
            "account_receivable_turnover_ratio": 0.7,
            "reinvestment_rate": -32.02,
            "research_to_sale_ratio": null,
            "price_fair": 58.2,
            "eps_avg_yearly": 1.66,
            "eps_latest_yearly": 0.92,
            "eps_growth_yearly": 889.27
        },
        "20231": {
            "year_quarter": 20231,
            "year": 2023,
            "quarter": 1,
            "eps": 0.12,
            "eps_growth_year": -47.83,
            "eps_4q": -1.68,
            "eps_4q_growth_year": -251.19,
            "roe": 1.11,
            "roe_4q": -14.26,
            "gross_profit": 15573,
            "gross_margin": 7.55,
            "gross_margin_4q_avg": 6.18,
            "net_income": 5587,
            "net_income_4q": null,
            "revenue": 206228,
            "revenue_4q": null,
            "common_shares": 466432,
            "book_valuer_per_share": 10.83,
            "book_valuer_per_share_4q_avg": 11.28,
            "equity": 504958,
            "current_ratio": 150.29,
            "debt_ratio": 55.31,
            "inventory_turnover_ratio": 0.91,
            "account_receivable_turnover_ratio": 0.55,
            "reinvestment_rate": -50.39,
            "research_to_sale_ratio": null,
            "price_fair": 58.2,
            "eps_avg_yearly": 1.66,
            "eps_latest_yearly": 0.92,
            "eps_growth_yearly": 889.27
        },
        "20232": {
            "year_quarter": 20232,
            "year": 2023,
            "quarter": 2,
            "eps": -0.38,
            "eps_growth_year": null,
            "eps_4q": -1.52,
            "eps_4q_growth_year": null,
            "roe": -3.61,
            "roe_4q": -13.700000000000001,
            "gross_profit": 11457,
            "gross_margin": 5.16,
            "gross_margin_4q_avg": 5.41,
            "net_income": -17932,
            "net_income_4q": null,
            "revenue": 222033,
            "revenue_4q": null,
            "common_shares": 471083,
            "book_valuer_per_share": 10.39,
            "book_valuer_per_share_4q_avg": 10.89,
            "equity": 489618,
            "current_ratio": 152.5,
            "debt_ratio": 54.08,
            "inventory_turnover_ratio": 1.01,
            "account_receivable_turnover_ratio": 0.65,
            "reinvestment_rate": 99.1,
            "research_to_sale_ratio": null,
            "price_fair": 58.2,
            "eps_avg_yearly": 1.66,
            "eps_latest_yearly": 0.92,
            "eps_growth_yearly": 889.27
        },
        "20233": {
            "year_quarter": 20233,
            "year": 2023,
            "quarter": 3,
            "eps": 0.24,
            "eps_growth_year": null,
            "eps_4q": -0.92,
            "eps_4q_growth_year": null,
            "roe": 2.25,
            "roe_4q": -8.39,
            "gross_profit": 2859,
            "gross_margin": 1.27,
            "gross_margin_4q_avg": 5.78,
            "net_income": 11234,
            "net_income_4q": null,
            "revenue": 224529,
            "revenue_4q": null,
            "common_shares": 471083,
            "book_valuer_per_share": 10.81,
            "book_valuer_per_share_4q_avg": 10.68,
            "equity": 509287,
            "current_ratio": 153.88,
            "debt_ratio": 52.49,
            "inventory_turnover_ratio": 1.25,
            "account_receivable_turnover_ratio": 0.69,
            "reinvestment_rate": 131.66,
            "research_to_sale_ratio": null,
            "price_fair": 58.2,
            "eps_avg_yearly": 1.66,
            "eps_latest_yearly": 0.92,
            "eps_growth_yearly": 889.27
        }
    },
    "months": {
        "2005-03": {
            "month": "2005-03",
            "price": "12.03",
            "revenue": 149008
        },
        "2005-04": {
            "month": "2005-04",
            "price": "13.81",
            "revenue": 124982
        },
        "2005-05": {
            "month": "2005-05",
            "price": "13.47",
            "revenue": 109962
        },
        "2005-06": {
            "month": "2005-06",
            "price": "13.02",
            "revenue": 131418
        },
        "2005-07": {
            "month": "2005-07",
            "price": "13.57",
            "revenue": 117479
        },
        "2006-02": {
            "month": "2006-02",
            "price": "13.84",
            "revenue": 199424
        },
        "2006-03": {
            "month": "2006-03",
            "price": "14.36",
            "revenue": 181478
        },
        "2006-05": {
            "month": "2006-05",
            "price": "15.34",
            "revenue": 229071
        },
        "2006-06": {
            "month": "2006-06",
            "price": "15.00",
            "revenue": 227194
        },
        "2006-07": {
            "month": "2006-07",
            "price": "15.09",
            "revenue": 296736
        },
        "2006-08": {
            "month": "2006-08",
            "price": "15.00",
            "revenue": 296724
        },
        "2006-09": {
            "month": "2006-09",
            "price": "15.49",
            "revenue": 256279
        },
        "2006-10": {
            "month": "2006-10",
            "price": "15.95",
            "revenue": 255827
        },
        "2006-11": {
            "month": "2006-11",
            "price": "16.20",
            "revenue": 279844
        },
        "2006-12": {
            "month": "2006-12",
            "price": "17.22",
            "revenue": 222075
        },
        "2007-01": {
            "month": "2007-01",
            "price": "16.95",
            "revenue": 238996
        },
        "2007-02": {
            "month": "2007-02",
            "price": "17.48",
            "revenue": 168535
        },
        "2007-03": {
            "month": "2007-03",
            "price": "17.44",
            "revenue": 192584
        },
        "2007-04": {
            "month": "2007-04",
            "price": "19.59",
            "revenue": 246139
        },
        "2007-05": {
            "month": "2007-05",
            "price": "19.33",
            "revenue": 264387
        },
        "2007-06": {
            "month": "2007-06",
            "price": "18.29",
            "revenue": 227465
        },
        "2007-07": {
            "month": "2007-07",
            "price": "15.61",
            "revenue": 261217
        },
        "2007-10": {
            "month": "2007-10",
            "price": "14.58",
            "revenue": 255041
        },
        "2007-12": {
            "month": "2007-12",
            "price": "13.25",
            "revenue": 201932
        },
        "2008-01": {
            "month": "2008-01",
            "price": "11.66",
            "revenue": 226500
        },
        "2008-02": {
            "month": "2008-02",
            "price": "10.88",
            "revenue": 160224
        },
        "2008-03": {
            "month": "2008-03",
            "price": "11.68",
            "revenue": 230805
        },
        "2008-04": {
            "month": "2008-04",
            "price": "11.16",
            "revenue": 256374
        },
        "2008-05": {
            "month": "2008-05",
            "price": "11.73",
            "revenue": 217494
        },
        "2008-06": {
            "month": "2008-06",
            "price": "11.24",
            "revenue": 221185
        },
        "2008-07": {
            "month": "2008-07",
            "price": "11.50",
            "revenue": 253889
        },
        "2008-09": {
            "month": "2008-09",
            "price": "13.15",
            "revenue": 178241
        },
        "2008-10": {
            "month": "2008-10",
            "price": "10.13",
            "revenue": 171388
        },
        "2008-11": {
            "month": "2008-11",
            "price": "9.69",
            "revenue": 96092
        },
        "2008-12": {
            "month": "2008-12",
            "price": "10.03",
            "revenue": 71800
        },
        "2009-04": {
            "month": "2009-04",
            "price": "9.57",
            "revenue": 112326
        },
        "2009-05": {
            "month": "2009-05",
            "price": "9.65",
            "revenue": 136147
        },
        "2009-06": {
            "month": "2009-06",
            "price": "9.54",
            "revenue": 153042
        },
        "2009-07": {
            "month": "2009-07",
            "price": "9.17",
            "revenue": 153295
        },
        "2009-08": {
            "month": "2009-08",
            "price": "10.21",
            "revenue": 165000
        },
        "2009-09": {
            "month": "2009-09",
            "price": "10.10",
            "revenue": 231925
        },
        "2009-10": {
            "month": "2009-10",
            "price": "10.85",
            "revenue": 156551
        },
        "2009-11": {
            "month": "2009-11",
            "price": "12.46",
            "revenue": 223762
        },
        "2009-12": {
            "month": "2009-12",
            "price": "13.23",
            "revenue": 164676
        },
        "2010-01": {
            "month": "2010-01",
            "price": "13.36",
            "revenue": 216693
        },
        "2010-02": {
            "month": "2010-02",
            "price": "13.64",
            "revenue": 131328
        },
        "2010-03": {
            "month": "2010-03",
            "price": "13.78",
            "revenue": 237784
        },
        "2010-04": {
            "month": "2010-04",
            "price": "14.75",
            "revenue": 256864
        },
        "2010-05": {
            "month": "2010-05",
            "price": "21.26",
            "revenue": 215984
        },
        "2010-06": {
            "month": "2010-06",
            "price": "21.80",
            "revenue": 204622
        },
        "2010-07": {
            "month": "2010-07",
            "price": "23.42",
            "revenue": 213374
        },
        "2010-08": {
            "month": "2010-08",
            "price": "22.83",
            "revenue": 220952
        },
        "2010-09": {
            "month": "2010-09",
            "price": "24.85",
            "revenue": 228145
        },
        "2010-10": {
            "month": "2010-10",
            "price": "20.93",
            "revenue": 250349
        },
        "2010-11": {
            "month": "2010-11",
            "price": "18.76",
            "revenue": 219236
        },
        "2010-12": {
            "month": "2010-12",
            "price": "17.74",
            "revenue": 218269
        },
        "2011-01": {
            "month": "2011-01",
            "price": "17.95",
            "revenue": 203076
        },
        "2011-02": {
            "month": "2011-02",
            "price": "18.00",
            "revenue": 174809
        },
        "2011-03": {
            "month": "2011-03",
            "price": "17.34",
            "revenue": 223680
        },
        "2011-04": {
            "month": "2011-04",
            "price": "17.03",
            "revenue": 254456
        },
        "2011-05": {
            "month": "2011-05",
            "price": "17.47",
            "revenue": 210400
        },
        "2011-06": {
            "month": "2011-06",
            "price": "17.78",
            "revenue": 242030
        },
        "2011-07": {
            "month": "2011-07",
            "price": "17.01",
            "revenue": 240039
        },
        "2011-08": {
            "month": "2011-08",
            "price": "19.65",
            "revenue": 213444
        },
        "2011-09": {
            "month": "2011-09",
            "price": "27.51",
            "revenue": 189487
        },
        "2011-10": {
            "month": "2011-10",
            "price": "25.03",
            "revenue": 177020
        },
        "2011-11": {
            "month": "2011-11",
            "price": "26.35",
            "revenue": 190341
        },
        "2011-12": {
            "month": "2011-12",
            "price": "28.51",
            "revenue": 210073
        },
        "2012-01": {
            "month": "2012-01",
            "price": "28.11",
            "revenue": 116901
        },
        "2012-02": {
            "month": "2012-02",
            "price": "31.64",
            "revenue": 182436
        },
        "2012-03": {
            "month": "2012-03",
            "price": "30.60",
            "revenue": 206842
        },
        "2012-04": {
            "month": "2012-04",
            "price": "28.53",
            "revenue": 168578
        },
        "2012-05": {
            "month": "2012-05",
            "price": "27.85",
            "revenue": 181651
        },
        "2012-06": {
            "month": "2012-06",
            "price": "28.11",
            "revenue": 160603
        },
        "2012-07": {
            "month": "2012-07",
            "price": "28.94",
            "revenue": 164717
        },
        "2012-08": {
            "month": "2012-08",
            "price": "29.03",
            "revenue": 199643
        },
        "2012-09": {
            "month": "2012-09",
            "price": "30.22",
            "revenue": 174829
        },
        "2012-10": {
            "month": "2012-10",
            "price": "26.64",
            "revenue": 184757
        },
        "2012-11": {
            "month": "2012-11",
            "price": "24.80",
            "revenue": 173341
        },
        "2012-12": {
            "month": "2012-12",
            "price": "23.53",
            "revenue": 178401
        },
        "2013-01": {
            "month": "2013-01",
            "price": "23.42",
            "revenue": 213407
        },
        "2013-02": {
            "month": "2013-02",
            "price": "23.03",
            "revenue": 120940
        },
        "2013-03": {
            "month": "2013-03",
            "price": "21.23",
            "revenue": 190910
        },
        "2013-04": {
            "month": "2013-04",
            "price": "17.58",
            "revenue": 194557
        },
        "2013-05": {
            "month": "2013-05",
            "price": "17.88",
            "revenue": 198139
        },
        "2013-06": {
            "month": "2013-06",
            "price": "18.08",
            "revenue": 160323
        },
        "2013-07": {
            "month": "2013-07",
            "price": "16.73",
            "revenue": 150934
        },
        "2013-08": {
            "month": "2013-08",
            "price": "15.43",
            "revenue": 160468
        },
        "2013-09": {
            "month": "2013-09",
            "price": "14.89",
            "revenue": 152412
        },
        "2013-10": {
            "month": "2013-10",
            "price": "13.74",
            "revenue": 139623
        },
        "2013-11": {
            "month": "2013-11",
            "price": "13.18",
            "revenue": 154733
        },
        "2013-12": {
            "month": "2013-12",
            "price": "14.01",
            "revenue": 146652
        },
        "2014-01": {
            "month": "2014-01",
            "price": "16.30",
            "revenue": 118658
        },
        "2014-02": {
            "month": "2014-02",
            "price": "24.37",
            "revenue": 76953
        },
        "2014-03": {
            "month": "2014-03",
            "price": "28.75",
            "revenue": 125942
        },
        "2014-04": {
            "month": "2014-04",
            "price": "27.76",
            "revenue": 123387
        },
        "2014-05": {
            "month": "2014-05",
            "price": "25.53",
            "revenue": 122213
        },
        "2014-06": {
            "month": "2014-06",
            "price": "23.72",
            "revenue": 99172
        },
        "2014-07": {
            "month": "2014-07",
            "price": "20.52",
            "revenue": 127168
        },
        "2014-08": {
            "month": "2014-08",
            "price": "18.20",
            "revenue": 98622
        },
        "2014-09": {
            "month": "2014-09",
            "price": "18.64",
            "revenue": 91633
        },
        "2014-10": {
            "month": "2014-10",
            "price": "17.95",
            "revenue": 87805
        },
        "2014-11": {
            "month": "2014-11",
            "price": "18.56",
            "revenue": 107665
        },
        "2014-12": {
            "month": "2014-12",
            "price": "20.06",
            "revenue": 104489
        },
        "2015-01": {
            "month": "2015-01",
            "price": "20.05",
            "revenue": 106708
        },
        "2015-02": {
            "month": "2015-02",
            "price": "18.25",
            "revenue": 55712
        },
        "2015-03": {
            "month": "2015-03",
            "price": "18.54",
            "revenue": 96696
        },
        "2015-04": {
            "month": "2015-04",
            "price": "18.52",
            "revenue": 111819
        },
        "2015-05": {
            "month": "2015-05",
            "price": "15.74",
            "revenue": 102113
        },
        "2015-06": {
            "month": "2015-06",
            "price": "13.83",
            "revenue": 79769
        },
        "2015-07": {
            "month": "2015-07",
            "price": "13.31",
            "revenue": 89598
        },
        "2015-08": {
            "month": "2015-08",
            "price": "11.06",
            "revenue": 85432
        },
        "2015-09": {
            "month": "2015-09",
            "price": "11.25",
            "revenue": 73650
        },
        "2015-10": {
            "month": "2015-10",
            "price": "11.12",
            "revenue": 100925
        },
        "2015-11": {
            "month": "2015-11",
            "price": "13.08",
            "revenue": 93859
        },
        "2015-12": {
            "month": "2015-12",
            "price": "12.37",
            "revenue": 89172
        },
        "2016-01": {
            "month": "2016-01",
            "price": "10.62",
            "revenue": 84359
        },
        "2016-02": {
            "month": "2016-02",
            "price": "11.20",
            "revenue": 46088
        },
        "2016-03": {
            "month": "2016-03",
            "price": "11.33",
            "revenue": 79600
        },
        "2016-04": {
            "month": "2016-04",
            "price": "10.39",
            "revenue": 72479
        },
        "2016-05": {
            "month": "2016-05",
            "price": "9.63",
            "revenue": 68752
        },
        "2016-06": {
            "month": "2016-06",
            "price": "9.06",
            "revenue": 68133
        },
        "2016-07": {
            "month": "2016-07",
            "price": "7.94",
            "revenue": 68802
        },
        "2016-08": {
            "month": "2016-08",
            "price": "7.78",
            "revenue": 80618
        },
        "2016-09": {
            "month": "2016-09",
            "price": "7.97",
            "revenue": 78350
        },
        "2016-10": {
            "month": "2016-10",
            "price": "7.74",
            "revenue": 84902
        },
        "2016-11": {
            "month": "2016-11",
            "price": "8.00",
            "revenue": 99209
        },
        "2016-12": {
            "month": "2016-12",
            "price": "8.70",
            "revenue": 107645
        },
        "2017-01": {
            "month": "2017-01",
            "price": "8.70",
            "revenue": 80997
        },
        "2017-02": {
            "month": "2017-02",
            "price": "9.59",
            "revenue": 91576
        },
        "2017-03": {
            "month": "2017-03",
            "price": "9.36",
            "revenue": 100847
        },
        "2017-04": {
            "month": "2017-04",
            "price": "9.51",
            "revenue": 93691
        },
        "2017-05": {
            "month": "2017-05",
            "price": "9.54",
            "revenue": 94221
        },
        "2017-06": {
            "month": "2017-06",
            "price": "10.21",
            "revenue": 105982
        },
        "2017-07": {
            "month": "2017-07",
            "price": "10.48",
            "revenue": 107088
        },
        "2017-08": {
            "month": "2017-08",
            "price": "10.69",
            "revenue": 123149
        },
        "2017-09": {
            "month": "2017-09",
            "price": "11.17",
            "revenue": 110035
        },
        "2017-10": {
            "month": "2017-10",
            "price": "11.38",
            "revenue": 123292
        },
        "2017-11": {
            "month": "2017-11",
            "price": "11.11",
            "revenue": 129934
        },
        "2017-12": {
            "month": "2017-12",
            "price": "11.11",
            "revenue": 107711
        },
        "2018-01": {
            "month": "2018-01",
            "price": "12.43",
            "revenue": 149081
        },
        "2018-02": {
            "month": "2018-02",
            "price": "12.25",
            "revenue": 67178
        },
        "2018-03": {
            "month": "2018-03",
            "price": "12.27",
            "revenue": 135833
        },
        "2018-04": {
            "month": "2018-04",
            "price": "12.28",
            "revenue": 121572
        },
        "2018-05": {
            "month": "2018-05",
            "price": "12.06",
            "revenue": 135575
        },
        "2018-06": {
            "month": "2018-06",
            "price": "11.90",
            "revenue": 118054
        },
        "2018-07": {
            "month": "2018-07",
            "price": "11.80",
            "revenue": 118323
        },
        "2018-08": {
            "month": "2018-08",
            "price": "11.44",
            "revenue": 106760
        },
        "2018-09": {
            "month": "2018-09",
            "price": "10.78",
            "revenue": 106207
        },
        "2018-10": {
            "month": "2018-10",
            "price": "10.18",
            "revenue": 96915
        },
        "2018-11": {
            "month": "2018-11",
            "price": "9.46",
            "revenue": 90684
        },
        "2018-12": {
            "month": "2018-12",
            "price": "9.69",
            "revenue": 95976
        },
        "2019-01": {
            "month": "2019-01",
            "price": "9.58",
            "revenue": 103877
        },
        "2019-02": {
            "month": "2019-02",
            "price": "9.47",
            "revenue": 58677
        },
        "2019-03": {
            "month": "2019-03",
            "price": "9.12",
            "revenue": 96632
        },
        "2019-04": {
            "month": "2019-04",
            "price": "9.12",
            "revenue": 85711
        },
        "2019-05": {
            "month": "2019-05",
            "price": "9.27",
            "revenue": 87651
        },
        "2019-06": {
            "month": "2019-06",
            "price": "9.03",
            "revenue": 63159
        },
        "2019-07": {
            "month": "2019-07",
            "price": "9.97",
            "revenue": 74700
        },
        "2019-08": {
            "month": "2019-08",
            "price": "9.82",
            "revenue": 81615
        },
        "2019-09": {
            "month": "2019-09",
            "price": "9.56",
            "revenue": 81711
        },
        "2019-10": {
            "month": "2019-10",
            "price": "9.34",
            "revenue": 83107
        },
        "2019-11": {
            "month": "2019-11",
            "price": "12.52",
            "revenue": 65710
        },
        "2019-12": {
            "month": "2019-12",
            "price": "14.03",
            "revenue": 86138
        },
        "2020-01": {
            "month": "2020-01",
            "price": "10.43",
            "revenue": 37115
        },
        "2020-02": {
            "month": "2020-02",
            "price": "9.64",
            "revenue": 36063
        },
        "2020-03": {
            "month": "2020-03",
            "price": "8.43",
            "revenue": 66697
        },
        "2020-04": {
            "month": "2020-04",
            "price": "7.17",
            "revenue": 56397
        },
        "2020-05": {
            "month": "2020-05",
            "price": "7.92",
            "revenue": 54448
        },
        "2020-06": {
            "month": "2020-06",
            "price": "8.20",
            "revenue": 58489
        },
        "2020-07": {
            "month": "2020-07",
            "price": "8.41",
            "revenue": 58813
        },
        "2020-08": {
            "month": "2020-08",
            "price": "8.76",
            "revenue": 80489
        },
        "2020-09": {
            "month": "2020-09",
            "price": "10.30",
            "revenue": 73061
        },
        "2020-10": {
            "month": "2020-10",
            "price": "11.84",
            "revenue": 72280
        },
        "2020-11": {
            "month": "2020-11",
            "price": "12.03",
            "revenue": 81826
        },
        "2020-12": {
            "month": "2020-12",
            "price": "13.58",
            "revenue": 77518
        },
        "2021-01": {
            "month": "2021-01",
            "price": "16.66",
            "revenue": 86052
        },
        "2021-02": {
            "month": "2021-02",
            "price": "25.61",
            "revenue": 30700
        },
        "2021-03": {
            "month": "2021-03",
            "price": "27.42",
            "revenue": 99046
        },
        "2021-04": {
            "month": "2021-04",
            "price": "25.90",
            "revenue": 97990
        },
        "2021-05": {
            "month": "2021-05",
            "price": "20.48",
            "revenue": 87601
        },
        "2021-06": {
            "month": "2021-06",
            "price": "20.10",
            "revenue": 75912
        },
        "2021-07": {
            "month": "2021-07",
            "price": "20.66",
            "revenue": 79311
        },
        "2021-08": {
            "month": "2021-08",
            "price": "19.91",
            "revenue": 86862
        },
        "2021-09": {
            "month": "2021-09",
            "price": "19.85",
            "revenue": 89419
        },
        "2021-10": {
            "month": "2021-10",
            "price": "18.54",
            "revenue": 80008
        },
        "2021-11": {
            "month": "2021-11",
            "price": "19.58",
            "revenue": 70316
        },
        "2021-12": {
            "month": "2021-12",
            "price": "21.68",
            "revenue": 79148
        },
        "2022-01": {
            "month": "2022-01",
            "price": "23.62",
            "revenue": 62594
        },
        "2022-02": {
            "month": "2022-02",
            "price": "21.93",
            "revenue": 59797
        },
        "2022-03": {
            "month": "2022-03",
            "price": "19.82",
            "revenue": 86676
        },
        "2022-04": {
            "month": "2022-04",
            "price": "19.64",
            "revenue": 87241
        },
        "2022-05": {
            "month": "2022-05",
            "price": "18.66",
            "revenue": 64730
        },
        "2022-06": {
            "month": "2022-06",
            "price": "18.35",
            "revenue": 74166
        },
        "2022-07": {
            "month": "2022-07",
            "price": "18.46",
            "revenue": 68746
        },
        "2022-08": {
            "month": "2022-08",
            "price": "17.99",
            "revenue": 80710
        },
        "2022-09": {
            "month": "2022-09",
            "price": "25.35",
            "revenue": 80278
        },
        "2022-10": {
            "month": "2022-10",
            "price": "25.20",
            "revenue": 73592
        },
        "2022-11": {
            "month": "2022-11",
            "price": "25.56",
            "revenue": 94068
        },
        "2022-12": {
            "month": "2022-12",
            "price": "25.58",
            "revenue": 93669
        },
        "2023-01": {
            "month": "2023-01",
            "price": "25.01",
            "revenue": 53294
        },
        "2023-02": {
            "month": "2023-02",
            "price": "26.26",
            "revenue": 71617
        },
        "2023-03": {
            "month": "2023-03",
            "price": "24.73",
            "revenue": 81889
        },
        "2023-04": {
            "month": "2023-04",
            "price": "21.14",
            "revenue": 71557
        },
        "2023-05": {
            "month": "2023-05",
            "price": "20.80",
            "revenue": 73286
        },
        "2023-06": {
            "month": "2023-06",
            "price": "19.64",
            "revenue": 79666
        },
        "2023-07": {
            "month": "2023-07",
            "price": "18.67",
            "revenue": 78020
        },
        "2023-08": {
            "month": "2023-08",
            "price": "16.99",
            "revenue": 74411
        },
        "2023-09": {
            "month": "2023-09",
            "price": "15.83",
            "revenue": 73433
        },
        "2023-10": {
            "month": "2023-10",
            "price": "15.52",
            "revenue": 64312
        },
        "2023-11": {
            "month": "2023-11",
            "price": "14.97",
            "revenue": 85505
        },
        "2023-12": {
            "month": "2023-12",
            "price": "16.81",
            "revenue": 84559
        }
    }
}
