{
    "summary": {
        "stock_name": "橋椿",
        "stock_id": "2062",
        "category": "居家生活",
        "main_business": "水管開關配件<br>閘門凡而、考克、水道衛生器材<br>各種銅器等之製造加工及買賣",
        "website_url": "http://www.sunspring.com.tw",
        "ceo": "楊慶祺",
        "pe_ratio": 19,
        "report_year_from": 2006,
        "report_year_to": 2023,
        "age": 18,
        "eps_negative_percentage": 6,
        "eps_growth_avg": {
            "last_all": -6.17,
            "last_2y": -2.4,
            "last_4y": -35.39,
            "last_8y": -30.19,
            "last_12y": -19.17,
            "last_16y": -6.17,
            "last_20y": null,
            "at_2006_last_3y": null,
            "at_2007_last_3y": null,
            "at_2008_last_3y": null,
            "at_2009_last_3y": null,
            "at_2010_last_3y": 32.81,
            "at_2011_last_3y": 1.29,
            "at_2012_last_3y": 9.6,
            "at_2013_last_3y": 24.08,
            "at_2014_last_3y": 2.88,
            "at_2015_last_3y": 12.16,
            "at_2016_last_3y": 22.12,
            "at_2017_last_3y": -20.6,
            "at_2018_last_3y": -24.98,
            "at_2019_last_3y": -34.3,
            "at_2020_last_3y": -64.13,
            "at_2021_last_3y": -61.88,
            "at_2022_last_3y": -27.9,
            "at_2023_last_3y": -34.94,
            "at_2024_last_3y": -34.94,
            "at_2006_last_all": null,
            "at_2007_last_all": null,
            "at_2008_last_all": 17.84,
            "at_2009_last_all": 25.92,
            "at_2010_last_all": 32.81,
            "at_2011_last_all": 18.93,
            "at_2012_last_all": 12.35,
            "at_2013_last_all": 24.87,
            "at_2014_last_all": 17.84,
            "at_2015_last_all": 15.92,
            "at_2016_last_all": 16.26,
            "at_2017_last_all": 8.33,
            "at_2018_last_all": 3.57,
            "at_2019_last_all": 0.46,
            "at_2020_last_all": -6.71,
            "at_2021_last_all": -6.71,
            "at_2022_last_all": -2.73,
            "at_2023_last_all": -6.17,
            "at_2024_last_all": -6.17
        },
        "latest_eps": 1.57,
        "latest_price": 30,
        "latest_roe": 4.29,
        "latest_gross_margin": 13.3,
        "latest_equity": 7346635,
        "latest_revenue": 2123941,
        "latest_gross_profit": 282566,
        "latest_net_income": 111147,
        "latest_debt_ratio": 42.77,
        "latest_current_ratio": 171.43,
        "latest_account_receivable_turnover_ratio": 0.73,
        "latest_inventory_turnover_ratio": 1.13,
        "latest_reinvestment_rate": -137.92,
        "latest_research_to_sale_ratio": 0.47
    },
    "eps_dividends": {
        "2001": {
            "cash": 0,
            "stock": 0,
            "eps": 0
        },
        "2002": {
            "cash": 0,
            "stock": 0,
            "eps": 0
        },
        "2003": {
            "cash": 0,
            "stock": 0,
            "eps": 0
        },
        "2004": {
            "cash": 0,
            "stock": 0,
            "eps": 0
        },
        "2005": {
            "cash": 0,
            "stock": 0,
            "eps": 0
        },
        "2006": {
            "cash": 2.5,
            "stock": 0,
            "eps": 2.09
        },
        "2007": {
            "cash": 2.12,
            "stock": 0,
            "eps": 3.96
        },
        "2008": {
            "cash": 2,
            "stock": 0,
            "eps": 1.83
        },
        "2009": {
            "cash": 1.1,
            "stock": 0,
            "eps": 2.6
        },
        "2010": {
            "cash": 2.33,
            "stock": 0,
            "eps": 3.99
        },
        "2011": {
            "cash": 5.7,
            "stock": 0,
            "eps": 2.53
        },
        "2012": {
            "cash": 0,
            "stock": 0,
            "eps": 2.01
        },
        "2013": {
            "cash": 2,
            "stock": 0,
            "eps": 5.55
        },
        "2014": {
            "cash": 4.5,
            "stock": 0,
            "eps": 3.81
        },
        "2015": {
            "cash": 2.68,
            "stock": 0,
            "eps": 3.83
        },
        "2016": {
            "cash": 1,
            "stock": 0,
            "eps": 4.57
        },
        "2017": {
            "cash": 1,
            "stock": 0,
            "eps": 1.33
        },
        "2018": {
            "cash": 0.3,
            "stock": 0,
            "eps": 0.68
        },
        "2019": {
            "cash": 0.3,
            "stock": 0,
            "eps": 0.43
        },
        "2020": {
            "cash": 0.1,
            "stock": 0,
            "eps": -0.48
        },
        "2021": {
            "cash": 0.1,
            "stock": 0,
            "eps": 2.45
        },
        "2022": {
            "cash": 0.5,
            "stock": 0,
            "eps": 3.75
        },
        "2023": {
            "cash": 1,
            "stock": 0,
            "eps": 1.58
        },
        "2024": {
            "cash": 0.8,
            "stock": 0,
            "eps": 0
        }
    },
    "dividends": {
        "2006-03-05": {
            "cash": 2.5,
            "stock": 0
        },
        "2007-06-02": {
            "cash": 2.12,
            "stock": 0
        },
        "2008-04-25": {
            "cash": 2,
            "stock": 0
        },
        "2009-03-27": {
            "cash": 1.1,
            "stock": 0
        },
        "2010-03-01": {
            "cash": 2.33,
            "stock": 0
        },
        "2011-01-01": {
            "cash": 2.2,
            "stock": 0
        },
        "2011-03-04": {
            "cash": 3.5,
            "stock": 0
        },
        "2013-03-18": {
            "cash": 2,
            "stock": 0
        },
        "2014-05-06": {
            "cash": 4.5,
            "stock": 0
        },
        "2015-10-08": {
            "cash": 2.68,
            "stock": 0
        },
        "2016-10-28": {
            "cash": 1,
            "stock": 0
        },
        "2017-11-24": {
            "cash": 1,
            "stock": 0
        },
        "2018-11-23": {
            "cash": 0.3,
            "stock": 0
        },
        "2019-10-18": {
            "cash": 0.3,
            "stock": 0
        },
        "2020-10-16": {
            "cash": 0.1,
            "stock": 0
        },
        "2021-10-22": {
            "cash": 0.1,
            "stock": 0
        },
        "2022-12-09": {
            "cash": 0.5,
            "stock": 0
        },
        "2023-08-18": {
            "cash": 1,
            "stock": 0
        },
        "2024-02-26": {
            "cash": 0.8,
            "stock": 0
        }
    },
    "prices": {
        "200101": "無",
        "200102": "無",
        "200103": "無",
        "200104": "無",
        "200105": "無",
        "200106": "無",
        "200107": "無",
        "200108": "無",
        "200109": "無",
        "200110": "無",
        "200111": "無",
        "200112": "無",
        "200201": "無",
        "200202": "無",
        "200203": "無",
        "200204": "無",
        "200205": "無",
        "200206": "無",
        "200207": "無",
        "200208": "無",
        "200209": "無",
        "200210": "無",
        "200211": "無",
        "200212": "無",
        "200301": "無",
        "200302": "無",
        "200303": "無",
        "200304": "無",
        "200305": "無",
        "200306": "無",
        "200307": "無",
        "200308": "無",
        "200309": "無",
        "200310": "無",
        "200311": "無",
        "200312": "無",
        "200401": "無",
        "200402": "無",
        "200403": "無",
        "200404": "無",
        "200405": "無",
        "200406": "無",
        "200407": "無",
        "200408": "無",
        "200409": "無",
        "200410": "無",
        "200411": "無",
        "200412": "無",
        "200501": "無",
        "200502": "無",
        "200503": "無",
        "200504": "無",
        "200505": "無",
        "200506": "無",
        "200507": "無",
        "200508": "無",
        "200509": "無",
        "200510": "無",
        "200511": "無",
        "200512": "無",
        "200601": "無",
        "200602": "無",
        "200603": "無",
        "200604": "無",
        "200605": "無",
        "200606": "無",
        "200607": "無",
        "200608": "無",
        "200609": "無",
        "200610": "無",
        "200611": "無",
        "200612": "60.12",
        "200701": "59.98",
        "200702": "66.10",
        "200703": "68.94",
        "200704": "68.40",
        "200705": "62.25",
        "200706": "64.97",
        "200707": "69.66",
        "200708": "72.51",
        "200709": "67.96",
        "200710": "64.84",
        "200711": "48.00",
        "200712": "46.38",
        "200801": "43.98",
        "200802": "40.71",
        "200803": "41.52",
        "200804": "38.51",
        "200805": "32.04",
        "200806": "31.92",
        "200807": "33.92",
        "200808": "33.57",
        "200809": "30.92",
        "200810": "28.09",
        "200811": "24.12",
        "200812": "21.71",
        "200901": "19.56",
        "200902": "19.93",
        "200903": "20.32",
        "200904": "21.99",
        "200905": "22.60",
        "200906": "22.21",
        "200907": "22.57",
        "200908": "24.98",
        "200909": "28.71",
        "200910": "28.58",
        "200911": "29.75",
        "200912": "30.81",
        "201001": "32.86",
        "201002": "30.02",
        "201003": "35.10",
        "201004": "41.09",
        "201005": "38.48",
        "201006": "37.47",
        "201007": "36.86",
        "201008": "40.07",
        "201009": "38.97",
        "201010": "39.25",
        "201011": "38.71",
        "201012": "38.30",
        "201101": "38.18",
        "201102": "37.57",
        "201103": "39.99",
        "201104": "43.69",
        "201105": "37.97",
        "201106": "35.45",
        "201107": "35.02",
        "201108": "30.19",
        "201109": "29.33",
        "201110": "29.38",
        "201111": "28.74",
        "201112": "28.59",
        "201201": "28.60",
        "201202": "30.99",
        "201203": "32.99",
        "201204": "31.93",
        "201205": "31.27",
        "201206": "30.26",
        "201207": "30.21",
        "201208": "30.17",
        "201209": "28.26",
        "201210": "27.60",
        "201211": "27.18",
        "201212": "29.93",
        "201301": "29.92",
        "201302": "30.18",
        "201303": "31.11",
        "201304": "38.64",
        "201305": "50.73",
        "201306": "55.37",
        "201307": "69.99",
        "201308": "75.95",
        "201309": "76.78",
        "201310": "82.85",
        "201311": "81.23",
        "201312": "79.79",
        "201401": "79.09",
        "201402": "81.79",
        "201403": "86.29",
        "201404": "75.63",
        "201405": "61.18",
        "201406": "56.11",
        "201407": "52.89",
        "201408": "51.62",
        "201409": "49.09",
        "201410": "47.29",
        "201411": "50.57",
        "201412": "54.20",
        "201501": "59.64",
        "201502": "59.13",
        "201503": "63.70",
        "201504": "60.07",
        "201505": "56.00",
        "201506": "50.50",
        "201507": "44.28",
        "201508": "36.54",
        "201509": "42.90",
        "201510": "44.40",
        "201511": "45.19",
        "201512": "41.66",
        "201601": "42.43",
        "201602": "43.85",
        "201603": "42.08",
        "201604": "40.11",
        "201605": "42.63",
        "201606": "40.69",
        "201607": "42.57",
        "201608": "42.81",
        "201609": "43.21",
        "201610": "41.80",
        "201611": "40.41",
        "201612": "40.72",
        "201701": "41.33",
        "201702": "43.17",
        "201703": "41.40",
        "201704": "44.01",
        "201705": "43.28",
        "201706": "44.54",
        "201707": "43.01",
        "201708": "39.80",
        "201709": "38.88",
        "201710": "38.95",
        "201711": "37.34",
        "201712": "36.84",
        "201801": "36.02",
        "201802": "35.85",
        "201803": "35.87",
        "201804": "36.29",
        "201805": "36.39",
        "201806": "36.10",
        "201807": "35.31",
        "201808": "36.37",
        "201809": "36.27",
        "201810": "32.06",
        "201811": "33.03",
        "201812": "33.69",
        "201901": "33.05",
        "201902": "32.03",
        "201903": "32.49",
        "201904": "35.03",
        "201905": "34.92",
        "201906": "35.17",
        "201907": "33.55",
        "201908": "30.70",
        "201909": "30.46",
        "201910": "29.56",
        "201911": "28.41",
        "201912": "27.50",
        "202001": "27.21",
        "202002": "24.72",
        "202003": "19.60",
        "202004": "20.40",
        "202005": "19.82",
        "202006": "20.82",
        "202007": "22.54",
        "202008": "25.46",
        "202009": "26.28",
        "202010": "25.75",
        "202011": "24.19",
        "202012": "24.12",
        "202101": "23.88",
        "202102": "24.48",
        "202103": "30.01",
        "202104": "34.23",
        "202105": "28.56",
        "202106": "28.55",
        "202107": "32.13",
        "202108": "28.66",
        "202109": "26.63",
        "202110": "26.43",
        "202111": "28.41",
        "202112": "27.18",
        "202201": "27.58",
        "202202": "28.29",
        "202203": "26.66",
        "202204": "26.68",
        "202205": "25.58",
        "202206": "24.97",
        "202207": "23.68",
        "202208": "25.91",
        "202209": "23.96",
        "202210": "21.63",
        "202211": "21.76",
        "202212": "22.40",
        "202301": "23.42",
        "202302": "23.99",
        "202303": "23.16",
        "202304": "22.65",
        "202305": "21.71",
        "202306": "22.63",
        "202307": "22.88",
        "202308": "21.99",
        "202309": "22.14",
        "202310": "22.00",
        "202311": "23.70",
        "202312": "25.43"
    },
    "quarters": {
        "20011": {
            "year_quarter": 20011,
            "year": 2001,
            "quarter": 1,
            "eps": null,
            "eps_growth_year": null,
            "eps_4q": null,
            "eps_4q_growth_year": null,
            "roe": null,
            "roe_4q": 0,
            "gross_profit": null,
            "gross_margin": null,
            "gross_margin_4q_avg": 0,
            "net_income": null,
            "net_income_4q": null,
            "revenue": null,
            "revenue_4q": null,
            "common_shares": null,
            "book_valuer_per_share": null,
            "book_valuer_per_share_4q_avg": 0,
            "equity": null,
            "current_ratio": null,
            "debt_ratio": null,
            "inventory_turnover_ratio": null,
            "account_receivable_turnover_ratio": null,
            "reinvestment_rate": null,
            "research_to_sale_ratio": null,
            "price_fair": 0,
            "eps_avg_yearly": 0,
            "eps_latest_yearly": 0,
            "eps_growth_yearly": 0
        },
        "20012": {
            "year_quarter": 20012,
            "year": 2001,
            "quarter": 2,
            "eps": null,
            "eps_growth_year": null,
            "eps_4q": null,
            "eps_4q_growth_year": null,
            "roe": null,
            "roe_4q": 0,
            "gross_profit": null,
            "gross_margin": null,
            "gross_margin_4q_avg": 0,
            "net_income": null,
            "net_income_4q": null,
            "revenue": null,
            "revenue_4q": null,
            "common_shares": null,
            "book_valuer_per_share": null,
            "book_valuer_per_share_4q_avg": 0,
            "equity": null,
            "current_ratio": null,
            "debt_ratio": null,
            "inventory_turnover_ratio": null,
            "account_receivable_turnover_ratio": null,
            "reinvestment_rate": null,
            "research_to_sale_ratio": null,
            "price_fair": 0,
            "eps_avg_yearly": 0,
            "eps_latest_yearly": 0,
            "eps_growth_yearly": 0
        },
        "20013": {
            "year_quarter": 20013,
            "year": 2001,
            "quarter": 3,
            "eps": null,
            "eps_growth_year": null,
            "eps_4q": null,
            "eps_4q_growth_year": null,
            "roe": null,
            "roe_4q": 0,
            "gross_profit": null,
            "gross_margin": null,
            "gross_margin_4q_avg": 0,
            "net_income": null,
            "net_income_4q": null,
            "revenue": null,
            "revenue_4q": null,
            "common_shares": null,
            "book_valuer_per_share": null,
            "book_valuer_per_share_4q_avg": 0,
            "equity": null,
            "current_ratio": null,
            "debt_ratio": null,
            "inventory_turnover_ratio": null,
            "account_receivable_turnover_ratio": null,
            "reinvestment_rate": null,
            "research_to_sale_ratio": null,
            "price_fair": 0,
            "eps_avg_yearly": 0,
            "eps_latest_yearly": 0,
            "eps_growth_yearly": 0
        },
        "20014": {
            "year_quarter": 20014,
            "year": 2001,
            "quarter": 4,
            "eps": null,
            "eps_growth_year": null,
            "eps_4q": null,
            "eps_4q_growth_year": null,
            "roe": null,
            "roe_4q": 0,
            "gross_profit": null,
            "gross_margin": null,
            "gross_margin_4q_avg": 0,
            "net_income": null,
            "net_income_4q": null,
            "revenue": null,
            "revenue_4q": null,
            "common_shares": 150000,
            "book_valuer_per_share": 12.29,
            "book_valuer_per_share_4q_avg": 3.07,
            "equity": 184311,
            "current_ratio": 48.63,
            "debt_ratio": 55.52,
            "inventory_turnover_ratio": null,
            "account_receivable_turnover_ratio": null,
            "reinvestment_rate": null,
            "research_to_sale_ratio": null,
            "price_fair": 0,
            "eps_avg_yearly": 0,
            "eps_latest_yearly": 0,
            "eps_growth_yearly": 0
        },
        "20021": {
            "year_quarter": 20021,
            "year": 2002,
            "quarter": 1,
            "eps": null,
            "eps_growth_year": null,
            "eps_4q": null,
            "eps_4q_growth_year": null,
            "roe": null,
            "roe_4q": 0,
            "gross_profit": null,
            "gross_margin": null,
            "gross_margin_4q_avg": 0,
            "net_income": null,
            "net_income_4q": null,
            "revenue": null,
            "revenue_4q": null,
            "common_shares": null,
            "book_valuer_per_share": null,
            "book_valuer_per_share_4q_avg": 3.07,
            "equity": null,
            "current_ratio": null,
            "debt_ratio": null,
            "inventory_turnover_ratio": null,
            "account_receivable_turnover_ratio": null,
            "reinvestment_rate": null,
            "research_to_sale_ratio": null,
            "price_fair": 0,
            "eps_avg_yearly": 0,
            "eps_latest_yearly": 0,
            "eps_growth_yearly": 0
        },
        "20022": {
            "year_quarter": 20022,
            "year": 2002,
            "quarter": 2,
            "eps": null,
            "eps_growth_year": null,
            "eps_4q": null,
            "eps_4q_growth_year": null,
            "roe": null,
            "roe_4q": 0,
            "gross_profit": null,
            "gross_margin": null,
            "gross_margin_4q_avg": 0,
            "net_income": null,
            "net_income_4q": null,
            "revenue": null,
            "revenue_4q": null,
            "common_shares": null,
            "book_valuer_per_share": null,
            "book_valuer_per_share_4q_avg": 3.07,
            "equity": null,
            "current_ratio": null,
            "debt_ratio": null,
            "inventory_turnover_ratio": null,
            "account_receivable_turnover_ratio": null,
            "reinvestment_rate": null,
            "research_to_sale_ratio": null,
            "price_fair": 0,
            "eps_avg_yearly": 0,
            "eps_latest_yearly": 0,
            "eps_growth_yearly": 0
        },
        "20023": {
            "year_quarter": 20023,
            "year": 2002,
            "quarter": 3,
            "eps": null,
            "eps_growth_year": null,
            "eps_4q": null,
            "eps_4q_growth_year": null,
            "roe": null,
            "roe_4q": 0,
            "gross_profit": null,
            "gross_margin": null,
            "gross_margin_4q_avg": 0,
            "net_income": null,
            "net_income_4q": null,
            "revenue": null,
            "revenue_4q": null,
            "common_shares": null,
            "book_valuer_per_share": null,
            "book_valuer_per_share_4q_avg": 3.07,
            "equity": null,
            "current_ratio": null,
            "debt_ratio": null,
            "inventory_turnover_ratio": null,
            "account_receivable_turnover_ratio": null,
            "reinvestment_rate": null,
            "research_to_sale_ratio": null,
            "price_fair": 0,
            "eps_avg_yearly": 0,
            "eps_latest_yearly": 0,
            "eps_growth_yearly": 0
        },
        "20024": {
            "year_quarter": 20024,
            "year": 2002,
            "quarter": 4,
            "eps": null,
            "eps_growth_year": null,
            "eps_4q": null,
            "eps_4q_growth_year": null,
            "roe": null,
            "roe_4q": 0,
            "gross_profit": null,
            "gross_margin": null,
            "gross_margin_4q_avg": 0,
            "net_income": null,
            "net_income_4q": null,
            "revenue": null,
            "revenue_4q": null,
            "common_shares": 150000,
            "book_valuer_per_share": 13.81,
            "book_valuer_per_share_4q_avg": 3.45,
            "equity": 207188,
            "current_ratio": 57.84,
            "debt_ratio": 47.97,
            "inventory_turnover_ratio": null,
            "account_receivable_turnover_ratio": null,
            "reinvestment_rate": null,
            "research_to_sale_ratio": null,
            "price_fair": 0,
            "eps_avg_yearly": 0,
            "eps_latest_yearly": 0,
            "eps_growth_yearly": 0
        },
        "20031": {
            "year_quarter": 20031,
            "year": 2003,
            "quarter": 1,
            "eps": null,
            "eps_growth_year": null,
            "eps_4q": null,
            "eps_4q_growth_year": null,
            "roe": null,
            "roe_4q": 0,
            "gross_profit": null,
            "gross_margin": null,
            "gross_margin_4q_avg": 0,
            "net_income": null,
            "net_income_4q": null,
            "revenue": null,
            "revenue_4q": null,
            "common_shares": null,
            "book_valuer_per_share": null,
            "book_valuer_per_share_4q_avg": 3.45,
            "equity": null,
            "current_ratio": null,
            "debt_ratio": null,
            "inventory_turnover_ratio": null,
            "account_receivable_turnover_ratio": null,
            "reinvestment_rate": null,
            "research_to_sale_ratio": null,
            "price_fair": 0,
            "eps_avg_yearly": 0,
            "eps_latest_yearly": 0,
            "eps_growth_yearly": 0
        },
        "20032": {
            "year_quarter": 20032,
            "year": 2003,
            "quarter": 2,
            "eps": null,
            "eps_growth_year": null,
            "eps_4q": null,
            "eps_4q_growth_year": null,
            "roe": null,
            "roe_4q": 0,
            "gross_profit": null,
            "gross_margin": null,
            "gross_margin_4q_avg": 0,
            "net_income": null,
            "net_income_4q": null,
            "revenue": null,
            "revenue_4q": null,
            "common_shares": null,
            "book_valuer_per_share": null,
            "book_valuer_per_share_4q_avg": 3.45,
            "equity": null,
            "current_ratio": null,
            "debt_ratio": null,
            "inventory_turnover_ratio": null,
            "account_receivable_turnover_ratio": null,
            "reinvestment_rate": null,
            "research_to_sale_ratio": null,
            "price_fair": 0,
            "eps_avg_yearly": 0,
            "eps_latest_yearly": 0,
            "eps_growth_yearly": 0
        },
        "20033": {
            "year_quarter": 20033,
            "year": 2003,
            "quarter": 3,
            "eps": null,
            "eps_growth_year": null,
            "eps_4q": null,
            "eps_4q_growth_year": null,
            "roe": null,
            "roe_4q": 0,
            "gross_profit": null,
            "gross_margin": null,
            "gross_margin_4q_avg": 0,
            "net_income": null,
            "net_income_4q": null,
            "revenue": null,
            "revenue_4q": null,
            "common_shares": null,
            "book_valuer_per_share": null,
            "book_valuer_per_share_4q_avg": 3.45,
            "equity": null,
            "current_ratio": null,
            "debt_ratio": null,
            "inventory_turnover_ratio": null,
            "account_receivable_turnover_ratio": null,
            "reinvestment_rate": null,
            "research_to_sale_ratio": null,
            "price_fair": 0,
            "eps_avg_yearly": 0,
            "eps_latest_yearly": 0,
            "eps_growth_yearly": 0
        },
        "20034": {
            "year_quarter": 20034,
            "year": 2003,
            "quarter": 4,
            "eps": null,
            "eps_growth_year": null,
            "eps_4q": null,
            "eps_4q_growth_year": null,
            "roe": null,
            "roe_4q": 0,
            "gross_profit": null,
            "gross_margin": null,
            "gross_margin_4q_avg": 0,
            "net_income": null,
            "net_income_4q": null,
            "revenue": null,
            "revenue_4q": null,
            "common_shares": 280000,
            "book_valuer_per_share": 18.89,
            "book_valuer_per_share_4q_avg": 4.72,
            "equity": 528821,
            "current_ratio": 161.21,
            "debt_ratio": 44.49,
            "inventory_turnover_ratio": null,
            "account_receivable_turnover_ratio": null,
            "reinvestment_rate": null,
            "research_to_sale_ratio": null,
            "price_fair": 0,
            "eps_avg_yearly": 0,
            "eps_latest_yearly": 0,
            "eps_growth_yearly": 0
        },
        "20041": {
            "year_quarter": 20041,
            "year": 2004,
            "quarter": 1,
            "eps": null,
            "eps_growth_year": null,
            "eps_4q": null,
            "eps_4q_growth_year": null,
            "roe": null,
            "roe_4q": 0,
            "gross_profit": null,
            "gross_margin": null,
            "gross_margin_4q_avg": 0,
            "net_income": null,
            "net_income_4q": null,
            "revenue": null,
            "revenue_4q": null,
            "common_shares": null,
            "book_valuer_per_share": null,
            "book_valuer_per_share_4q_avg": 4.72,
            "equity": null,
            "current_ratio": null,
            "debt_ratio": null,
            "inventory_turnover_ratio": null,
            "account_receivable_turnover_ratio": null,
            "reinvestment_rate": null,
            "research_to_sale_ratio": null,
            "price_fair": 0,
            "eps_avg_yearly": 0,
            "eps_latest_yearly": 0,
            "eps_growth_yearly": 0
        },
        "20042": {
            "year_quarter": 20042,
            "year": 2004,
            "quarter": 2,
            "eps": null,
            "eps_growth_year": null,
            "eps_4q": null,
            "eps_4q_growth_year": null,
            "roe": null,
            "roe_4q": 0,
            "gross_profit": null,
            "gross_margin": null,
            "gross_margin_4q_avg": 0,
            "net_income": null,
            "net_income_4q": null,
            "revenue": null,
            "revenue_4q": null,
            "common_shares": null,
            "book_valuer_per_share": null,
            "book_valuer_per_share_4q_avg": 4.72,
            "equity": null,
            "current_ratio": null,
            "debt_ratio": null,
            "inventory_turnover_ratio": null,
            "account_receivable_turnover_ratio": null,
            "reinvestment_rate": null,
            "research_to_sale_ratio": null,
            "price_fair": 0,
            "eps_avg_yearly": 0,
            "eps_latest_yearly": 0,
            "eps_growth_yearly": 0
        },
        "20043": {
            "year_quarter": 20043,
            "year": 2004,
            "quarter": 3,
            "eps": null,
            "eps_growth_year": null,
            "eps_4q": null,
            "eps_4q_growth_year": null,
            "roe": null,
            "roe_4q": 0,
            "gross_profit": null,
            "gross_margin": null,
            "gross_margin_4q_avg": 0,
            "net_income": null,
            "net_income_4q": null,
            "revenue": null,
            "revenue_4q": null,
            "common_shares": null,
            "book_valuer_per_share": null,
            "book_valuer_per_share_4q_avg": 4.72,
            "equity": null,
            "current_ratio": null,
            "debt_ratio": null,
            "inventory_turnover_ratio": null,
            "account_receivable_turnover_ratio": null,
            "reinvestment_rate": null,
            "research_to_sale_ratio": null,
            "price_fair": 0,
            "eps_avg_yearly": 0,
            "eps_latest_yearly": 0,
            "eps_growth_yearly": 0
        },
        "20044": {
            "year_quarter": 20044,
            "year": 2004,
            "quarter": 4,
            "eps": null,
            "eps_growth_year": null,
            "eps_4q": null,
            "eps_4q_growth_year": null,
            "roe": null,
            "roe_4q": 0,
            "gross_profit": null,
            "gross_margin": null,
            "gross_margin_4q_avg": 0,
            "net_income": null,
            "net_income_4q": null,
            "revenue": null,
            "revenue_4q": null,
            "common_shares": 900000,
            "book_valuer_per_share": 12.95,
            "book_valuer_per_share_4q_avg": 3.24,
            "equity": 1466058,
            "current_ratio": 119.71,
            "debt_ratio": 43.02,
            "inventory_turnover_ratio": null,
            "account_receivable_turnover_ratio": null,
            "reinvestment_rate": null,
            "research_to_sale_ratio": null,
            "price_fair": 0,
            "eps_avg_yearly": 0,
            "eps_latest_yearly": 0,
            "eps_growth_yearly": 0
        },
        "20051": {
            "year_quarter": 20051,
            "year": 2005,
            "quarter": 1,
            "eps": null,
            "eps_growth_year": null,
            "eps_4q": null,
            "eps_4q_growth_year": null,
            "roe": null,
            "roe_4q": 0,
            "gross_profit": null,
            "gross_margin": null,
            "gross_margin_4q_avg": 0,
            "net_income": null,
            "net_income_4q": null,
            "revenue": null,
            "revenue_4q": null,
            "common_shares": null,
            "book_valuer_per_share": null,
            "book_valuer_per_share_4q_avg": 3.24,
            "equity": null,
            "current_ratio": null,
            "debt_ratio": null,
            "inventory_turnover_ratio": null,
            "account_receivable_turnover_ratio": null,
            "reinvestment_rate": null,
            "research_to_sale_ratio": null,
            "price_fair": 0,
            "eps_avg_yearly": 0,
            "eps_latest_yearly": 0,
            "eps_growth_yearly": 0
        },
        "20052": {
            "year_quarter": 20052,
            "year": 2005,
            "quarter": 2,
            "eps": null,
            "eps_growth_year": null,
            "eps_4q": null,
            "eps_4q_growth_year": null,
            "roe": null,
            "roe_4q": 0,
            "gross_profit": null,
            "gross_margin": null,
            "gross_margin_4q_avg": 0,
            "net_income": null,
            "net_income_4q": null,
            "revenue": null,
            "revenue_4q": null,
            "common_shares": null,
            "book_valuer_per_share": null,
            "book_valuer_per_share_4q_avg": 3.24,
            "equity": null,
            "current_ratio": null,
            "debt_ratio": null,
            "inventory_turnover_ratio": null,
            "account_receivable_turnover_ratio": null,
            "reinvestment_rate": null,
            "research_to_sale_ratio": null,
            "price_fair": 0,
            "eps_avg_yearly": 0,
            "eps_latest_yearly": 0,
            "eps_growth_yearly": 0
        },
        "20053": {
            "year_quarter": 20053,
            "year": 2005,
            "quarter": 3,
            "eps": null,
            "eps_growth_year": null,
            "eps_4q": null,
            "eps_4q_growth_year": null,
            "roe": null,
            "roe_4q": 0,
            "gross_profit": null,
            "gross_margin": null,
            "gross_margin_4q_avg": 0,
            "net_income": null,
            "net_income_4q": null,
            "revenue": null,
            "revenue_4q": null,
            "common_shares": null,
            "book_valuer_per_share": null,
            "book_valuer_per_share_4q_avg": 3.24,
            "equity": null,
            "current_ratio": null,
            "debt_ratio": null,
            "inventory_turnover_ratio": null,
            "account_receivable_turnover_ratio": null,
            "reinvestment_rate": null,
            "research_to_sale_ratio": null,
            "price_fair": 0,
            "eps_avg_yearly": 0,
            "eps_latest_yearly": 0,
            "eps_growth_yearly": 0
        },
        "20054": {
            "year_quarter": 20054,
            "year": 2005,
            "quarter": 4,
            "eps": null,
            "eps_growth_year": null,
            "eps_4q": null,
            "eps_4q_growth_year": null,
            "roe": null,
            "roe_4q": 0,
            "gross_profit": null,
            "gross_margin": null,
            "gross_margin_4q_avg": 0,
            "net_income": null,
            "net_income_4q": null,
            "revenue": null,
            "revenue_4q": null,
            "common_shares": 1143000,
            "book_valuer_per_share": 14.81,
            "book_valuer_per_share_4q_avg": 3.7,
            "equity": 2277796,
            "current_ratio": 149.29,
            "debt_ratio": 32.2,
            "inventory_turnover_ratio": null,
            "account_receivable_turnover_ratio": null,
            "reinvestment_rate": null,
            "research_to_sale_ratio": null,
            "price_fair": 0,
            "eps_avg_yearly": 0,
            "eps_latest_yearly": 0,
            "eps_growth_yearly": 0
        },
        "20061": {
            "year_quarter": 20061,
            "year": 2006,
            "quarter": 1,
            "eps": null,
            "eps_growth_year": null,
            "eps_4q": null,
            "eps_4q_growth_year": null,
            "roe": null,
            "roe_4q": 0,
            "gross_profit": null,
            "gross_margin": null,
            "gross_margin_4q_avg": 0,
            "net_income": null,
            "net_income_4q": null,
            "revenue": null,
            "revenue_4q": null,
            "common_shares": null,
            "book_valuer_per_share": null,
            "book_valuer_per_share_4q_avg": 3.7,
            "equity": null,
            "current_ratio": null,
            "debt_ratio": null,
            "inventory_turnover_ratio": null,
            "account_receivable_turnover_ratio": null,
            "reinvestment_rate": null,
            "research_to_sale_ratio": null,
            "price_fair": 0,
            "eps_avg_yearly": 0,
            "eps_latest_yearly": 0,
            "eps_growth_yearly": 0
        },
        "20062": {
            "year_quarter": 20062,
            "year": 2006,
            "quarter": 2,
            "eps": null,
            "eps_growth_year": null,
            "eps_4q": null,
            "eps_4q_growth_year": null,
            "roe": null,
            "roe_4q": 0,
            "gross_profit": null,
            "gross_margin": null,
            "gross_margin_4q_avg": 0,
            "net_income": null,
            "net_income_4q": null,
            "revenue": null,
            "revenue_4q": null,
            "common_shares": null,
            "book_valuer_per_share": null,
            "book_valuer_per_share_4q_avg": 3.7,
            "equity": null,
            "current_ratio": null,
            "debt_ratio": null,
            "inventory_turnover_ratio": null,
            "account_receivable_turnover_ratio": null,
            "reinvestment_rate": null,
            "research_to_sale_ratio": null,
            "price_fair": 0,
            "eps_avg_yearly": 0,
            "eps_latest_yearly": 0,
            "eps_growth_yearly": 0
        },
        "20063": {
            "year_quarter": 20063,
            "year": 2006,
            "quarter": 3,
            "eps": 1.39,
            "eps_growth_year": null,
            "eps_4q": null,
            "eps_4q_growth_year": null,
            "roe": 7.44,
            "roe_4q": 7.44,
            "gross_profit": 194519,
            "gross_margin": 17.42,
            "gross_margin_4q_avg": 4.36,
            "net_income": 158988,
            "net_income_4q": null,
            "revenue": 1116497,
            "revenue_4q": null,
            "common_shares": 1143000,
            "book_valuer_per_share": 18.69,
            "book_valuer_per_share_4q_avg": 8.38,
            "equity": 2136391,
            "current_ratio": 208.54,
            "debt_ratio": 31.74,
            "inventory_turnover_ratio": 1.53,
            "account_receivable_turnover_ratio": null,
            "reinvestment_rate": null,
            "research_to_sale_ratio": null,
            "price_fair": 0,
            "eps_avg_yearly": 0,
            "eps_latest_yearly": 0,
            "eps_growth_yearly": 0
        },
        "20064": {
            "year_quarter": 20064,
            "year": 2006,
            "quarter": 4,
            "eps": 0.7,
            "eps_growth_year": null,
            "eps_4q": null,
            "eps_4q_growth_year": null,
            "roe": 3.61,
            "roe_4q": 11.05,
            "gross_profit": 162773,
            "gross_margin": 20.81,
            "gross_margin_4q_avg": 9.56,
            "net_income": 92829,
            "net_income_4q": null,
            "revenue": 782065,
            "revenue_4q": null,
            "common_shares": 1329450,
            "book_valuer_per_share": 17.17,
            "book_valuer_per_share_4q_avg": 8.97,
            "equity": 3008337,
            "current_ratio": 153.43,
            "debt_ratio": 42.97,
            "inventory_turnover_ratio": 0.61,
            "account_receivable_turnover_ratio": null,
            "reinvestment_rate": null,
            "research_to_sale_ratio": null,
            "price_fair": 8.4,
            "eps_avg_yearly": 2.8,
            "eps_latest_yearly": 2.8,
            "eps_growth_yearly": -198.56
        },
        "20071": {
            "year_quarter": 20071,
            "year": 2007,
            "quarter": 1,
            "eps": 1.1,
            "eps_growth_year": null,
            "eps_4q": null,
            "eps_4q_growth_year": null,
            "roe": 4.75,
            "roe_4q": 15.8,
            "gross_profit": 261032,
            "gross_margin": 21.25,
            "gross_margin_4q_avg": 14.87,
            "net_income": 154524,
            "net_income_4q": null,
            "revenue": 1228232,
            "revenue_4q": null,
            "common_shares": 1565450,
            "book_valuer_per_share": 22.31,
            "book_valuer_per_share_4q_avg": 14.54,
            "equity": 3491799,
            "current_ratio": 299.28,
            "debt_ratio": 23.28,
            "inventory_turnover_ratio": 0.95,
            "account_receivable_turnover_ratio": null,
            "reinvestment_rate": null,
            "research_to_sale_ratio": null,
            "price_fair": 90.02,
            "eps_avg_yearly": 3.6,
            "eps_latest_yearly": 4.4,
            "eps_growth_yearly": 15.01
        },
        "20072": {
            "year_quarter": 20072,
            "year": 2007,
            "quarter": 2,
            "eps": 1.88,
            "eps_growth_year": null,
            "eps_4q": 4.61,
            "eps_4q_growth_year": null,
            "roe": 8.1,
            "roe_4q": 23.900000000000002,
            "gross_profit": 224748,
            "gross_margin": 17.08,
            "gross_margin_4q_avg": 19.14,
            "net_income": 280181,
            "net_income_4q": null,
            "revenue": 1315812,
            "revenue_4q": null,
            "common_shares": 1565450,
            "book_valuer_per_share": 21.88,
            "book_valuer_per_share_4q_avg": 20.01,
            "equity": 3424599,
            "current_ratio": 249.41,
            "debt_ratio": 27.75,
            "inventory_turnover_ratio": 1.78,
            "account_receivable_turnover_ratio": null,
            "reinvestment_rate": null,
            "research_to_sale_ratio": null,
            "price_fair": 171.73,
            "eps_avg_yearly": 4.91,
            "eps_latest_yearly": 7.52,
            "eps_growth_yearly": 104.55
        },
        "20073": {
            "year_quarter": 20073,
            "year": 2007,
            "quarter": 3,
            "eps": 0.98,
            "eps_growth_year": -29.5,
            "eps_4q": 4.48,
            "eps_4q_growth_year": null,
            "roe": 4.22,
            "roe_4q": 20.68,
            "gross_profit": 198050,
            "gross_margin": 15,
            "gross_margin_4q_avg": 18.54,
            "net_income": 147750,
            "net_income_4q": null,
            "revenue": 1320573,
            "revenue_4q": null,
            "common_shares": 1565450,
            "book_valuer_per_share": 22.82,
            "book_valuer_per_share_4q_avg": 21.05,
            "equity": 3572480,
            "current_ratio": 341.49,
            "debt_ratio": 24.54,
            "inventory_turnover_ratio": 1.95,
            "account_receivable_turnover_ratio": null,
            "reinvestment_rate": null,
            "research_to_sale_ratio": null,
            "price_fair": 163.1,
            "eps_avg_yearly": 4.66,
            "eps_latest_yearly": 3.92,
            "eps_growth_yearly": 30.54
        },
        "20074": {
            "year_quarter": 20074,
            "year": 2007,
            "quarter": 4,
            "eps": 0,
            "eps_growth_year": -100,
            "eps_4q": 3.45,
            "eps_4q_growth_year": null,
            "roe": 0.01,
            "roe_4q": 17.08,
            "gross_profit": 151133,
            "gross_margin": 12.15,
            "gross_margin_4q_avg": 16.37,
            "net_income": 245,
            "net_income_4q": null,
            "revenue": 1244398,
            "revenue_4q": null,
            "common_shares": 1701150,
            "book_valuer_per_share": 24.13,
            "book_valuer_per_share_4q_avg": 22.79,
            "equity": 4223625,
            "current_ratio": 321.4,
            "debt_ratio": 21.82,
            "inventory_turnover_ratio": 1.29,
            "account_receivable_turnover_ratio": null,
            "reinvestment_rate": null,
            "research_to_sale_ratio": null,
            "price_fair": 163.1,
            "eps_avg_yearly": 4.66,
            "eps_latest_yearly": 3.92,
            "eps_growth_yearly": 30.54
        },
        "20081": {
            "year_quarter": 20081,
            "year": 2008,
            "quarter": 1,
            "eps": -0.01,
            "eps_growth_year": -100.91,
            "eps_4q": 1.79,
            "eps_4q_growth_year": null,
            "roe": -0.06,
            "roe_4q": 12.27,
            "gross_profit": 242633,
            "gross_margin": 15.42,
            "gross_margin_4q_avg": 14.91,
            "net_income": -2386,
            "net_income_4q": null,
            "revenue": 1573054,
            "revenue_4q": null,
            "common_shares": 1643340,
            "book_valuer_per_share": 23.99,
            "book_valuer_per_share_4q_avg": 23.21,
            "equity": 3942396,
            "current_ratio": 253.16,
            "debt_ratio": 25.43,
            "inventory_turnover_ratio": 1.22,
            "account_receivable_turnover_ratio": null,
            "reinvestment_rate": null,
            "research_to_sale_ratio": null,
            "price_fair": 163.1,
            "eps_avg_yearly": 4.66,
            "eps_latest_yearly": 3.92,
            "eps_growth_yearly": 30.54
        },
        "20082": {
            "year_quarter": 20082,
            "year": 2008,
            "quarter": 2,
            "eps": 0.69,
            "eps_growth_year": -63.3,
            "eps_4q": 1.58,
            "eps_4q_growth_year": -65.69,
            "roe": 2.94,
            "roe_4q": 7.109999999999999,
            "gross_profit": 300007,
            "gross_margin": 17.46,
            "gross_margin_4q_avg": 15.01,
            "net_income": 112900,
            "net_income_4q": null,
            "revenue": 1718186,
            "revenue_4q": null,
            "common_shares": 1643340,
            "book_valuer_per_share": 22.81,
            "book_valuer_per_share_4q_avg": 23.44,
            "equity": 3748386,
            "current_ratio": 189.99,
            "debt_ratio": 31.91,
            "inventory_turnover_ratio": 1.39,
            "account_receivable_turnover_ratio": null,
            "reinvestment_rate": null,
            "research_to_sale_ratio": null,
            "price_fair": 163.1,
            "eps_avg_yearly": 4.66,
            "eps_latest_yearly": 3.92,
            "eps_growth_yearly": 30.54
        },
        "20083": {
            "year_quarter": 20083,
            "year": 2008,
            "quarter": 3,
            "eps": 1.11,
            "eps_growth_year": 13.27,
            "eps_4q": 1.78,
            "eps_4q_growth_year": -60.15,
            "roe": 4.68,
            "roe_4q": 7.569999999999999,
            "gross_profit": 349078,
            "gross_margin": 21.61,
            "gross_margin_4q_avg": 16.66,
            "net_income": 182370,
            "net_income_4q": null,
            "revenue": 1615154,
            "revenue_4q": null,
            "common_shares": 1643340,
            "book_valuer_per_share": 24.58,
            "book_valuer_per_share_4q_avg": 23.88,
            "equity": 4038727,
            "current_ratio": 195.07,
            "debt_ratio": 31.97,
            "inventory_turnover_ratio": 1.16,
            "account_receivable_turnover_ratio": null,
            "reinvestment_rate": null,
            "research_to_sale_ratio": null,
            "price_fair": 161.56,
            "eps_avg_yearly": 4.62,
            "eps_latest_yearly": 4.44,
            "eps_growth_yearly": 73.13
        },
        "20084": {
            "year_quarter": 20084,
            "year": 2008,
            "quarter": 4,
            "eps": 0.04,
            "eps_growth_year": null,
            "eps_4q": 2.02,
            "eps_4q_growth_year": -41.35,
            "roe": 0.15,
            "roe_4q": 7.71,
            "gross_profit": 136274,
            "gross_margin": 10.76,
            "gross_margin_4q_avg": 16.31,
            "net_income": 5912,
            "net_income_4q": null,
            "revenue": 1266588,
            "revenue_4q": null,
            "common_shares": 1643340,
            "book_valuer_per_share": 24.62,
            "book_valuer_per_share_4q_avg": 24,
            "equity": 4045871,
            "current_ratio": 217.25,
            "debt_ratio": 24.73,
            "inventory_turnover_ratio": 1.06,
            "account_receivable_turnover_ratio": 2.28,
            "reinvestment_rate": null,
            "research_to_sale_ratio": null,
            "price_fair": 11.62,
            "eps_avg_yearly": 3.87,
            "eps_latest_yearly": 0.16,
            "eps_growth_yearly": -3.33
        },
        "20091": {
            "year_quarter": 20091,
            "year": 2009,
            "quarter": 1,
            "eps": 0.29,
            "eps_growth_year": null,
            "eps_4q": 2.16,
            "eps_4q_growth_year": 21.13,
            "roe": 1.13,
            "roe_4q": 8.899999999999999,
            "gross_profit": 147722,
            "gross_margin": 13.79,
            "gross_margin_4q_avg": 15.91,
            "net_income": 46650,
            "net_income_4q": null,
            "revenue": 1071423,
            "revenue_4q": null,
            "common_shares": 1643340,
            "book_valuer_per_share": 25.57,
            "book_valuer_per_share_4q_avg": 24.4,
            "equity": 4201237,
            "current_ratio": 251.19,
            "debt_ratio": 22.83,
            "inventory_turnover_ratio": 1.11,
            "account_receivable_turnover_ratio": 1.08,
            "reinvestment_rate": null,
            "research_to_sale_ratio": null,
            "price_fair": 122,
            "eps_avg_yearly": 3.49,
            "eps_latest_yearly": 1.16,
            "eps_growth_yearly": 354.29
        },
        "20092": {
            "year_quarter": 20092,
            "year": 2009,
            "quarter": 2,
            "eps": 0.75,
            "eps_growth_year": 8.7,
            "eps_4q": 2.2,
            "eps_4q_growth_year": 39.34,
            "roe": 2.94,
            "roe_4q": 8.9,
            "gross_profit": 296414,
            "gross_margin": 25.26,
            "gross_margin_4q_avg": 17.86,
            "net_income": 121302,
            "net_income_4q": null,
            "revenue": 1173278,
            "revenue_4q": null,
            "common_shares": 1643340,
            "book_valuer_per_share": 24.57,
            "book_valuer_per_share_4q_avg": 24.84,
            "equity": 4037037,
            "current_ratio": 288.55,
            "debt_ratio": 14.05,
            "inventory_turnover_ratio": 1.39,
            "account_receivable_turnover_ratio": 1.31,
            "reinvestment_rate": null,
            "research_to_sale_ratio": null,
            "price_fair": 119.88,
            "eps_avg_yearly": 3.43,
            "eps_latest_yearly": 3,
            "eps_growth_yearly": 389.32
        },
        "20093": {
            "year_quarter": 20093,
            "year": 2009,
            "quarter": 3,
            "eps": 0.88,
            "eps_growth_year": -20.72,
            "eps_4q": 1.96,
            "eps_4q_growth_year": 9.56,
            "roe": 3.49,
            "roe_4q": 7.71,
            "gross_profit": 270867,
            "gross_margin": 22.36,
            "gross_margin_4q_avg": 18.04,
            "net_income": 142253,
            "net_income_4q": null,
            "revenue": 1211162,
            "revenue_4q": null,
            "common_shares": 1643340,
            "book_valuer_per_share": 25.03,
            "book_valuer_per_share_4q_avg": 24.95,
            "equity": 4114030,
            "current_ratio": 388.5,
            "debt_ratio": 10.82,
            "inventory_turnover_ratio": 1.81,
            "account_receivable_turnover_ratio": 1.33,
            "reinvestment_rate": null,
            "research_to_sale_ratio": null,
            "price_fair": 120.24,
            "eps_avg_yearly": 3.44,
            "eps_latest_yearly": 3.52,
            "eps_growth_yearly": 353.76
        },
        "20094": {
            "year_quarter": 20094,
            "year": 2009,
            "quarter": 4,
            "eps": 0.68,
            "eps_growth_year": 1600,
            "eps_4q": 2.6,
            "eps_4q_growth_year": 28.73,
            "roe": 2.64,
            "roe_4q": 10.2,
            "gross_profit": 286144,
            "gross_margin": 24.32,
            "gross_margin_4q_avg": 21.43,
            "net_income": 109872,
            "net_income_4q": null,
            "revenue": 1176758,
            "revenue_4q": null,
            "common_shares": 1643340,
            "book_valuer_per_share": 26.07,
            "book_valuer_per_share_4q_avg": 25.31,
            "equity": 4205655,
            "current_ratio": 382.58,
            "debt_ratio": 12.08,
            "inventory_turnover_ratio": 1.83,
            "account_receivable_turnover_ratio": 2.43,
            "reinvestment_rate": null,
            "research_to_sale_ratio": null,
            "price_fair": 117.74,
            "eps_avg_yearly": 3.36,
            "eps_latest_yearly": 2.72,
            "eps_growth_yearly": 309.3
        },
        "20101": {
            "year_quarter": 20101,
            "year": 2010,
            "quarter": 1,
            "eps": 0.88,
            "eps_growth_year": 203.45,
            "eps_4q": 3.2,
            "eps_4q_growth_year": 47.93,
            "roe": 3.34,
            "roe_4q": 12.41,
            "gross_profit": 295855,
            "gross_margin": 25.06,
            "gross_margin_4q_avg": 24.25,
            "net_income": 142647,
            "net_income_4q": null,
            "revenue": 1180415,
            "revenue_4q": null,
            "common_shares": 1643340,
            "book_valuer_per_share": 26.83,
            "book_valuer_per_share_4q_avg": 25.63,
            "equity": 4328861,
            "current_ratio": 418.14,
            "debt_ratio": 11.85,
            "inventory_turnover_ratio": 1.64,
            "account_receivable_turnover_ratio": 1.19,
            "reinvestment_rate": null,
            "research_to_sale_ratio": 1.35,
            "price_fair": 118.24,
            "eps_avg_yearly": 3.38,
            "eps_latest_yearly": 3.52,
            "eps_growth_yearly": 291.87
        },
        "20102": {
            "year_quarter": 20102,
            "year": 2010,
            "quarter": 2,
            "eps": 1.4,
            "eps_growth_year": 86.93,
            "eps_4q": 3.83,
            "eps_4q_growth_year": 73.72,
            "roe": 5.3,
            "roe_4q": 14.770000000000001,
            "gross_profit": 399746,
            "gross_margin": 27.65,
            "gross_margin_4q_avg": 24.85,
            "net_income": 228297,
            "net_income_4q": null,
            "revenue": 1445708,
            "revenue_4q": null,
            "common_shares": 1643340,
            "book_valuer_per_share": 26.32,
            "book_valuer_per_share_4q_avg": 26.06,
            "equity": 4285167,
            "current_ratio": 280.28,
            "debt_ratio": 19.27,
            "inventory_turnover_ratio": 1.72,
            "account_receivable_turnover_ratio": 1.33,
            "reinvestment_rate": 295.25,
            "research_to_sale_ratio": 1.75,
            "price_fair": 124.72,
            "eps_avg_yearly": 3.56,
            "eps_latest_yearly": 5.6,
            "eps_growth_yearly": 287.25
        },
        "20103": {
            "year_quarter": 20103,
            "year": 2010,
            "quarter": 3,
            "eps": 1.26,
            "eps_growth_year": 43.25,
            "eps_4q": 4.21,
            "eps_4q_growth_year": 115.45,
            "roe": 4.72,
            "roe_4q": 16,
            "gross_profit": 358730,
            "gross_margin": 26.52,
            "gross_margin_4q_avg": 25.89,
            "net_income": 205278,
            "net_income_4q": null,
            "revenue": 1352892,
            "revenue_4q": null,
            "common_shares": 1643340,
            "book_valuer_per_share": 27.14,
            "book_valuer_per_share_4q_avg": 26.59,
            "equity": 4419149,
            "current_ratio": 450.84,
            "debt_ratio": 11.77,
            "inventory_turnover_ratio": 1.51,
            "account_receivable_turnover_ratio": 1.3,
            "reinvestment_rate": 275.6,
            "research_to_sale_ratio": 0.59,
            "price_fair": 128.69,
            "eps_avg_yearly": 3.68,
            "eps_latest_yearly": 5.04,
            "eps_growth_yearly": 262.07
        },
        "20104": {
            "year_quarter": 20104,
            "year": 2010,
            "quarter": 4,
            "eps": 0.45,
            "eps_growth_year": -33.16,
            "eps_4q": 3.99,
            "eps_4q_growth_year": 53.36,
            "roe": 1.7,
            "roe_4q": 15.059999999999999,
            "gross_profit": 235274,
            "gross_margin": 22.18,
            "gross_margin_4q_avg": 25.35,
            "net_income": 74017,
            "net_income_4q": null,
            "revenue": 1060691,
            "revenue_4q": null,
            "common_shares": 1643340,
            "book_valuer_per_share": 26.2,
            "book_valuer_per_share_4q_avg": 26.62,
            "equity": 4266537,
            "current_ratio": 497.42,
            "debt_ratio": 11.07,
            "inventory_turnover_ratio": 1.24,
            "account_receivable_turnover_ratio": 1.27,
            "reinvestment_rate": 137.87,
            "research_to_sale_ratio": 1.94,
            "price_fair": 126,
            "eps_avg_yearly": 3.6,
            "eps_latest_yearly": 1.8,
            "eps_growth_yearly": 257.57
        },
        "20111": {
            "year_quarter": 20111,
            "year": 2011,
            "quarter": 1,
            "eps": 0.69,
            "eps_growth_year": -21.59,
            "eps_4q": 3.8,
            "eps_4q_growth_year": 18.92,
            "roe": 2.57,
            "roe_4q": 14.29,
            "gross_profit": 225677,
            "gross_margin": 19.1,
            "gross_margin_4q_avg": 23.86,
            "net_income": 111807,
            "net_income_4q": null,
            "revenue": 1181682,
            "revenue_4q": null,
            "common_shares": 1643340,
            "book_valuer_per_share": 27.2,
            "book_valuer_per_share_4q_avg": 26.72,
            "equity": 4428608,
            "current_ratio": 263.01,
            "debt_ratio": 19.94,
            "inventory_turnover_ratio": 1.45,
            "account_receivable_turnover_ratio": 1.36,
            "reinvestment_rate": 297.05,
            "research_to_sale_ratio": 0.98,
            "price_fair": 121.58,
            "eps_avg_yearly": 3.47,
            "eps_latest_yearly": 2.76,
            "eps_growth_yearly": 256.4
        },
        "20112": {
            "year_quarter": 20112,
            "year": 2011,
            "quarter": 2,
            "eps": 0.5,
            "eps_growth_year": -64.22,
            "eps_4q": 2.9,
            "eps_4q_growth_year": -24.12,
            "roe": 1.97,
            "roe_4q": 10.96,
            "gross_profit": 261514,
            "gross_margin": 19.06,
            "gross_margin_4q_avg": 21.72,
            "net_income": 81680,
            "net_income_4q": null,
            "revenue": 1371934,
            "revenue_4q": null,
            "common_shares": 1643340,
            "book_valuer_per_share": 23.85,
            "book_valuer_per_share_4q_avg": 26.1,
            "equity": 3883925,
            "current_ratio": 175.77,
            "debt_ratio": 30.61,
            "inventory_turnover_ratio": 1.7,
            "account_receivable_turnover_ratio": 1.32,
            "reinvestment_rate": 327.53,
            "research_to_sale_ratio": 0.82,
            "price_fair": 106.72,
            "eps_avg_yearly": 3.05,
            "eps_latest_yearly": 2,
            "eps_growth_yearly": 226.11
        },
        "20113": {
            "year_quarter": 20113,
            "year": 2011,
            "quarter": 3,
            "eps": 0.7,
            "eps_growth_year": -44.69,
            "eps_4q": 2.34,
            "eps_4q_growth_year": -44.5,
            "roe": 2.79,
            "roe_4q": 9.03,
            "gross_profit": 257238,
            "gross_margin": 17.71,
            "gross_margin_4q_avg": 19.51,
            "net_income": 113648,
            "net_income_4q": null,
            "revenue": 1452523,
            "revenue_4q": null,
            "common_shares": 1643340,
            "book_valuer_per_share": 26.07,
            "book_valuer_per_share_4q_avg": 25.83,
            "equity": 4250041,
            "current_ratio": 184.72,
            "debt_ratio": 29.32,
            "inventory_turnover_ratio": 1.81,
            "account_receivable_turnover_ratio": 1.22,
            "reinvestment_rate": 360.64,
            "research_to_sale_ratio": 0.71,
            "price_fair": 103.71,
            "eps_avg_yearly": 2.96,
            "eps_latest_yearly": 2.8,
            "eps_growth_yearly": 253.14
        },
        "20114": {
            "year_quarter": 20114,
            "year": 2011,
            "quarter": 4,
            "eps": 0.64,
            "eps_growth_year": 40.78,
            "eps_4q": 2.52,
            "eps_4q_growth_year": -36.79,
            "roe": 2.43,
            "roe_4q": 9.76,
            "gross_profit": 280117,
            "gross_margin": 20.85,
            "gross_margin_4q_avg": 19.18,
            "net_income": 104302,
            "net_income_4q": null,
            "revenue": 1343609,
            "revenue_4q": null,
            "common_shares": 1630000,
            "book_valuer_per_share": 26.57,
            "book_valuer_per_share_4q_avg": 25.92,
            "equity": 4331083,
            "current_ratio": 232.2,
            "debt_ratio": 30.22,
            "inventory_turnover_ratio": 1.51,
            "account_receivable_turnover_ratio": 1.14,
            "reinvestment_rate": 203.36,
            "research_to_sale_ratio": 1.23,
            "price_fair": 102.7,
            "eps_avg_yearly": 2.93,
            "eps_latest_yearly": 2.56,
            "eps_growth_yearly": 232.61
        },
        "20121": {
            "year_quarter": 20121,
            "year": 2012,
            "quarter": 1,
            "eps": 0.64,
            "eps_growth_year": -7.25,
            "eps_4q": 2.48,
            "eps_4q_growth_year": -34.81,
            "roe": 2.41,
            "roe_4q": 9.6,
            "gross_profit": 271224,
            "gross_margin": 19.97,
            "gross_margin_4q_avg": 19.4,
            "net_income": 104522,
            "net_income_4q": null,
            "revenue": 1358431,
            "revenue_4q": null,
            "common_shares": 1630000,
            "book_valuer_per_share": 26.71,
            "book_valuer_per_share_4q_avg": 25.8,
            "equity": 4354018,
            "current_ratio": 250.94,
            "debt_ratio": 28.7,
            "inventory_turnover_ratio": 1.58,
            "account_receivable_turnover_ratio": 1.24,
            "reinvestment_rate": 189.63,
            "research_to_sale_ratio": 0.8,
            "price_fair": 101.83,
            "eps_avg_yearly": 2.91,
            "eps_latest_yearly": 2.56,
            "eps_growth_yearly": 217.1
        },
        "20122": {
            "year_quarter": 20122,
            "year": 2012,
            "quarter": 2,
            "eps": 0.48,
            "eps_growth_year": -4.42,
            "eps_4q": 2.46,
            "eps_4q_growth_year": -15.35,
            "roe": 1.85,
            "roe_4q": 9.48,
            "gross_profit": 232246,
            "gross_margin": 17.92,
            "gross_margin_4q_avg": 19.11,
            "net_income": 78146,
            "net_income_4q": null,
            "revenue": 1296299,
            "revenue_4q": null,
            "common_shares": 1630000,
            "book_valuer_per_share": 25.22,
            "book_valuer_per_share_4q_avg": 26.14,
            "equity": 4110479,
            "current_ratio": 225.84,
            "debt_ratio": 34.76,
            "inventory_turnover_ratio": 1.58,
            "account_receivable_turnover_ratio": 1.15,
            "reinvestment_rate": -10.95,
            "research_to_sale_ratio": 0.81,
            "price_fair": 99.66,
            "eps_avg_yearly": 2.85,
            "eps_latest_yearly": 1.92,
            "eps_growth_yearly": 197.29
        },
        "20123": {
            "year_quarter": 20123,
            "year": 2012,
            "quarter": 3,
            "eps": 0.54,
            "eps_growth_year": -22.87,
            "eps_4q": 2.3,
            "eps_4q_growth_year": -1.71,
            "roe": 2.13,
            "roe_4q": 8.82,
            "gross_profit": 250692,
            "gross_margin": 18.99,
            "gross_margin_4q_avg": 19.43,
            "net_income": 87656,
            "net_income_4q": null,
            "revenue": 1320397,
            "revenue_4q": null,
            "common_shares": 1630000,
            "book_valuer_per_share": 25.28,
            "book_valuer_per_share_4q_avg": 25.95,
            "equity": 4120241,
            "current_ratio": 306.85,
            "debt_ratio": 28.08,
            "inventory_turnover_ratio": 1.51,
            "account_receivable_turnover_ratio": 1.25,
            "reinvestment_rate": 186.84,
            "research_to_sale_ratio": 0.81,
            "price_fair": 94.68,
            "eps_avg_yearly": 2.71,
            "eps_latest_yearly": 2.16,
            "eps_growth_yearly": 185.19
        },
        "20124": {
            "year_quarter": 20124,
            "year": 2012,
            "quarter": 4,
            "eps": 0.35,
            "eps_growth_year": -45.94,
            "eps_4q": 2,
            "eps_4q_growth_year": -20.59,
            "roe": 1.36,
            "roe_4q": 7.75,
            "gross_profit": 319216,
            "gross_margin": 23.17,
            "gross_margin_4q_avg": 20.01,
            "net_income": 56382,
            "net_income_4q": null,
            "revenue": 1377900,
            "revenue_4q": null,
            "common_shares": 1630000,
            "book_valuer_per_share": 25.53,
            "book_valuer_per_share_4q_avg": 25.69,
            "equity": 4161320,
            "current_ratio": 329.61,
            "debt_ratio": 29.62,
            "inventory_turnover_ratio": 1.51,
            "account_receivable_turnover_ratio": 1.27,
            "reinvestment_rate": 178.14,
            "research_to_sale_ratio": 1.1,
            "price_fair": 97.39,
            "eps_avg_yearly": 2.78,
            "eps_latest_yearly": 1.4,
            "eps_growth_yearly": 200.5
        },
        "20131": {
            "year_quarter": 20131,
            "year": 2013,
            "quarter": 1,
            "eps": 1.25,
            "eps_growth_year": 95.31,
            "eps_4q": 2.61,
            "eps_4q_growth_year": 5.24,
            "roe": 4.71,
            "roe_4q": 10.049999999999999,
            "gross_profit": 327965,
            "gross_margin": 25.56,
            "gross_margin_4q_avg": 21.41,
            "net_income": 203133,
            "net_income_4q": null,
            "revenue": 1283269,
            "revenue_4q": null,
            "common_shares": 1630000,
            "book_valuer_per_share": 27.34,
            "book_valuer_per_share_4q_avg": 25.84,
            "equity": 4456002,
            "current_ratio": 269.05,
            "debt_ratio": 34.24,
            "inventory_turnover_ratio": 1.36,
            "account_receivable_turnover_ratio": 1.12,
            "reinvestment_rate": -25.35,
            "research_to_sale_ratio": 1.17,
            "price_fair": 105.79,
            "eps_avg_yearly": 3.02,
            "eps_latest_yearly": 5,
            "eps_growth_yearly": 108.53
        },
        "20132": {
            "year_quarter": 20132,
            "year": 2013,
            "quarter": 2,
            "eps": 1.43,
            "eps_growth_year": 198.28,
            "eps_4q": 3.56,
            "eps_4q_growth_year": 45.02,
            "roe": 5.27,
            "roe_4q": 13.469999999999999,
            "gross_profit": 432404,
            "gross_margin": 27.67,
            "gross_margin_4q_avg": 23.85,
            "net_income": 233801,
            "net_income_4q": null,
            "revenue": 1562812,
            "revenue_4q": null,
            "common_shares": 1630000,
            "book_valuer_per_share": 27.09,
            "book_valuer_per_share_4q_avg": 26.31,
            "equity": 4415133,
            "current_ratio": 255.79,
            "debt_ratio": 37.63,
            "inventory_turnover_ratio": 1.55,
            "account_receivable_turnover_ratio": 1.28,
            "reinvestment_rate": -16.07,
            "research_to_sale_ratio": 0.99,
            "price_fair": 111.74,
            "eps_avg_yearly": 3.19,
            "eps_latest_yearly": 5.72,
            "eps_growth_yearly": 72.48
        },
        "20133": {
            "year_quarter": 20133,
            "year": 2013,
            "quarter": 3,
            "eps": 1.56,
            "eps_growth_year": 190.09,
            "eps_4q": 4.59,
            "eps_4q_growth_year": 99.6,
            "roe": 5.63,
            "roe_4q": 16.97,
            "gross_profit": 429586,
            "gross_margin": 26.46,
            "gross_margin_4q_avg": 25.72,
            "net_income": 254444,
            "net_income_4q": null,
            "revenue": 1623518,
            "revenue_4q": null,
            "common_shares": 1630000,
            "book_valuer_per_share": 28.4,
            "book_valuer_per_share_4q_avg": 27.09,
            "equity": 4629263,
            "current_ratio": 311.41,
            "debt_ratio": 34.42,
            "inventory_turnover_ratio": 1.58,
            "account_receivable_turnover_ratio": 1.25,
            "reinvestment_rate": -7.82,
            "research_to_sale_ratio": 0.78,
            "price_fair": 117.69,
            "eps_avg_yearly": 3.36,
            "eps_latest_yearly": 6.24,
            "eps_growth_yearly": 70.42
        },
        "20134": {
            "year_quarter": 20134,
            "year": 2013,
            "quarter": 4,
            "eps": 1.31,
            "eps_growth_year": 279.18,
            "eps_4q": 5.55,
            "eps_4q_growth_year": 177.06,
            "roe": 4.49,
            "roe_4q": 20.1,
            "gross_profit": 368653,
            "gross_margin": 25.28,
            "gross_margin_4q_avg": 26.24,
            "net_income": 213792,
            "net_income_4q": null,
            "revenue": 1458338,
            "revenue_4q": null,
            "common_shares": 1630000,
            "book_valuer_per_share": 29.99,
            "book_valuer_per_share_4q_avg": 28.21,
            "equity": 4887604,
            "current_ratio": 252.48,
            "debt_ratio": 37.69,
            "inventory_turnover_ratio": 1.35,
            "account_receivable_turnover_ratio": 1.16,
            "reinvestment_rate": -145.52,
            "research_to_sale_ratio": 1.07,
            "price_fair": 123.2,
            "eps_avg_yearly": 3.52,
            "eps_latest_yearly": 5.24,
            "eps_growth_yearly": 72.09
        },
        "20141": {
            "year_quarter": 20141,
            "year": 2014,
            "quarter": 1,
            "eps": 0.54,
            "eps_growth_year": -56.8,
            "eps_4q": 4.85,
            "eps_4q_growth_year": 85.95,
            "roe": 1.79,
            "roe_4q": 17.18,
            "gross_profit": 301865,
            "gross_margin": 21.6,
            "gross_margin_4q_avg": 25.25,
            "net_income": 88825,
            "net_income_4q": null,
            "revenue": 1397751,
            "revenue_4q": null,
            "common_shares": 1630000,
            "book_valuer_per_share": 30.89,
            "book_valuer_per_share_4q_avg": 29.09,
            "equity": 5034304,
            "current_ratio": 274.69,
            "debt_ratio": 36.54,
            "inventory_turnover_ratio": 1.23,
            "account_receivable_turnover_ratio": 1.17,
            "reinvestment_rate": -141.73,
            "research_to_sale_ratio": 1.03,
            "price_fair": 120.23,
            "eps_avg_yearly": 3.44,
            "eps_latest_yearly": 2.16,
            "eps_growth_yearly": 50.04
        },
        "20142": {
            "year_quarter": 20142,
            "year": 2014,
            "quarter": 2,
            "eps": 0.72,
            "eps_growth_year": -49.65,
            "eps_4q": 4.14,
            "eps_4q_growth_year": 16.21,
            "roe": 2.52,
            "roe_4q": 14.43,
            "gross_profit": 338738,
            "gross_margin": 21.99,
            "gross_margin_4q_avg": 23.83,
            "net_income": 118099,
            "net_income_4q": null,
            "revenue": 1540688,
            "revenue_4q": null,
            "common_shares": 1630000,
            "book_valuer_per_share": 26.68,
            "book_valuer_per_share_4q_avg": 28.99,
            "equity": 4349088,
            "current_ratio": 243.54,
            "debt_ratio": 40.53,
            "inventory_turnover_ratio": 1.37,
            "account_receivable_turnover_ratio": 1.29,
            "reinvestment_rate": -156.8,
            "research_to_sale_ratio": 0.64,
            "price_fair": 114.28,
            "eps_avg_yearly": 3.27,
            "eps_latest_yearly": 2.88,
            "eps_growth_yearly": 43.6
        },
        "20143": {
            "year_quarter": 20143,
            "year": 2014,
            "quarter": 3,
            "eps": 1.22,
            "eps_growth_year": -21.79,
            "eps_4q": 3.8,
            "eps_4q_growth_year": -17.14,
            "roe": 4.44,
            "roe_4q": 13.24,
            "gross_profit": 355873,
            "gross_margin": 22.33,
            "gross_margin_4q_avg": 22.8,
            "net_income": 198882,
            "net_income_4q": null,
            "revenue": 1594001,
            "revenue_4q": null,
            "common_shares": 1630000,
            "book_valuer_per_share": 28.3,
            "book_valuer_per_share_4q_avg": 28.97,
            "equity": 4612377,
            "current_ratio": 266.03,
            "debt_ratio": 36.95,
            "inventory_turnover_ratio": 1.41,
            "account_receivable_turnover_ratio": 1.24,
            "reinvestment_rate": -151.02,
            "research_to_sale_ratio": 1.02,
            "price_fair": 113.93,
            "eps_avg_yearly": 3.26,
            "eps_latest_yearly": 4.88,
            "eps_growth_yearly": 63.47
        },
        "20144": {
            "year_quarter": 20144,
            "year": 2014,
            "quarter": 4,
            "eps": 1.33,
            "eps_growth_year": 1.2,
            "eps_4q": 3.82,
            "eps_4q_growth_year": -31.27,
            "roe": 4.51,
            "roe_4q": 13.259999999999998,
            "gross_profit": 383271,
            "gross_margin": 23.41,
            "gross_margin_4q_avg": 22.33,
            "net_income": 216361,
            "net_income_4q": null,
            "revenue": 1637351,
            "revenue_4q": null,
            "common_shares": 1630000,
            "book_valuer_per_share": 30.57,
            "book_valuer_per_share_4q_avg": 29.11,
            "equity": 4983592,
            "current_ratio": 218.41,
            "debt_ratio": 40.25,
            "inventory_turnover_ratio": 1.3,
            "account_receivable_turnover_ratio": 1.21,
            "reinvestment_rate": -109.56,
            "research_to_sale_ratio": 1.62,
            "price_fair": 121.63,
            "eps_avg_yearly": 3.48,
            "eps_latest_yearly": 5.32,
            "eps_growth_yearly": 81.79
        },
        "20151": {
            "year_quarter": 20151,
            "year": 2015,
            "quarter": 1,
            "eps": 0.77,
            "eps_growth_year": 42.59,
            "eps_4q": 4.03,
            "eps_4q_growth_year": -17.03,
            "roe": 2.48,
            "roe_4q": 13.95,
            "gross_profit": 348604,
            "gross_margin": 22.62,
            "gross_margin_4q_avg": 22.59,
            "net_income": 124746,
            "net_income_4q": null,
            "revenue": 1541058,
            "revenue_4q": null,
            "common_shares": 1634714,
            "book_valuer_per_share": 30.94,
            "book_valuer_per_share_4q_avg": 29.12,
            "equity": 5057093,
            "current_ratio": 229.31,
            "debt_ratio": 36.54,
            "inventory_turnover_ratio": 1.12,
            "account_receivable_turnover_ratio": 1.15,
            "reinvestment_rate": -132.74,
            "research_to_sale_ratio": 1.05,
            "price_fair": 122.33,
            "eps_avg_yearly": 3.5,
            "eps_latest_yearly": 3.08,
            "eps_growth_yearly": 57.93
        },
        "20152": {
            "year_quarter": 20152,
            "year": 2015,
            "quarter": 2,
            "eps": 0.68,
            "eps_growth_year": -5.56,
            "eps_4q": 3.98,
            "eps_4q_growth_year": -3.96,
            "roe": 2.26,
            "roe_4q": 13.690000000000001,
            "gross_profit": 361681,
            "gross_margin": 21.36,
            "gross_margin_4q_avg": 22.43,
            "net_income": 110302,
            "net_income_4q": null,
            "revenue": 1693017,
            "revenue_4q": null,
            "common_shares": 1634714,
            "book_valuer_per_share": 28.69,
            "book_valuer_per_share_4q_avg": 29.63,
            "equity": 4689398,
            "current_ratio": 142.35,
            "debt_ratio": 43.96,
            "inventory_turnover_ratio": 1.22,
            "account_receivable_turnover_ratio": 1.29,
            "reinvestment_rate": -75.77,
            "research_to_sale_ratio": 1.12,
            "price_fair": 123.9,
            "eps_avg_yearly": 3.54,
            "eps_latest_yearly": 2.72,
            "eps_growth_yearly": 61.89
        },
        "20153": {
            "year_quarter": 20153,
            "year": 2015,
            "quarter": 3,
            "eps": 1.07,
            "eps_growth_year": -12.3,
            "eps_4q": 3.83,
            "eps_4q_growth_year": 0.72,
            "roe": 3.59,
            "roe_4q": 12.84,
            "gross_profit": 373908,
            "gross_margin": 21.99,
            "gross_margin_4q_avg": 22.35,
            "net_income": 174204,
            "net_income_4q": null,
            "revenue": 1700264,
            "revenue_4q": null,
            "common_shares": 1634046,
            "book_valuer_per_share": 30.64,
            "book_valuer_per_share_4q_avg": 30.21,
            "equity": 5006656,
            "current_ratio": 117.54,
            "debt_ratio": 44.8,
            "inventory_turnover_ratio": 1.17,
            "account_receivable_turnover_ratio": 1.25,
            "reinvestment_rate": -82.15,
            "research_to_sale_ratio": 1.69,
            "price_fair": 127.14,
            "eps_avg_yearly": 3.63,
            "eps_latest_yearly": 4.28,
            "eps_growth_yearly": 66.23
        },
        "20154": {
            "year_quarter": 20154,
            "year": 2015,
            "quarter": 4,
            "eps": 1.31,
            "eps_growth_year": -1.14,
            "eps_4q": 3.82,
            "eps_4q_growth_year": -0.01,
            "roe": 4.23,
            "roe_4q": 12.56,
            "gross_profit": 473689,
            "gross_margin": 25.71,
            "gross_margin_4q_avg": 22.92,
            "net_income": 214415,
            "net_income_4q": null,
            "revenue": 1842186,
            "revenue_4q": null,
            "common_shares": 1634046,
            "book_valuer_per_share": 31.44,
            "book_valuer_per_share_4q_avg": 30.43,
            "equity": 5137912,
            "current_ratio": 145.14,
            "debt_ratio": 47.21,
            "inventory_turnover_ratio": 1.1,
            "account_receivable_turnover_ratio": 1.27,
            "reinvestment_rate": -59.88,
            "research_to_sale_ratio": 1.78,
            "price_fair": 133,
            "eps_avg_yearly": 3.8,
            "eps_latest_yearly": 5.24,
            "eps_growth_yearly": 73.98
        },
        "20161": {
            "year_quarter": 20161,
            "year": 2016,
            "quarter": 1,
            "eps": 1.32,
            "eps_growth_year": 71.43,
            "eps_4q": 4.36,
            "eps_4q_growth_year": 8.31,
            "roe": 4.11,
            "roe_4q": 14.19,
            "gross_profit": 416701,
            "gross_margin": 25.35,
            "gross_margin_4q_avg": 23.6,
            "net_income": 214700,
            "net_income_4q": null,
            "revenue": 1644102,
            "revenue_4q": null,
            "common_shares": 1636719,
            "book_valuer_per_share": 32.46,
            "book_valuer_per_share_4q_avg": 30.81,
            "equity": 5312818,
            "current_ratio": 135.74,
            "debt_ratio": 48.53,
            "inventory_turnover_ratio": 0.92,
            "account_receivable_turnover_ratio": 1.17,
            "reinvestment_rate": -24.35,
            "research_to_sale_ratio": 1.03,
            "price_fair": 138.95,
            "eps_avg_yearly": 3.97,
            "eps_latest_yearly": 5.28,
            "eps_growth_yearly": 74.17
        },
        "20162": {
            "year_quarter": 20162,
            "year": 2016,
            "quarter": 2,
            "eps": 0.71,
            "eps_growth_year": 4.41,
            "eps_4q": 4.4,
            "eps_4q_growth_year": 10.55,
            "roe": 2.2,
            "roe_4q": 14.13,
            "gross_profit": 347475,
            "gross_margin": 23.88,
            "gross_margin_4q_avg": 24.23,
            "net_income": 115400,
            "net_income_4q": null,
            "revenue": 1454818,
            "revenue_4q": null,
            "common_shares": 1636483,
            "book_valuer_per_share": 31.73,
            "book_valuer_per_share_4q_avg": 31.57,
            "equity": 5194210,
            "current_ratio": 126.03,
            "debt_ratio": 50.79,
            "inventory_turnover_ratio": 0.83,
            "account_receivable_turnover_ratio": 1.18,
            "reinvestment_rate": 140.68,
            "research_to_sale_ratio": 0.98,
            "price_fair": 140.96,
            "eps_avg_yearly": 4.03,
            "eps_latest_yearly": 2.84,
            "eps_growth_yearly": 68.87
        },
        "20163": {
            "year_quarter": 20163,
            "year": 2016,
            "quarter": 3,
            "eps": 1.27,
            "eps_growth_year": 18.69,
            "eps_4q": 4.6,
            "eps_4q_growth_year": 20.09,
            "roe": 3.95,
            "roe_4q": 14.490000000000002,
            "gross_profit": 380628,
            "gross_margin": 24.78,
            "gross_margin_4q_avg": 24.93,
            "net_income": 206687,
            "net_income_4q": null,
            "revenue": 1535946,
            "revenue_4q": null,
            "common_shares": 1636483,
            "book_valuer_per_share": 32.23,
            "book_valuer_per_share_4q_avg": 31.97,
            "equity": 5275770,
            "current_ratio": 115.41,
            "debt_ratio": 51.7,
            "inventory_turnover_ratio": 0.95,
            "account_receivable_turnover_ratio": 1.27,
            "reinvestment_rate": 20.64,
            "research_to_sale_ratio": 1.19,
            "price_fair": 147.35,
            "eps_avg_yearly": 4.21,
            "eps_latest_yearly": 5.08,
            "eps_growth_yearly": 85.46
        },
        "20164": {
            "year_quarter": 20164,
            "year": 2016,
            "quarter": 4,
            "eps": 1.27,
            "eps_growth_year": -3.09,
            "eps_4q": 4.56,
            "eps_4q_growth_year": 19.49,
            "roe": 3.85,
            "roe_4q": 14.11,
            "gross_profit": 433704,
            "gross_margin": 27.79,
            "gross_margin_4q_avg": 25.45,
            "net_income": 207284,
            "net_income_4q": null,
            "revenue": 1560425,
            "revenue_4q": null,
            "common_shares": 1635869,
            "book_valuer_per_share": 33.58,
            "book_valuer_per_share_4q_avg": 32.5,
            "equity": 5493712,
            "current_ratio": 146.19,
            "debt_ratio": 53.66,
            "inventory_turnover_ratio": 0.97,
            "account_receivable_turnover_ratio": 1.2,
            "reinvestment_rate": 56.62,
            "research_to_sale_ratio": 0.45,
            "price_fair": 155.4,
            "eps_avg_yearly": 4.44,
            "eps_latest_yearly": 5.08,
            "eps_growth_yearly": 94.26
        },
        "20171": {
            "year_quarter": 20171,
            "year": 2017,
            "quarter": 1,
            "eps": 1.14,
            "eps_growth_year": -13.64,
            "eps_4q": 4.38,
            "eps_4q_growth_year": 0.36,
            "roe": 3.35,
            "roe_4q": 13.350000000000001,
            "gross_profit": 360685,
            "gross_margin": 23.58,
            "gross_margin_4q_avg": 25.01,
            "net_income": 182290,
            "net_income_4q": null,
            "revenue": 1529886,
            "revenue_4q": null,
            "common_shares": 1637208,
            "book_valuer_per_share": 32.99,
            "book_valuer_per_share_4q_avg": 32.63,
            "equity": 5402402,
            "current_ratio": 144.9,
            "debt_ratio": 52.68,
            "inventory_turnover_ratio": 0.97,
            "account_receivable_turnover_ratio": 1.21,
            "reinvestment_rate": 192.33,
            "research_to_sale_ratio": 1.2,
            "price_fair": 154.44,
            "eps_avg_yearly": 4.41,
            "eps_latest_yearly": 4.56,
            "eps_growth_yearly": 27.41
        },
        "20172": {
            "year_quarter": 20172,
            "year": 2017,
            "quarter": 2,
            "eps": 0.02,
            "eps_growth_year": -97.18,
            "eps_4q": 3.69,
            "eps_4q_growth_year": -16.03,
            "roe": 0.09,
            "roe_4q": 11.24,
            "gross_profit": 296989,
            "gross_margin": 19.47,
            "gross_margin_4q_avg": 23.91,
            "net_income": 5061,
            "net_income_4q": null,
            "revenue": 1525110,
            "revenue_4q": null,
            "common_shares": 1637208,
            "book_valuer_per_share": 32.44,
            "book_valuer_per_share_4q_avg": 32.81,
            "equity": 5313127,
            "current_ratio": 120.04,
            "debt_ratio": 54.98,
            "inventory_turnover_ratio": 0.91,
            "account_receivable_turnover_ratio": 1.27,
            "reinvestment_rate": 209.7,
            "research_to_sale_ratio": 1.46,
            "price_fair": 12.18,
            "eps_avg_yearly": 4.06,
            "eps_latest_yearly": 0.08,
            "eps_growth_yearly": -0.75
        },
        "20173": {
            "year_quarter": 20173,
            "year": 2017,
            "quarter": 3,
            "eps": 0.05,
            "eps_growth_year": -96.06,
            "eps_4q": 2.48,
            "eps_4q_growth_year": -46.15,
            "roe": 0.15,
            "roe_4q": 7.4399999999999995,
            "gross_profit": 209840,
            "gross_margin": 14.28,
            "gross_margin_4q_avg": 21.28,
            "net_income": 7880,
            "net_income_4q": null,
            "revenue": 1469186,
            "revenue_4q": null,
            "common_shares": 1636432,
            "book_valuer_per_share": 32.78,
            "book_valuer_per_share_4q_avg": 32.95,
            "equity": 5365845,
            "current_ratio": 109.24,
            "debt_ratio": 57.33,
            "inventory_turnover_ratio": 0.78,
            "account_receivable_turnover_ratio": 1.26,
            "reinvestment_rate": 234.6,
            "research_to_sale_ratio": 0.86,
            "price_fair": 128.89,
            "eps_avg_yearly": 3.68,
            "eps_latest_yearly": 0.2,
            "eps_growth_yearly": 34.48
        },
        "20174": {
            "year_quarter": 20174,
            "year": 2017,
            "quarter": 4,
            "eps": 0.12,
            "eps_growth_year": -90.21,
            "eps_4q": 1.33,
            "eps_4q_growth_year": -70.85,
            "roe": 0.37,
            "roe_4q": 3.96,
            "gross_profit": 242379,
            "gross_margin": 16.7,
            "gross_margin_4q_avg": 18.51,
            "net_income": 20090,
            "net_income_4q": null,
            "revenue": 1451071,
            "revenue_4q": null,
            "common_shares": 1636432,
            "book_valuer_per_share": 32.79,
            "book_valuer_per_share_4q_avg": 32.75,
            "equity": 5368230,
            "current_ratio": 106.16,
            "debt_ratio": 58,
            "inventory_turnover_ratio": 0.66,
            "account_receivable_turnover_ratio": 1.33,
            "reinvestment_rate": 281.13,
            "research_to_sale_ratio": 1.59,
            "price_fair": 118.48,
            "eps_avg_yearly": 3.39,
            "eps_latest_yearly": 0.48,
            "eps_growth_yearly": 73.49
        },
        "20181": {
            "year_quarter": 20181,
            "year": 2018,
            "quarter": 1,
            "eps": 0.08,
            "eps_growth_year": -92.98,
            "eps_4q": 0.28,
            "eps_4q_growth_year": -93.69,
            "roe": 0.23,
            "roe_4q": 0.84,
            "gross_profit": 175938,
            "gross_margin": 10.85,
            "gross_margin_4q_avg": 15.33,
            "net_income": 12491,
            "net_income_4q": null,
            "revenue": 1620929,
            "revenue_4q": null,
            "common_shares": 1636432,
            "book_valuer_per_share": 32.97,
            "book_valuer_per_share_4q_avg": 32.75,
            "equity": 5397154,
            "current_ratio": 112.25,
            "debt_ratio": 58.23,
            "inventory_turnover_ratio": 0.77,
            "account_receivable_turnover_ratio": 1.49,
            "reinvestment_rate": 289.54,
            "research_to_sale_ratio": 1.09,
            "price_fair": 114.45,
            "eps_avg_yearly": 3.27,
            "eps_latest_yearly": 0.32,
            "eps_growth_yearly": 79.85
        },
        "20182": {
            "year_quarter": 20182,
            "year": 2018,
            "quarter": 2,
            "eps": 0.17,
            "eps_growth_year": 750,
            "eps_4q": 0.42,
            "eps_4q_growth_year": -88.51,
            "roe": 0.53,
            "roe_4q": 1.2799999999999998,
            "gross_profit": 204576,
            "gross_margin": 11.51,
            "gross_margin_4q_avg": 13.34,
            "net_income": 28582,
            "net_income_4q": null,
            "revenue": 1777176,
            "revenue_4q": null,
            "common_shares": 1634281,
            "book_valuer_per_share": 33.16,
            "book_valuer_per_share_4q_avg": 32.93,
            "equity": 5420647,
            "current_ratio": 111.44,
            "debt_ratio": 57.75,
            "inventory_turnover_ratio": 0.83,
            "account_receivable_turnover_ratio": 1.52,
            "reinvestment_rate": 302.54,
            "research_to_sale_ratio": 1.18,
            "price_fair": 109.64,
            "eps_avg_yearly": 3.13,
            "eps_latest_yearly": 0.68,
            "eps_growth_yearly": 99.64
        },
        "20183": {
            "year_quarter": 20183,
            "year": 2018,
            "quarter": 3,
            "eps": 0.41,
            "eps_growth_year": 720,
            "eps_4q": 0.78,
            "eps_4q_growth_year": -68.55,
            "roe": 1.21,
            "roe_4q": 2.34,
            "gross_profit": 244917,
            "gross_margin": 14.43,
            "gross_margin_4q_avg": 13.37,
            "net_income": 65071,
            "net_income_4q": null,
            "revenue": 1696824,
            "revenue_4q": null,
            "common_shares": 1634281,
            "book_valuer_per_share": 32.82,
            "book_valuer_per_share_4q_avg": 32.94,
            "equity": 5365474,
            "current_ratio": 125.2,
            "debt_ratio": 57.82,
            "inventory_turnover_ratio": 0.74,
            "account_receivable_turnover_ratio": 1.41,
            "reinvestment_rate": 300,
            "research_to_sale_ratio": 1.46,
            "price_fair": 102.55,
            "eps_avg_yearly": 2.93,
            "eps_latest_yearly": 1.64,
            "eps_growth_yearly": 117.57
        },
        "20184": {
            "year_quarter": 20184,
            "year": 2018,
            "quarter": 4,
            "eps": 0.02,
            "eps_growth_year": -80.57,
            "eps_4q": 0.68,
            "eps_4q_growth_year": -48.99,
            "roe": 0.07,
            "roe_4q": 2.04,
            "gross_profit": 205335,
            "gross_margin": 12.51,
            "gross_margin_4q_avg": 12.33,
            "net_income": 3780,
            "net_income_4q": null,
            "revenue": 1641455,
            "revenue_4q": null,
            "common_shares": 1634281,
            "book_valuer_per_share": 33.1,
            "book_valuer_per_share_4q_avg": 33.01,
            "equity": 5411822,
            "current_ratio": 110.41,
            "debt_ratio": 57.71,
            "inventory_turnover_ratio": 0.71,
            "account_receivable_turnover_ratio": 1.29,
            "reinvestment_rate": 311.03,
            "research_to_sale_ratio": 1.61,
            "price_fair": 91.09,
            "eps_avg_yearly": 2.6,
            "eps_latest_yearly": 0.08,
            "eps_growth_yearly": 91.54
        },
        "20191": {
            "year_quarter": 20191,
            "year": 2019,
            "quarter": 1,
            "eps": 0.24,
            "eps_growth_year": 200,
            "eps_4q": 0.84,
            "eps_4q_growth_year": 203.82,
            "roe": 0.7,
            "roe_4q": 2.51,
            "gross_profit": 172664,
            "gross_margin": 10.77,
            "gross_margin_4q_avg": 12.31,
            "net_income": 38416,
            "net_income_4q": null,
            "revenue": 1603280,
            "revenue_4q": null,
            "common_shares": 1630142,
            "book_valuer_per_share": 33.94,
            "book_valuer_per_share_4q_avg": 33.26,
            "equity": 5535405,
            "current_ratio": 118.61,
            "debt_ratio": 56.47,
            "inventory_turnover_ratio": 0.73,
            "account_receivable_turnover_ratio": 1.23,
            "reinvestment_rate": 311.51,
            "research_to_sale_ratio": 1.14,
            "price_fair": 86.45,
            "eps_avg_yearly": 2.47,
            "eps_latest_yearly": 0.96,
            "eps_growth_yearly": 377.06
        },
        "20192": {
            "year_quarter": 20192,
            "year": 2019,
            "quarter": 2,
            "eps": 0,
            "eps_growth_year": -100,
            "eps_4q": 0.67,
            "eps_4q_growth_year": 57.89,
            "roe": 0.02,
            "roe_4q": 2,
            "gross_profit": 160757,
            "gross_margin": 10.33,
            "gross_margin_4q_avg": 12.01,
            "net_income": 1002,
            "net_income_4q": null,
            "revenue": 1556757,
            "revenue_4q": null,
            "common_shares": 1630142,
            "book_valuer_per_share": 33.4,
            "book_valuer_per_share_4q_avg": 33.32,
            "equity": 5446724,
            "current_ratio": 105.96,
            "debt_ratio": 56.21,
            "inventory_turnover_ratio": 0.73,
            "account_receivable_turnover_ratio": 1.34,
            "reinvestment_rate": 244.24,
            "research_to_sale_ratio": 1.07,
            "price_fair": 85.87,
            "eps_avg_yearly": 2.45,
            "eps_latest_yearly": 0.96,
            "eps_growth_yearly": 405.32
        },
        "20193": {
            "year_quarter": 20193,
            "year": 2019,
            "quarter": 3,
            "eps": 0.18,
            "eps_growth_year": -56.1,
            "eps_4q": 0.45,
            "eps_4q_growth_year": -42.49,
            "roe": 0.54,
            "roe_4q": 1.33,
            "gross_profit": 169036,
            "gross_margin": 10.92,
            "gross_margin_4q_avg": 11.13,
            "net_income": 29327,
            "net_income_4q": null,
            "revenue": 1547984,
            "revenue_4q": null,
            "common_shares": 1630142,
            "book_valuer_per_share": 32.92,
            "book_valuer_per_share_4q_avg": 33.34,
            "equity": 5367709,
            "current_ratio": 117.61,
            "debt_ratio": 55.99,
            "inventory_turnover_ratio": 0.71,
            "account_receivable_turnover_ratio": 1.43,
            "reinvestment_rate": 241.63,
            "research_to_sale_ratio": 1.06,
            "price_fair": 81.3,
            "eps_avg_yearly": 2.32,
            "eps_latest_yearly": 0.96,
            "eps_growth_yearly": 417.88
        },
        "20194": {
            "year_quarter": 20194,
            "year": 2019,
            "quarter": 4,
            "eps": 0.01,
            "eps_growth_year": -69.32,
            "eps_4q": 0.43,
            "eps_4q_growth_year": -36.45,
            "roe": 0.02,
            "roe_4q": 1.28,
            "gross_profit": 111645,
            "gross_margin": 7.91,
            "gross_margin_4q_avg": 9.98,
            "net_income": 1294,
            "net_income_4q": null,
            "revenue": 1411537,
            "revenue_4q": null,
            "common_shares": 1630142,
            "book_valuer_per_share": 32.19,
            "book_valuer_per_share_4q_avg": 33.11,
            "equity": 5249714,
            "current_ratio": 114.06,
            "debt_ratio": 56.79,
            "inventory_turnover_ratio": 0.65,
            "account_receivable_turnover_ratio": 1.24,
            "reinvestment_rate": 229.95,
            "research_to_sale_ratio": 1.38,
            "price_fair": 68.3,
            "eps_avg_yearly": 1.95,
            "eps_latest_yearly": 0.04,
            "eps_growth_yearly": 384.49
        },
        "20201": {
            "year_quarter": 20201,
            "year": 2020,
            "quarter": 1,
            "eps": -0.69,
            "eps_growth_year": -387.5,
            "eps_4q": -0.49,
            "eps_4q_growth_year": -158.73,
            "roe": -2.16,
            "roe_4q": -1.58,
            "gross_profit": 34453,
            "gross_margin": 2.51,
            "gross_margin_4q_avg": 7.92,
            "net_income": -111982,
            "net_income_4q": null,
            "revenue": 1374409,
            "revenue_4q": null,
            "common_shares": 1630142,
            "book_valuer_per_share": 31.32,
            "book_valuer_per_share_4q_avg": 32.46,
            "equity": 5106851,
            "current_ratio": 122.93,
            "debt_ratio": 56.72,
            "inventory_turnover_ratio": 0.7,
            "account_receivable_turnover_ratio": 1.28,
            "reinvestment_rate": 224.35,
            "research_to_sale_ratio": 1.19,
            "price_fair": 59.34,
            "eps_avg_yearly": 1.7,
            "eps_latest_yearly": 0.04,
            "eps_growth_yearly": 413.83
        },
        "20202": {
            "year_quarter": 20202,
            "year": 2020,
            "quarter": 2,
            "eps": -0.53,
            "eps_growth_year": null,
            "eps_4q": -1.03,
            "eps_4q_growth_year": -253.42,
            "roe": -1.71,
            "roe_4q": -3.31,
            "gross_profit": 85592,
            "gross_margin": 5.75,
            "gross_margin_4q_avg": 6.77,
            "net_income": -86092,
            "net_income_4q": null,
            "revenue": 1488227,
            "revenue_4q": null,
            "common_shares": 1630142,
            "book_valuer_per_share": 30.33,
            "book_valuer_per_share_4q_avg": 31.69,
            "equity": 4945689,
            "current_ratio": 120.21,
            "debt_ratio": 57.7,
            "inventory_turnover_ratio": 0.78,
            "account_receivable_turnover_ratio": 1.47,
            "reinvestment_rate": 188.89,
            "research_to_sale_ratio": 1,
            "price_fair": 56,
            "eps_avg_yearly": 1.6,
            "eps_latest_yearly": 0.04,
            "eps_growth_yearly": 463.72
        },
        "20203": {
            "year_quarter": 20203,
            "year": 2020,
            "quarter": 3,
            "eps": 0.11,
            "eps_growth_year": -38.89,
            "eps_4q": -1.1,
            "eps_4q_growth_year": -345.27,
            "roe": 0.36,
            "roe_4q": -3.49,
            "gross_profit": 255046,
            "gross_margin": 11.67,
            "gross_margin_4q_avg": 6.96,
            "net_income": 18035,
            "net_income_4q": null,
            "revenue": 2186287,
            "revenue_4q": null,
            "common_shares": 1630142,
            "book_valuer_per_share": 30.79,
            "book_valuer_per_share_4q_avg": 31.16,
            "equity": 5021478,
            "current_ratio": 114.3,
            "debt_ratio": 58.15,
            "inventory_turnover_ratio": 1.18,
            "account_receivable_turnover_ratio": 1.58,
            "reinvestment_rate": 140.82,
            "research_to_sale_ratio": 0.62,
            "price_fair": 44.93,
            "eps_avg_yearly": 1.28,
            "eps_latest_yearly": 0.04,
            "eps_growth_yearly": 477.2
        },
        "20204": {
            "year_quarter": 20204,
            "year": 2020,
            "quarter": 4,
            "eps": 0.63,
            "eps_growth_year": 8370.04,
            "eps_4q": -0.48,
            "eps_4q_growth_year": -210.71,
            "roe": 2.01,
            "roe_4q": -1.5000000000000004,
            "gross_profit": 279534,
            "gross_margin": 12.77,
            "gross_margin_4q_avg": 8.18,
            "net_income": 102541,
            "net_income_4q": null,
            "revenue": 2188700,
            "revenue_4q": null,
            "common_shares": 1630142,
            "book_valuer_per_share": 31.82,
            "book_valuer_per_share_4q_avg": 31.07,
            "equity": 5188680,
            "current_ratio": 123.96,
            "debt_ratio": 58.59,
            "inventory_turnover_ratio": 1.27,
            "account_receivable_turnover_ratio": 1.16,
            "reinvestment_rate": -136.77,
            "research_to_sale_ratio": 0.55,
            "price_fair": 36.78,
            "eps_avg_yearly": 1.05,
            "eps_latest_yearly": 2.52,
            "eps_growth_yearly": 649.1
        },
        "20211": {
            "year_quarter": 20211,
            "year": 2021,
            "quarter": 1,
            "eps": 0.36,
            "eps_growth_year": null,
            "eps_4q": 0.57,
            "eps_4q_growth_year": null,
            "roe": 1.14,
            "roe_4q": 1.7999999999999994,
            "gross_profit": 253767,
            "gross_margin": 12.65,
            "gross_margin_4q_avg": 10.71,
            "net_income": 59314,
            "net_income_4q": null,
            "revenue": 2005495,
            "revenue_4q": null,
            "common_shares": 1630142,
            "book_valuer_per_share": 32.02,
            "book_valuer_per_share_4q_avg": 31.24,
            "equity": 5222063,
            "current_ratio": 107.41,
            "debt_ratio": 59.97,
            "inventory_turnover_ratio": 1.08,
            "account_receivable_turnover_ratio": 0.86,
            "reinvestment_rate": -338.37,
            "research_to_sale_ratio": 0.66,
            "price_fair": 26.85,
            "eps_avg_yearly": 0.77,
            "eps_latest_yearly": 1.44,
            "eps_growth_yearly": 637.24
        },
        "20212": {
            "year_quarter": 20212,
            "year": 2021,
            "quarter": 2,
            "eps": 0.63,
            "eps_growth_year": null,
            "eps_4q": 1.73,
            "eps_4q_growth_year": null,
            "roe": 1.93,
            "roe_4q": 5.44,
            "gross_profit": 326874,
            "gross_margin": 13.69,
            "gross_margin_4q_avg": 12.7,
            "net_income": 101544,
            "net_income_4q": null,
            "revenue": 2387621,
            "revenue_4q": null,
            "common_shares": 1630142,
            "book_valuer_per_share": 32.35,
            "book_valuer_per_share_4q_avg": 31.75,
            "equity": 5274825,
            "current_ratio": 113.94,
            "debt_ratio": 60.7,
            "inventory_turnover_ratio": 1.07,
            "account_receivable_turnover_ratio": 0.92,
            "reinvestment_rate": -259.85,
            "research_to_sale_ratio": 0.55,
            "price_fair": 34.62,
            "eps_avg_yearly": 0.99,
            "eps_latest_yearly": 2.52,
            "eps_growth_yearly": 700.24
        },
        "20213": {
            "year_quarter": 20213,
            "year": 2021,
            "quarter": 3,
            "eps": 0.84,
            "eps_growth_year": 663.64,
            "eps_4q": 2.07,
            "eps_4q_growth_year": null,
            "roe": 2.58,
            "roe_4q": 7.659999999999999,
            "gross_profit": 376402,
            "gross_margin": 13.34,
            "gross_margin_4q_avg": 13.11,
            "net_income": 150199,
            "net_income_4q": null,
            "revenue": 2820697,
            "revenue_4q": null,
            "common_shares": 1999942,
            "book_valuer_per_share": 31.86,
            "book_valuer_per_share_4q_avg": 32.01,
            "equity": 6374336,
            "current_ratio": 135.19,
            "debt_ratio": 53.01,
            "inventory_turnover_ratio": 1.2,
            "account_receivable_turnover_ratio": 0.98,
            "reinvestment_rate": -224.67,
            "research_to_sale_ratio": 0.51,
            "price_fair": 44.67,
            "eps_avg_yearly": 1.28,
            "eps_latest_yearly": 3.36,
            "eps_growth_yearly": 657.81
        },
        "20214": {
            "year_quarter": 20214,
            "year": 2021,
            "quarter": 4,
            "eps": 0.62,
            "eps_growth_year": -0.74,
            "eps_4q": 2.18,
            "eps_4q_growth_year": null,
            "roe": 1.93,
            "roe_4q": 7.579999999999999,
            "gross_profit": 425493,
            "gross_margin": 17.55,
            "gross_margin_4q_avg": 14.31,
            "net_income": 124772,
            "net_income_4q": null,
            "revenue": 2424130,
            "revenue_4q": null,
            "common_shares": 1999942,
            "book_valuer_per_share": 32.69,
            "book_valuer_per_share_4q_avg": 32.23,
            "equity": 6539996,
            "current_ratio": 156.89,
            "debt_ratio": 54.14,
            "inventory_turnover_ratio": 1.01,
            "account_receivable_turnover_ratio": 0.71,
            "reinvestment_rate": -311.19,
            "research_to_sale_ratio": 0.58,
            "price_fair": 51.04,
            "eps_avg_yearly": 1.46,
            "eps_latest_yearly": 2.48,
            "eps_growth_yearly": 597.38
        },
        "20221": {
            "year_quarter": 20221,
            "year": 2022,
            "quarter": 1,
            "eps": 0.69,
            "eps_growth_year": 91.67,
            "eps_4q": 2.5,
            "eps_4q_growth_year": 335.87,
            "roe": 1.87,
            "roe_4q": 8.31,
            "gross_profit": 350279,
            "gross_margin": 15.27,
            "gross_margin_4q_avg": 14.96,
            "net_income": 123986,
            "net_income_4q": null,
            "revenue": 2293575,
            "revenue_4q": null,
            "common_shares": 1999942,
            "book_valuer_per_share": 33.59,
            "book_valuer_per_share_4q_avg": 32.62,
            "equity": 6718813,
            "current_ratio": 152.65,
            "debt_ratio": 50.63,
            "inventory_turnover_ratio": 0.93,
            "account_receivable_turnover_ratio": 0.66,
            "reinvestment_rate": -269.52,
            "research_to_sale_ratio": 0.6,
            "price_fair": 58.8,
            "eps_avg_yearly": 1.68,
            "eps_latest_yearly": 2.76,
            "eps_growth_yearly": 613.6
        },
        "20222": {
            "year_quarter": 20222,
            "year": 2022,
            "quarter": 2,
            "eps": 1.76,
            "eps_growth_year": 179.37,
            "eps_4q": 3.76,
            "eps_4q_growth_year": 117.9,
            "roe": 5.13,
            "roe_4q": 11.51,
            "gross_profit": 447809,
            "gross_margin": 18.3,
            "gross_margin_4q_avg": 16.12,
            "net_income": 352875,
            "net_income_4q": null,
            "revenue": 2446566,
            "revenue_4q": null,
            "common_shares": 1999942,
            "book_valuer_per_share": 35.18,
            "book_valuer_per_share_4q_avg": 33.33,
            "equity": 7038635,
            "current_ratio": 165.57,
            "debt_ratio": 48.54,
            "inventory_turnover_ratio": 0.87,
            "account_receivable_turnover_ratio": 0.74,
            "reinvestment_rate": -236.7,
            "research_to_sale_ratio": 0.55,
            "price_fair": 79.04,
            "eps_avg_yearly": 2.26,
            "eps_latest_yearly": 7.04,
            "eps_growth_yearly": 629.09
        },
        "20223": {
            "year_quarter": 20223,
            "year": 2022,
            "quarter": 3,
            "eps": 1.17,
            "eps_growth_year": 39.29,
            "eps_4q": 4.18,
            "eps_4q_growth_year": 101.89,
            "roe": 3.25,
            "roe_4q": 12.18,
            "gross_profit": 293962,
            "gross_margin": 16.64,
            "gross_margin_4q_avg": 16.94,
            "net_income": 233808,
            "net_income_4q": null,
            "revenue": 1767117,
            "revenue_4q": null,
            "common_shares": 1999942,
            "book_valuer_per_share": 36.67,
            "book_valuer_per_share_4q_avg": 34.53,
            "equity": 7336666,
            "current_ratio": 216.21,
            "debt_ratio": 43.51,
            "inventory_turnover_ratio": 0.6,
            "account_receivable_turnover_ratio": 0.58,
            "reinvestment_rate": -177.62,
            "research_to_sale_ratio": 0.78,
            "price_fair": 88.71,
            "eps_avg_yearly": 2.53,
            "eps_latest_yearly": 4.68,
            "eps_growth_yearly": 565.56
        },
        "20224": {
            "year_quarter": 20224,
            "year": 2022,
            "quarter": 4,
            "eps": 0.13,
            "eps_growth_year": -78.88,
            "eps_4q": 3.68,
            "eps_4q_growth_year": 68.97,
            "roe": 0.36,
            "roe_4q": 10.61,
            "gross_profit": 271026,
            "gross_margin": 15.67,
            "gross_margin_4q_avg": 16.47,
            "net_income": 26460,
            "net_income_4q": null,
            "revenue": 1729529,
            "revenue_4q": null,
            "common_shares": 1999942,
            "book_valuer_per_share": 36.47,
            "book_valuer_per_share_4q_avg": 35.48,
            "equity": 7295637,
            "current_ratio": 243.72,
            "debt_ratio": 40.51,
            "inventory_turnover_ratio": 0.6,
            "account_receivable_turnover_ratio": 0.73,
            "reinvestment_rate": -177.54,
            "research_to_sale_ratio": 0.8,
            "price_fair": 90.11,
            "eps_avg_yearly": 2.57,
            "eps_latest_yearly": 0.52,
            "eps_growth_yearly": 567.83
        },
        "20231": {
            "year_quarter": 20231,
            "year": 2023,
            "quarter": 1,
            "eps": -0.2,
            "eps_growth_year": -128.99,
            "eps_4q": 2.86,
            "eps_4q_growth_year": 14.32,
            "roe": -0.56,
            "roe_4q": 8.18,
            "gross_profit": 117600,
            "gross_margin": 7.81,
            "gross_margin_4q_avg": 14.61,
            "net_income": -40474,
            "net_income_4q": null,
            "revenue": 1505352,
            "revenue_4q": null,
            "common_shares": 1999942,
            "book_valuer_per_share": 35.36,
            "book_valuer_per_share_4q_avg": 35.92,
            "equity": 7074483,
            "current_ratio": 188.02,
            "debt_ratio": 41.75,
            "inventory_turnover_ratio": 0.62,
            "account_receivable_turnover_ratio": 0.71,
            "reinvestment_rate": -179.16,
            "research_to_sale_ratio": 0.85,
            "price_fair": 95.76,
            "eps_avg_yearly": 2.74,
            "eps_latest_yearly": 0.52,
            "eps_growth_yearly": 184.61
        },
        "20232": {
            "year_quarter": 20232,
            "year": 2023,
            "quarter": 2,
            "eps": 0.5,
            "eps_growth_year": -71.59,
            "eps_4q": 1.6,
            "eps_4q_growth_year": -57.48,
            "roe": 1.42,
            "roe_4q": 4.47,
            "gross_profit": 230056,
            "gross_margin": 12.03,
            "gross_margin_4q_avg": 13.04,
            "net_income": 100213,
            "net_income_4q": null,
            "revenue": 1912954,
            "revenue_4q": null,
            "common_shares": 1999942,
            "book_valuer_per_share": 35.39,
            "book_valuer_per_share_4q_avg": 35.97,
            "equity": 7079676,
            "current_ratio": 183.01,
            "debt_ratio": 39.78,
            "inventory_turnover_ratio": 0.83,
            "account_receivable_turnover_ratio": 0.82,
            "reinvestment_rate": -164.34,
            "research_to_sale_ratio": 0.64,
            "price_fair": 95.76,
            "eps_avg_yearly": 2.74,
            "eps_latest_yearly": 0.52,
            "eps_growth_yearly": 184.61
        },
        "20233": {
            "year_quarter": 20233,
            "year": 2023,
            "quarter": 3,
            "eps": 0.72,
            "eps_growth_year": -38.46,
            "eps_4q": 1.15,
            "eps_4q_growth_year": -72.5,
            "roe": 1.98,
            "roe_4q": 3.1999999999999997,
            "gross_profit": 271445,
            "gross_margin": 13.41,
            "gross_margin_4q_avg": 12.23,
            "net_income": 143294,
            "net_income_4q": null,
            "revenue": 2024644,
            "revenue_4q": null,
            "common_shares": 1999942,
            "book_valuer_per_share": 37.07,
            "book_valuer_per_share_4q_avg": 36.07,
            "equity": 7416172,
            "current_ratio": 208.24,
            "debt_ratio": 41.4,
            "inventory_turnover_ratio": 0.97,
            "account_receivable_turnover_ratio": 0.73,
            "reinvestment_rate": -144.08,
            "research_to_sale_ratio": 0.67,
            "price_fair": 96.22,
            "eps_avg_yearly": 2.75,
            "eps_latest_yearly": 2.88,
            "eps_growth_yearly": 183.83
        },
        "20234": {
            "year_quarter": 20234,
            "year": 2023,
            "quarter": 4,
            "eps": 0.56,
            "eps_growth_year": 322.57,
            "eps_4q": 1.57,
            "eps_4q_growth_year": -57.28,
            "roe": 1.51,
            "roe_4q": 4.35,
            "gross_profit": 282566,
            "gross_margin": 13.3,
            "gross_margin_4q_avg": 11.64,
            "net_income": 111147,
            "net_income_4q": null,
            "revenue": 2123941,
            "revenue_4q": null,
            "common_shares": 1999942,
            "book_valuer_per_share": 36.72,
            "book_valuer_per_share_4q_avg": 36.14,
            "equity": 7346635,
            "current_ratio": 171.43,
            "debt_ratio": 42.77,
            "inventory_turnover_ratio": 1.13,
            "account_receivable_turnover_ratio": 0.73,
            "reinvestment_rate": -137.92,
            "research_to_sale_ratio": 0.47,
            "price_fair": 103.22,
            "eps_avg_yearly": 2.95,
            "eps_latest_yearly": 2.24,
            "eps_growth_yearly": 210.09
        }
    },
    "months": {
        "2006-12": {
            "month": "2006-12",
            "price": "60.12",
            "revenue": 275736
        },
        "2007-01": {
            "month": "2007-01",
            "price": "59.98",
            "revenue": 392805
        },
        "2007-02": {
            "month": "2007-02",
            "price": "66.10",
            "revenue": 369905
        },
        "2007-03": {
            "month": "2007-03",
            "price": "68.94",
            "revenue": 465522
        },
        "2007-04": {
            "month": "2007-04",
            "price": "68.40",
            "revenue": 454557
        },
        "2007-05": {
            "month": "2007-05",
            "price": "62.25",
            "revenue": 457197
        },
        "2007-06": {
            "month": "2007-06",
            "price": "64.97",
            "revenue": 404057
        },
        "2007-07": {
            "month": "2007-07",
            "price": "69.66",
            "revenue": 398720
        },
        "2007-08": {
            "month": "2007-08",
            "price": "72.51",
            "revenue": 467694
        },
        "2007-09": {
            "month": "2007-09",
            "price": "67.96",
            "revenue": 454159
        },
        "2007-10": {
            "month": "2007-10",
            "price": "64.84",
            "revenue": 451460
        },
        "2007-11": {
            "month": "2007-11",
            "price": "48.00",
            "revenue": 431958
        },
        "2007-12": {
            "month": "2007-12",
            "price": "46.38",
            "revenue": 371966
        },
        "2008-01": {
            "month": "2008-01",
            "price": "43.98",
            "revenue": 495505
        },
        "2008-02": {
            "month": "2008-02",
            "price": "40.71",
            "revenue": 327004
        },
        "2008-03": {
            "month": "2008-03",
            "price": "41.52",
            "revenue": 483299
        },
        "2008-04": {
            "month": "2008-04",
            "price": "38.51",
            "revenue": 508732
        },
        "2008-05": {
            "month": "2008-05",
            "price": "32.04",
            "revenue": 563345
        },
        "2008-06": {
            "month": "2008-06",
            "price": "31.92",
            "revenue": 646109
        },
        "2008-07": {
            "month": "2008-07",
            "price": "33.92",
            "revenue": 567119
        },
        "2008-08": {
            "month": "2008-08",
            "price": "33.57",
            "revenue": 536417
        },
        "2008-09": {
            "month": "2008-09",
            "price": "30.92",
            "revenue": 513211
        },
        "2008-10": {
            "month": "2008-10",
            "price": "28.09",
            "revenue": 471924
        },
        "2008-11": {
            "month": "2008-11",
            "price": "24.12",
            "revenue": 370490
        },
        "2008-12": {
            "month": "2008-12",
            "price": "21.71",
            "revenue": 423360
        },
        "2009-01": {
            "month": "2009-01",
            "price": "19.56",
            "revenue": 400252
        },
        "2009-02": {
            "month": "2009-02",
            "price": "19.93",
            "revenue": 306292
        },
        "2009-03": {
            "month": "2009-03",
            "price": "20.32",
            "revenue": 359820
        },
        "2009-04": {
            "month": "2009-04",
            "price": "21.99",
            "revenue": 378201
        },
        "2009-05": {
            "month": "2009-05",
            "price": "22.60",
            "revenue": 374722
        },
        "2009-06": {
            "month": "2009-06",
            "price": "22.21",
            "revenue": 425413
        },
        "2009-07": {
            "month": "2009-07",
            "price": "22.57",
            "revenue": 411140
        },
        "2009-08": {
            "month": "2009-08",
            "price": "24.98",
            "revenue": 384683
        },
        "2009-09": {
            "month": "2009-09",
            "price": "28.71",
            "revenue": 415338
        },
        "2009-10": {
            "month": "2009-10",
            "price": "28.58",
            "revenue": 375429
        },
        "2009-11": {
            "month": "2009-11",
            "price": "29.75",
            "revenue": 377644
        },
        "2009-12": {
            "month": "2009-12",
            "price": "30.81",
            "revenue": 423685
        },
        "2010-01": {
            "month": "2010-01",
            "price": "32.86",
            "revenue": 470563
        },
        "2010-02": {
            "month": "2010-02",
            "price": "30.02",
            "revenue": 305547
        },
        "2010-03": {
            "month": "2010-03",
            "price": "35.10",
            "revenue": 404305
        },
        "2010-04": {
            "month": "2010-04",
            "price": "41.09",
            "revenue": 439982
        },
        "2010-05": {
            "month": "2010-05",
            "price": "38.48",
            "revenue": 472005
        },
        "2010-06": {
            "month": "2010-06",
            "price": "37.47",
            "revenue": 533722
        },
        "2010-07": {
            "month": "2010-07",
            "price": "36.86",
            "revenue": 507018
        },
        "2010-08": {
            "month": "2010-08",
            "price": "40.07",
            "revenue": 445275
        },
        "2010-09": {
            "month": "2010-09",
            "price": "38.97",
            "revenue": 400598
        },
        "2010-10": {
            "month": "2010-10",
            "price": "39.25",
            "revenue": 339231
        },
        "2010-11": {
            "month": "2010-11",
            "price": "38.71",
            "revenue": 342762
        },
        "2010-12": {
            "month": "2010-12",
            "price": "38.30",
            "revenue": 378698
        },
        "2011-01": {
            "month": "2011-01",
            "price": "38.18",
            "revenue": 385826
        },
        "2011-02": {
            "month": "2011-02",
            "price": "37.57",
            "revenue": 322802
        },
        "2011-03": {
            "month": "2011-03",
            "price": "39.99",
            "revenue": 473054
        },
        "2011-04": {
            "month": "2011-04",
            "price": "43.69",
            "revenue": 455991
        },
        "2011-05": {
            "month": "2011-05",
            "price": "37.97",
            "revenue": 456057
        },
        "2011-06": {
            "month": "2011-06",
            "price": "35.45",
            "revenue": 461133
        },
        "2011-07": {
            "month": "2011-07",
            "price": "35.02",
            "revenue": 437529
        },
        "2011-08": {
            "month": "2011-08",
            "price": "30.19",
            "revenue": 529177
        },
        "2011-09": {
            "month": "2011-09",
            "price": "29.33",
            "revenue": 484570
        },
        "2011-10": {
            "month": "2011-10",
            "price": "29.38",
            "revenue": 449911
        },
        "2011-11": {
            "month": "2011-11",
            "price": "28.74",
            "revenue": 457738
        },
        "2011-12": {
            "month": "2011-12",
            "price": "28.59",
            "revenue": 435972
        },
        "2012-01": {
            "month": "2012-01",
            "price": "28.60",
            "revenue": 384979
        },
        "2012-02": {
            "month": "2012-02",
            "price": "30.99",
            "revenue": 460486
        },
        "2012-03": {
            "month": "2012-03",
            "price": "32.99",
            "revenue": 512966
        },
        "2012-04": {
            "month": "2012-04",
            "price": "31.93",
            "revenue": 413269
        },
        "2012-05": {
            "month": "2012-05",
            "price": "31.27",
            "revenue": 415555
        },
        "2012-06": {
            "month": "2012-06",
            "price": "30.26",
            "revenue": 467475
        },
        "2012-07": {
            "month": "2012-07",
            "price": "30.21",
            "revenue": 450712
        },
        "2012-08": {
            "month": "2012-08",
            "price": "30.17",
            "revenue": 463191
        },
        "2012-09": {
            "month": "2012-09",
            "price": "28.26",
            "revenue": 406494
        },
        "2012-10": {
            "month": "2012-10",
            "price": "27.60",
            "revenue": 422387
        },
        "2012-11": {
            "month": "2012-11",
            "price": "27.18",
            "revenue": 477144
        },
        "2012-12": {
            "month": "2012-12",
            "price": "29.93",
            "revenue": 478369
        },
        "2013-01": {
            "month": "2013-01",
            "price": "29.92",
            "revenue": 438633
        },
        "2013-02": {
            "month": "2013-02",
            "price": "30.18",
            "revenue": 331330
        },
        "2013-03": {
            "month": "2013-03",
            "price": "31.11",
            "revenue": 513306
        },
        "2013-04": {
            "month": "2013-04",
            "price": "38.64",
            "revenue": 512504
        },
        "2013-05": {
            "month": "2013-05",
            "price": "50.73",
            "revenue": 527749
        },
        "2013-06": {
            "month": "2013-06",
            "price": "55.37",
            "revenue": 522559
        },
        "2013-07": {
            "month": "2013-07",
            "price": "69.99",
            "revenue": 564963
        },
        "2013-08": {
            "month": "2013-08",
            "price": "75.95",
            "revenue": 555371
        },
        "2013-09": {
            "month": "2013-09",
            "price": "76.78",
            "revenue": 503184
        },
        "2013-10": {
            "month": "2013-10",
            "price": "82.85",
            "revenue": 495104
        },
        "2013-11": {
            "month": "2013-11",
            "price": "81.23",
            "revenue": 499855
        },
        "2013-12": {
            "month": "2013-12",
            "price": "79.79",
            "revenue": 463379
        },
        "2014-01": {
            "month": "2014-01",
            "price": "79.09",
            "revenue": 484362
        },
        "2014-02": {
            "month": "2014-02",
            "price": "81.79",
            "revenue": 395860
        },
        "2014-03": {
            "month": "2014-03",
            "price": "86.29",
            "revenue": 517528
        },
        "2014-04": {
            "month": "2014-04",
            "price": "75.63",
            "revenue": 481828
        },
        "2014-05": {
            "month": "2014-05",
            "price": "61.18",
            "revenue": 528288
        },
        "2014-06": {
            "month": "2014-06",
            "price": "56.11",
            "revenue": 530572
        },
        "2014-07": {
            "month": "2014-07",
            "price": "52.89",
            "revenue": 521756
        },
        "2014-08": {
            "month": "2014-08",
            "price": "51.62",
            "revenue": 507517
        },
        "2014-09": {
            "month": "2014-09",
            "price": "49.09",
            "revenue": 564728
        },
        "2014-10": {
            "month": "2014-10",
            "price": "47.29",
            "revenue": 537127
        },
        "2014-11": {
            "month": "2014-11",
            "price": "50.57",
            "revenue": 520315
        },
        "2014-12": {
            "month": "2014-12",
            "price": "54.20",
            "revenue": 579910
        },
        "2015-01": {
            "month": "2015-01",
            "price": "59.64",
            "revenue": 573692
        },
        "2015-02": {
            "month": "2015-02",
            "price": "59.13",
            "revenue": 422919
        },
        "2015-03": {
            "month": "2015-03",
            "price": "63.70",
            "revenue": 544447
        },
        "2015-04": {
            "month": "2015-04",
            "price": "60.07",
            "revenue": 604635
        },
        "2015-05": {
            "month": "2015-05",
            "price": "56.00",
            "revenue": 508233
        },
        "2015-06": {
            "month": "2015-06",
            "price": "50.50",
            "revenue": 580149
        },
        "2015-07": {
            "month": "2015-07",
            "price": "44.28",
            "revenue": 560499
        },
        "2015-08": {
            "month": "2015-08",
            "price": "36.54",
            "revenue": 563757
        },
        "2015-09": {
            "month": "2015-09",
            "price": "42.90",
            "revenue": 576008
        },
        "2015-10": {
            "month": "2015-10",
            "price": "44.40",
            "revenue": 563276
        },
        "2015-11": {
            "month": "2015-11",
            "price": "45.19",
            "revenue": 602139
        },
        "2015-12": {
            "month": "2015-12",
            "price": "41.66",
            "revenue": 676771
        },
        "2016-01": {
            "month": "2016-01",
            "price": "42.43",
            "revenue": 671479
        },
        "2016-02": {
            "month": "2016-02",
            "price": "43.85",
            "revenue": 410357
        },
        "2016-03": {
            "month": "2016-03",
            "price": "42.08",
            "revenue": 562266
        },
        "2016-04": {
            "month": "2016-04",
            "price": "40.11",
            "revenue": 503567
        },
        "2016-05": {
            "month": "2016-05",
            "price": "42.63",
            "revenue": 466061
        },
        "2016-06": {
            "month": "2016-06",
            "price": "40.69",
            "revenue": 485190
        },
        "2016-07": {
            "month": "2016-07",
            "price": "42.57",
            "revenue": 485984
        },
        "2016-08": {
            "month": "2016-08",
            "price": "42.81",
            "revenue": 535233
        },
        "2016-09": {
            "month": "2016-09",
            "price": "43.21",
            "revenue": 514729
        },
        "2016-10": {
            "month": "2016-10",
            "price": "41.80",
            "revenue": 460481
        },
        "2016-11": {
            "month": "2016-11",
            "price": "40.41",
            "revenue": 496138
        },
        "2016-12": {
            "month": "2016-12",
            "price": "40.72",
            "revenue": 603806
        },
        "2017-01": {
            "month": "2017-01",
            "price": "41.33",
            "revenue": 555102
        },
        "2017-02": {
            "month": "2017-02",
            "price": "43.17",
            "revenue": 400418
        },
        "2017-03": {
            "month": "2017-03",
            "price": "41.40",
            "revenue": 574366
        },
        "2017-04": {
            "month": "2017-04",
            "price": "44.01",
            "revenue": 476767
        },
        "2017-05": {
            "month": "2017-05",
            "price": "43.28",
            "revenue": 557984
        },
        "2017-06": {
            "month": "2017-06",
            "price": "44.54",
            "revenue": 490359
        },
        "2017-07": {
            "month": "2017-07",
            "price": "43.01",
            "revenue": 449009
        },
        "2017-08": {
            "month": "2017-08",
            "price": "39.80",
            "revenue": 518403
        },
        "2017-09": {
            "month": "2017-09",
            "price": "38.88",
            "revenue": 501774
        },
        "2017-10": {
            "month": "2017-10",
            "price": "38.95",
            "revenue": 467665
        },
        "2017-11": {
            "month": "2017-11",
            "price": "37.34",
            "revenue": 529831
        },
        "2017-12": {
            "month": "2017-12",
            "price": "36.84",
            "revenue": 453575
        },
        "2018-01": {
            "month": "2018-01",
            "price": "36.02",
            "revenue": 624749
        },
        "2018-02": {
            "month": "2018-02",
            "price": "35.85",
            "revenue": 408205
        },
        "2018-03": {
            "month": "2018-03",
            "price": "35.87",
            "revenue": 587975
        },
        "2018-04": {
            "month": "2018-04",
            "price": "36.29",
            "revenue": 555682
        },
        "2018-05": {
            "month": "2018-05",
            "price": "36.39",
            "revenue": 643282
        },
        "2018-06": {
            "month": "2018-06",
            "price": "36.10",
            "revenue": 578212
        },
        "2018-07": {
            "month": "2018-07",
            "price": "35.31",
            "revenue": 621389
        },
        "2018-08": {
            "month": "2018-08",
            "price": "36.37",
            "revenue": 570845
        },
        "2018-09": {
            "month": "2018-09",
            "price": "36.27",
            "revenue": 504590
        },
        "2018-10": {
            "month": "2018-10",
            "price": "32.06",
            "revenue": 566370
        },
        "2018-11": {
            "month": "2018-11",
            "price": "33.03",
            "revenue": 563497
        },
        "2018-12": {
            "month": "2018-12",
            "price": "33.69",
            "revenue": 511588
        },
        "2019-01": {
            "month": "2019-01",
            "price": "33.05",
            "revenue": 626385
        },
        "2019-02": {
            "month": "2019-02",
            "price": "32.03",
            "revenue": 406229
        },
        "2019-03": {
            "month": "2019-03",
            "price": "32.49",
            "revenue": 570666
        },
        "2019-04": {
            "month": "2019-04",
            "price": "35.03",
            "revenue": 550520
        },
        "2019-05": {
            "month": "2019-05",
            "price": "34.92",
            "revenue": 515456
        },
        "2019-06": {
            "month": "2019-06",
            "price": "35.17",
            "revenue": 490780
        },
        "2019-07": {
            "month": "2019-07",
            "price": "33.55",
            "revenue": 524988
        },
        "2019-08": {
            "month": "2019-08",
            "price": "30.70",
            "revenue": 514526
        },
        "2019-09": {
            "month": "2019-09",
            "price": "30.46",
            "revenue": 508470
        },
        "2019-10": {
            "month": "2019-10",
            "price": "29.56",
            "revenue": 472998
        },
        "2019-11": {
            "month": "2019-11",
            "price": "28.41",
            "revenue": 461156
        },
        "2019-12": {
            "month": "2019-12",
            "price": "27.50",
            "revenue": 477383
        },
        "2020-01": {
            "month": "2020-01",
            "price": "27.21",
            "revenue": 464905
        },
        "2020-02": {
            "month": "2020-02",
            "price": "24.72",
            "revenue": 441327
        },
        "2020-03": {
            "month": "2020-03",
            "price": "19.60",
            "revenue": 468177
        },
        "2020-04": {
            "month": "2020-04",
            "price": "20.40",
            "revenue": 408929
        },
        "2020-05": {
            "month": "2020-05",
            "price": "19.82",
            "revenue": 466532
        },
        "2020-06": {
            "month": "2020-06",
            "price": "20.82",
            "revenue": 612766
        },
        "2020-07": {
            "month": "2020-07",
            "price": "22.54",
            "revenue": 688238
        },
        "2020-08": {
            "month": "2020-08",
            "price": "25.46",
            "revenue": 668457
        },
        "2020-09": {
            "month": "2020-09",
            "price": "26.28",
            "revenue": 829591
        },
        "2020-10": {
            "month": "2020-10",
            "price": "25.75",
            "revenue": 726869
        },
        "2020-11": {
            "month": "2020-11",
            "price": "24.19",
            "revenue": 686099
        },
        "2020-12": {
            "month": "2020-12",
            "price": "24.12",
            "revenue": 775732
        },
        "2021-01": {
            "month": "2021-01",
            "price": "23.88",
            "revenue": 733215
        },
        "2021-02": {
            "month": "2021-02",
            "price": "24.48",
            "revenue": 501290
        },
        "2021-03": {
            "month": "2021-03",
            "price": "30.01",
            "revenue": 770990
        },
        "2021-04": {
            "month": "2021-04",
            "price": "34.23",
            "revenue": 763375
        },
        "2021-05": {
            "month": "2021-05",
            "price": "28.56",
            "revenue": 759126
        },
        "2021-06": {
            "month": "2021-06",
            "price": "28.55",
            "revenue": 865121
        },
        "2021-07": {
            "month": "2021-07",
            "price": "32.13",
            "revenue": 1015858
        },
        "2021-08": {
            "month": "2021-08",
            "price": "28.66",
            "revenue": 900698
        },
        "2021-09": {
            "month": "2021-09",
            "price": "26.63",
            "revenue": 904141
        },
        "2021-10": {
            "month": "2021-10",
            "price": "26.43",
            "revenue": 851504
        },
        "2021-11": {
            "month": "2021-11",
            "price": "28.41",
            "revenue": 774315
        },
        "2021-12": {
            "month": "2021-12",
            "price": "27.18",
            "revenue": 798311
        },
        "2022-01": {
            "month": "2022-01",
            "price": "27.58",
            "revenue": 816321
        },
        "2022-02": {
            "month": "2022-02",
            "price": "28.29",
            "revenue": 565630
        },
        "2022-03": {
            "month": "2022-03",
            "price": "26.66",
            "revenue": 911623
        },
        "2022-04": {
            "month": "2022-04",
            "price": "26.68",
            "revenue": 788035
        },
        "2022-05": {
            "month": "2022-05",
            "price": "25.58",
            "revenue": 835443
        },
        "2022-06": {
            "month": "2022-06",
            "price": "24.97",
            "revenue": 823088
        },
        "2022-07": {
            "month": "2022-07",
            "price": "23.68",
            "revenue": 660951
        },
        "2022-08": {
            "month": "2022-08",
            "price": "25.91",
            "revenue": 503368
        },
        "2022-09": {
            "month": "2022-09",
            "price": "23.96",
            "revenue": 602798
        },
        "2022-10": {
            "month": "2022-10",
            "price": "21.63",
            "revenue": 502370
        },
        "2022-11": {
            "month": "2022-11",
            "price": "21.76",
            "revenue": 576570
        },
        "2022-12": {
            "month": "2022-12",
            "price": "22.40",
            "revenue": 650589
        },
        "2023-01": {
            "month": "2023-01",
            "price": "23.42",
            "revenue": 331354
        },
        "2023-02": {
            "month": "2023-02",
            "price": "23.99",
            "revenue": 541930
        },
        "2023-03": {
            "month": "2023-03",
            "price": "23.16",
            "revenue": 632068
        },
        "2023-04": {
            "month": "2023-04",
            "price": "22.65",
            "revenue": 514253
        },
        "2023-05": {
            "month": "2023-05",
            "price": "21.71",
            "revenue": 734094
        },
        "2023-06": {
            "month": "2023-06",
            "price": "22.63",
            "revenue": 664608
        },
        "2023-07": {
            "month": "2023-07",
            "price": "22.88",
            "revenue": 690865
        },
        "2023-08": {
            "month": "2023-08",
            "price": "21.99",
            "revenue": 651233
        },
        "2023-09": {
            "month": "2023-09",
            "price": "22.14",
            "revenue": 682546
        },
        "2023-10": {
            "month": "2023-10",
            "price": "22.00",
            "revenue": 660450
        },
        "2023-11": {
            "month": "2023-11",
            "price": "23.70",
            "revenue": 679626
        },
        "2023-12": {
            "month": "2023-12",
            "price": "25.43",
            "revenue": 783866
        }
    }
}
