{
    "summary": {
        "stock_name": "世鎧",
        "stock_id": "2063",
        "category": "鋼鐵",
        "main_business": "螺絲、螺帽、螺絲釘及鉚釘等製品製造業<br>金屬線製品製造業",
        "website_url": "http://www.shehkai.com.tw",
        "ceo": "陳駿彥",
        "pe_ratio": 10,
        "report_year_from": 2008,
        "report_year_to": 2023,
        "age": 15,
        "eps_negative_percentage": 0,
        "eps_growth_avg": {
            "last_all": 16.68,
            "last_2y": 19.72,
            "last_4y": 18.05,
            "last_8y": 24.47,
            "last_12y": 16.68,
            "last_16y": null,
            "last_20y": null,
            "at_2006_last_3y": null,
            "at_2007_last_3y": null,
            "at_2008_last_3y": null,
            "at_2009_last_3y": null,
            "at_2010_last_3y": null,
            "at_2011_last_3y": null,
            "at_2012_last_3y": null,
            "at_2013_last_3y": -0.85,
            "at_2014_last_3y": 0.18,
            "at_2015_last_3y": -7.74,
            "at_2016_last_3y": 7.52,
            "at_2017_last_3y": 32.51,
            "at_2018_last_3y": 26.65,
            "at_2019_last_3y": 28.09,
            "at_2020_last_3y": 22.78,
            "at_2021_last_3y": 10.25,
            "at_2022_last_3y": 12.68,
            "at_2023_last_3y": 12.68,
            "at_2006_last_all": null,
            "at_2007_last_all": null,
            "at_2008_last_all": null,
            "at_2009_last_all": null,
            "at_2010_last_all": null,
            "at_2011_last_all": 38.16,
            "at_2012_last_all": 2.45,
            "at_2013_last_all": -0.85,
            "at_2014_last_all": 11.91,
            "at_2015_last_all": 7.56,
            "at_2016_last_all": 5.34,
            "at_2017_last_all": 15.83,
            "at_2018_last_all": 18.46,
            "at_2019_last_all": 15.77,
            "at_2020_last_all": 11.69,
            "at_2021_last_all": 13.97,
            "at_2022_last_all": 16.68,
            "at_2023_last_all": 16.68
        },
        "latest_eps": 4.76,
        "latest_price": 48.85,
        "latest_roe": 28.37,
        "latest_gross_margin": 31.11,
        "latest_equity": 940609,
        "latest_revenue": 289523,
        "latest_gross_profit": 90057,
        "latest_net_income": 43552,
        "latest_debt_ratio": 47.76,
        "latest_current_ratio": 182.87,
        "latest_account_receivable_turnover_ratio": 1.09,
        "latest_inventory_turnover_ratio": 0.3,
        "latest_reinvestment_rate": -17.69,
        "latest_research_to_sale_ratio": 1.79
    },
    "eps_dividends": {
        "2001": {
            "cash": 0,
            "stock": 0,
            "eps": 0
        },
        "2002": {
            "cash": 0,
            "stock": 0,
            "eps": 0
        },
        "2003": {
            "cash": 0,
            "stock": 0,
            "eps": 0
        },
        "2004": {
            "cash": 0,
            "stock": 0,
            "eps": 0
        },
        "2005": {
            "cash": 0,
            "stock": 0,
            "eps": 0
        },
        "2006": {
            "cash": 0,
            "stock": 0,
            "eps": 0
        },
        "2007": {
            "cash": 0,
            "stock": 0,
            "eps": 0
        },
        "2008": {
            "cash": 0,
            "stock": 0,
            "eps": 0
        },
        "2009": {
            "cash": 0.2,
            "stock": 2,
            "eps": 2.09
        },
        "2010": {
            "cash": 0.7,
            "stock": 1.2,
            "eps": 3.32
        },
        "2011": {
            "cash": 2,
            "stock": 2,
            "eps": 3.9
        },
        "2012": {
            "cash": 1,
            "stock": 2,
            "eps": 1.21
        },
        "2013": {
            "cash": 1.1,
            "stock": 0,
            "eps": 1.08
        },
        "2014": {
            "cash": 1,
            "stock": 0.5,
            "eps": 1.76
        },
        "2015": {
            "cash": 1.5,
            "stock": 0,
            "eps": 1.51
        },
        "2016": {
            "cash": 1,
            "stock": 0.4,
            "eps": 1.39
        },
        "2017": {
            "cash": 1.2,
            "stock": 0,
            "eps": 2.63
        },
        "2018": {
            "cash": 2.5,
            "stock": 0,
            "eps": 3.67
        },
        "2019": {
            "cash": 3,
            "stock": 0,
            "eps": 3.36
        },
        "2020": {
            "cash": 2.5,
            "stock": 0,
            "eps": 2.38
        },
        "2021": {
            "cash": 2,
            "stock": 0,
            "eps": 3.31
        },
        "2022": {
            "cash": 3,
            "stock": 0,
            "eps": 4.94
        },
        "2023": {
            "cash": 3,
            "stock": 0,
            "eps": 0.88
        }
    },
    "dividends": {
        "2009-04-10": {
            "cash": 0.2,
            "stock": 2
        },
        "2010-03-08": {
            "cash": 0.7,
            "stock": 1.2
        },
        "2011-03-14": {
            "cash": 2,
            "stock": 2
        },
        "2012-03-12": {
            "cash": 1,
            "stock": 2
        },
        "2013-05-30": {
            "cash": 1.1,
            "stock": 0
        },
        "2014-09-01": {
            "cash": 1,
            "stock": 0.5
        },
        "2015-07-17": {
            "cash": 1.5,
            "stock": 0
        },
        "2016-09-02": {
            "cash": 1,
            "stock": 0.4
        },
        "2017-07-10": {
            "cash": 1.2,
            "stock": 0
        },
        "2018-07-20": {
            "cash": 2.5,
            "stock": 0
        },
        "2019-07-19": {
            "cash": 3,
            "stock": 0
        },
        "2020-05-07": {
            "cash": 2.5,
            "stock": 0
        },
        "2021-04-29": {
            "cash": 2,
            "stock": 0
        },
        "2022-01-10": {
            "cash": 1,
            "stock": 0
        },
        "2022-04-29": {
            "cash": 2,
            "stock": 0
        },
        "2023-01-16": {
            "cash": 1.5,
            "stock": 0
        },
        "2023-04-27": {
            "cash": 1.5,
            "stock": 0
        }
    },
    "prices": {
        "200101": "無",
        "200102": "無",
        "200103": "無",
        "200104": "無",
        "200105": "無",
        "200106": "無",
        "200107": "無",
        "200108": "無",
        "200109": "無",
        "200110": "無",
        "200111": "無",
        "200112": "無",
        "200201": "無",
        "200202": "無",
        "200203": "無",
        "200204": "無",
        "200205": "無",
        "200206": "無",
        "200207": "無",
        "200208": "無",
        "200209": "無",
        "200210": "無",
        "200211": "無",
        "200212": "無",
        "200301": "無",
        "200302": "無",
        "200303": "無",
        "200304": "無",
        "200305": "無",
        "200306": "無",
        "200307": "無",
        "200308": "無",
        "200309": "無",
        "200310": "無",
        "200311": "無",
        "200312": "無",
        "200401": "無",
        "200402": "無",
        "200403": "無",
        "200404": "無",
        "200405": "無",
        "200406": "無",
        "200407": "無",
        "200408": "無",
        "200409": "無",
        "200410": "無",
        "200411": "無",
        "200412": "無",
        "200501": "無",
        "200502": "無",
        "200503": "無",
        "200504": "無",
        "200505": "無",
        "200506": "無",
        "200507": "無",
        "200508": "無",
        "200509": "無",
        "200510": "無",
        "200511": "無",
        "200512": "無",
        "200601": "無",
        "200602": "無",
        "200603": "無",
        "200604": "無",
        "200605": "無",
        "200606": "無",
        "200607": "無",
        "200608": "無",
        "200609": "無",
        "200610": "無",
        "200611": "無",
        "200612": "無",
        "200701": "無",
        "200702": "無",
        "200703": "無",
        "200704": "無",
        "200705": "無",
        "200706": "無",
        "200707": "無",
        "200708": "無",
        "200709": "無",
        "200710": "無",
        "200711": "無",
        "200712": "無",
        "200801": "無",
        "200802": "無",
        "200803": "無",
        "200804": "無",
        "200805": "無",
        "200806": "無",
        "200807": "無",
        "200808": "無",
        "200809": "無",
        "200810": "無",
        "200811": "無",
        "200812": "無",
        "200901": "無",
        "200902": "無",
        "200903": "無",
        "200904": "16.47",
        "200905": "20.08",
        "200906": "24.01",
        "200907": "25.27",
        "200908": "29.82",
        "200909": "29.16",
        "200910": "28.34",
        "200911": "28.19",
        "200912": "27.85",
        "201001": "26.24",
        "201002": "25.86",
        "201003": "25.33",
        "201004": "28.19",
        "201005": "31.72",
        "201006": "35.14",
        "201007": "42.38",
        "201008": "58.54",
        "201009": "68.86",
        "201010": "61.70",
        "201011": "58.55",
        "201012": "58.30",
        "201101": "67.67",
        "201102": "82.79",
        "201103": "78.27",
        "201104": "75.58",
        "201105": "72.39",
        "201106": "65.31",
        "201107": "65.92",
        "201108": "51.30",
        "201109": "40.73",
        "201110": "37.95",
        "201111": "36.78",
        "201112": "33.66",
        "201201": "32.58",
        "201202": "38.06",
        "201203": "41.41",
        "201204": "37.97",
        "201205": "33.59",
        "201206": "31.89",
        "201207": "29.34",
        "201208": "24.38",
        "201209": "23.88",
        "201210": "23.17",
        "201211": "23.32",
        "201212": "25.35",
        "201301": "27.67",
        "201302": "26.38",
        "201303": "25.69",
        "201304": "23.10",
        "201305": "23.65",
        "201306": "23.31",
        "201307": "22.23",
        "201308": "23.46",
        "201309": "25.48",
        "201310": "24.17",
        "201311": "23.23",
        "201312": "23.10",
        "201401": "23.71",
        "201402": "24.08",
        "201403": "31.44",
        "201404": "32.28",
        "201405": "30.59",
        "201406": "29.60",
        "201407": "31.34",
        "201408": "35.92",
        "201409": "36.69",
        "201410": "32.50",
        "201411": "31.30",
        "201412": "29.49",
        "201501": "29.21",
        "201502": "29.17",
        "201503": "28.63",
        "201504": "27.59",
        "201505": "26.41",
        "201506": "26.26",
        "201507": "23.59",
        "201508": "23.25",
        "201509": "23.29",
        "201510": "24.50",
        "201511": "24.08",
        "201512": "23.41",
        "201601": "23.62",
        "201602": "26.61",
        "201603": "28.75",
        "201604": "29.76",
        "201605": "29.60",
        "201606": "29.45",
        "201607": "28.56",
        "201608": "26.63",
        "201609": "27.54",
        "201610": "28.85",
        "201611": "28.13",
        "201612": "27.45",
        "201701": "27.66",
        "201702": "28.36",
        "201703": "28.50",
        "201704": "28.68",
        "201705": "28.26",
        "201706": "27.49",
        "201707": "27.13",
        "201708": "28.35",
        "201709": "33.73",
        "201710": "38.65",
        "201711": "35.38",
        "201712": "34.59",
        "201801": "37.52",
        "201802": "39.88",
        "201803": "39.34",
        "201804": "37.78",
        "201805": "37.91",
        "201806": "38.29",
        "201807": "37.45",
        "201808": "38.90",
        "201809": "37.89",
        "201810": "35.94",
        "201811": "34.49",
        "201812": "34.50",
        "201901": "35.84",
        "201902": "37.03",
        "201903": "39.20",
        "201904": "38.73",
        "201905": "39.67",
        "201906": "39.71",
        "201907": "38.02",
        "201908": "37.39",
        "201909": "37.53",
        "201910": "37.53",
        "201911": "37.36",
        "201912": "37.92",
        "202001": "38.49",
        "202002": "37.86",
        "202003": "35.75",
        "202004": "32.87",
        "202005": "32.81",
        "202006": "33.64",
        "202007": "32.16",
        "202008": "31.68",
        "202009": "31.68",
        "202010": "31.03",
        "202011": "30.89",
        "202012": "31.37",
        "202101": "31.69",
        "202102": "32.20",
        "202103": "34.56",
        "202104": "36.01",
        "202105": "34.25",
        "202106": "35.14",
        "202107": "37.10",
        "202108": "36.12",
        "202109": "35.89",
        "202110": "35.23",
        "202111": "36.40",
        "202112": "36.33",
        "202201": "36.19",
        "202202": "36.21",
        "202203": "36.50",
        "202204": "36.98",
        "202205": "35.13",
        "202206": "34.58",
        "202207": "32.39",
        "202208": "36.05",
        "202209": "37.14",
        "202210": "35.98",
        "202211": "37.14",
        "202212": "39.93",
        "202301": "44.80",
        "202302": "46.09",
        "202303": "45.73",
        "202304": "42.86",
        "202305": "45.25",
        "202306": "47.97"
    },
    "quarters": {
        "20011": {
            "year_quarter": 20011,
            "year": 2001,
            "quarter": 1,
            "eps": null,
            "eps_growth_year": null,
            "eps_4q": null,
            "eps_4q_growth_year": null,
            "roe": null,
            "roe_4q": 0,
            "gross_profit": null,
            "gross_margin": null,
            "gross_margin_4q_avg": 0,
            "net_income": null,
            "revenue": null,
            "common_shares": null,
            "book_valuer_per_share": null,
            "book_valuer_per_share_4q_avg": 0,
            "equity": null,
            "current_ratio": null,
            "debt_ratio": null,
            "inventory_turnover_ratio": null,
            "account_receivable_turnover_ratio": null,
            "reinvestment_rate": null,
            "research_to_sale_ratio": null,
            "price_fair": 0,
            "eps_avg_yearly": 0,
            "eps_latest_yearly": 0,
            "eps_growth_yearly": 0
        },
        "20012": {
            "year_quarter": 20012,
            "year": 2001,
            "quarter": 2,
            "eps": null,
            "eps_growth_year": null,
            "eps_4q": null,
            "eps_4q_growth_year": null,
            "roe": null,
            "roe_4q": 0,
            "gross_profit": null,
            "gross_margin": null,
            "gross_margin_4q_avg": 0,
            "net_income": null,
            "revenue": null,
            "common_shares": null,
            "book_valuer_per_share": null,
            "book_valuer_per_share_4q_avg": 0,
            "equity": null,
            "current_ratio": null,
            "debt_ratio": null,
            "inventory_turnover_ratio": null,
            "account_receivable_turnover_ratio": null,
            "reinvestment_rate": null,
            "research_to_sale_ratio": null,
            "price_fair": 0,
            "eps_avg_yearly": 0,
            "eps_latest_yearly": 0,
            "eps_growth_yearly": 0
        },
        "20013": {
            "year_quarter": 20013,
            "year": 2001,
            "quarter": 3,
            "eps": null,
            "eps_growth_year": null,
            "eps_4q": null,
            "eps_4q_growth_year": null,
            "roe": null,
            "roe_4q": 0,
            "gross_profit": null,
            "gross_margin": null,
            "gross_margin_4q_avg": 0,
            "net_income": null,
            "revenue": null,
            "common_shares": null,
            "book_valuer_per_share": null,
            "book_valuer_per_share_4q_avg": 0,
            "equity": null,
            "current_ratio": null,
            "debt_ratio": null,
            "inventory_turnover_ratio": null,
            "account_receivable_turnover_ratio": null,
            "reinvestment_rate": null,
            "research_to_sale_ratio": null,
            "price_fair": 0,
            "eps_avg_yearly": 0,
            "eps_latest_yearly": 0,
            "eps_growth_yearly": 0
        },
        "20014": {
            "year_quarter": 20014,
            "year": 2001,
            "quarter": 4,
            "eps": null,
            "eps_growth_year": null,
            "eps_4q": null,
            "eps_4q_growth_year": null,
            "roe": null,
            "roe_4q": 0,
            "gross_profit": null,
            "gross_margin": null,
            "gross_margin_4q_avg": 0,
            "net_income": null,
            "revenue": null,
            "common_shares": null,
            "book_valuer_per_share": null,
            "book_valuer_per_share_4q_avg": 0,
            "equity": null,
            "current_ratio": null,
            "debt_ratio": null,
            "inventory_turnover_ratio": null,
            "account_receivable_turnover_ratio": null,
            "reinvestment_rate": null,
            "research_to_sale_ratio": null,
            "price_fair": 0,
            "eps_avg_yearly": 0,
            "eps_latest_yearly": 0,
            "eps_growth_yearly": 0
        },
        "20021": {
            "year_quarter": 20021,
            "year": 2002,
            "quarter": 1,
            "eps": null,
            "eps_growth_year": null,
            "eps_4q": null,
            "eps_4q_growth_year": null,
            "roe": null,
            "roe_4q": 0,
            "gross_profit": null,
            "gross_margin": null,
            "gross_margin_4q_avg": 0,
            "net_income": null,
            "revenue": null,
            "common_shares": null,
            "book_valuer_per_share": null,
            "book_valuer_per_share_4q_avg": 0,
            "equity": null,
            "current_ratio": null,
            "debt_ratio": null,
            "inventory_turnover_ratio": null,
            "account_receivable_turnover_ratio": null,
            "reinvestment_rate": null,
            "research_to_sale_ratio": null,
            "price_fair": 0,
            "eps_avg_yearly": 0,
            "eps_latest_yearly": 0,
            "eps_growth_yearly": 0
        },
        "20022": {
            "year_quarter": 20022,
            "year": 2002,
            "quarter": 2,
            "eps": null,
            "eps_growth_year": null,
            "eps_4q": null,
            "eps_4q_growth_year": null,
            "roe": null,
            "roe_4q": 0,
            "gross_profit": null,
            "gross_margin": null,
            "gross_margin_4q_avg": 0,
            "net_income": null,
            "revenue": null,
            "common_shares": null,
            "book_valuer_per_share": null,
            "book_valuer_per_share_4q_avg": 0,
            "equity": null,
            "current_ratio": null,
            "debt_ratio": null,
            "inventory_turnover_ratio": null,
            "account_receivable_turnover_ratio": null,
            "reinvestment_rate": null,
            "research_to_sale_ratio": null,
            "price_fair": 0,
            "eps_avg_yearly": 0,
            "eps_latest_yearly": 0,
            "eps_growth_yearly": 0
        },
        "20023": {
            "year_quarter": 20023,
            "year": 2002,
            "quarter": 3,
            "eps": null,
            "eps_growth_year": null,
            "eps_4q": null,
            "eps_4q_growth_year": null,
            "roe": null,
            "roe_4q": 0,
            "gross_profit": null,
            "gross_margin": null,
            "gross_margin_4q_avg": 0,
            "net_income": null,
            "revenue": null,
            "common_shares": null,
            "book_valuer_per_share": null,
            "book_valuer_per_share_4q_avg": 0,
            "equity": null,
            "current_ratio": null,
            "debt_ratio": null,
            "inventory_turnover_ratio": null,
            "account_receivable_turnover_ratio": null,
            "reinvestment_rate": null,
            "research_to_sale_ratio": null,
            "price_fair": 0,
            "eps_avg_yearly": 0,
            "eps_latest_yearly": 0,
            "eps_growth_yearly": 0
        },
        "20024": {
            "year_quarter": 20024,
            "year": 2002,
            "quarter": 4,
            "eps": null,
            "eps_growth_year": null,
            "eps_4q": null,
            "eps_4q_growth_year": null,
            "roe": null,
            "roe_4q": 0,
            "gross_profit": null,
            "gross_margin": null,
            "gross_margin_4q_avg": 0,
            "net_income": null,
            "revenue": null,
            "common_shares": null,
            "book_valuer_per_share": null,
            "book_valuer_per_share_4q_avg": 0,
            "equity": null,
            "current_ratio": null,
            "debt_ratio": null,
            "inventory_turnover_ratio": null,
            "account_receivable_turnover_ratio": null,
            "reinvestment_rate": null,
            "research_to_sale_ratio": null,
            "price_fair": 0,
            "eps_avg_yearly": 0,
            "eps_latest_yearly": 0,
            "eps_growth_yearly": 0
        },
        "20031": {
            "year_quarter": 20031,
            "year": 2003,
            "quarter": 1,
            "eps": null,
            "eps_growth_year": null,
            "eps_4q": null,
            "eps_4q_growth_year": null,
            "roe": null,
            "roe_4q": 0,
            "gross_profit": null,
            "gross_margin": null,
            "gross_margin_4q_avg": 0,
            "net_income": null,
            "revenue": null,
            "common_shares": null,
            "book_valuer_per_share": null,
            "book_valuer_per_share_4q_avg": 0,
            "equity": null,
            "current_ratio": null,
            "debt_ratio": null,
            "inventory_turnover_ratio": null,
            "account_receivable_turnover_ratio": null,
            "reinvestment_rate": null,
            "research_to_sale_ratio": null,
            "price_fair": 0,
            "eps_avg_yearly": 0,
            "eps_latest_yearly": 0,
            "eps_growth_yearly": 0
        },
        "20032": {
            "year_quarter": 20032,
            "year": 2003,
            "quarter": 2,
            "eps": null,
            "eps_growth_year": null,
            "eps_4q": null,
            "eps_4q_growth_year": null,
            "roe": null,
            "roe_4q": 0,
            "gross_profit": null,
            "gross_margin": null,
            "gross_margin_4q_avg": 0,
            "net_income": null,
            "revenue": null,
            "common_shares": null,
            "book_valuer_per_share": null,
            "book_valuer_per_share_4q_avg": 0,
            "equity": null,
            "current_ratio": null,
            "debt_ratio": null,
            "inventory_turnover_ratio": null,
            "account_receivable_turnover_ratio": null,
            "reinvestment_rate": null,
            "research_to_sale_ratio": null,
            "price_fair": 0,
            "eps_avg_yearly": 0,
            "eps_latest_yearly": 0,
            "eps_growth_yearly": 0
        },
        "20033": {
            "year_quarter": 20033,
            "year": 2003,
            "quarter": 3,
            "eps": null,
            "eps_growth_year": null,
            "eps_4q": null,
            "eps_4q_growth_year": null,
            "roe": null,
            "roe_4q": 0,
            "gross_profit": null,
            "gross_margin": null,
            "gross_margin_4q_avg": 0,
            "net_income": null,
            "revenue": null,
            "common_shares": null,
            "book_valuer_per_share": null,
            "book_valuer_per_share_4q_avg": 0,
            "equity": null,
            "current_ratio": null,
            "debt_ratio": null,
            "inventory_turnover_ratio": null,
            "account_receivable_turnover_ratio": null,
            "reinvestment_rate": null,
            "research_to_sale_ratio": null,
            "price_fair": 0,
            "eps_avg_yearly": 0,
            "eps_latest_yearly": 0,
            "eps_growth_yearly": 0
        },
        "20034": {
            "year_quarter": 20034,
            "year": 2003,
            "quarter": 4,
            "eps": null,
            "eps_growth_year": null,
            "eps_4q": null,
            "eps_4q_growth_year": null,
            "roe": null,
            "roe_4q": 0,
            "gross_profit": null,
            "gross_margin": null,
            "gross_margin_4q_avg": 0,
            "net_income": null,
            "revenue": null,
            "common_shares": 30000,
            "book_valuer_per_share": 14.74,
            "book_valuer_per_share_4q_avg": 3.69,
            "equity": 44225,
            "current_ratio": 131.43,
            "debt_ratio": 71.33,
            "inventory_turnover_ratio": null,
            "account_receivable_turnover_ratio": null,
            "reinvestment_rate": null,
            "research_to_sale_ratio": null,
            "price_fair": 0,
            "eps_avg_yearly": 0,
            "eps_latest_yearly": 0,
            "eps_growth_yearly": 0
        },
        "20041": {
            "year_quarter": 20041,
            "year": 2004,
            "quarter": 1,
            "eps": null,
            "eps_growth_year": null,
            "eps_4q": null,
            "eps_4q_growth_year": null,
            "roe": null,
            "roe_4q": 0,
            "gross_profit": null,
            "gross_margin": null,
            "gross_margin_4q_avg": 0,
            "net_income": null,
            "revenue": null,
            "common_shares": null,
            "book_valuer_per_share": null,
            "book_valuer_per_share_4q_avg": 3.69,
            "equity": null,
            "current_ratio": null,
            "debt_ratio": null,
            "inventory_turnover_ratio": null,
            "account_receivable_turnover_ratio": null,
            "reinvestment_rate": null,
            "research_to_sale_ratio": null,
            "price_fair": 0,
            "eps_avg_yearly": 0,
            "eps_latest_yearly": 0,
            "eps_growth_yearly": 0
        },
        "20042": {
            "year_quarter": 20042,
            "year": 2004,
            "quarter": 2,
            "eps": null,
            "eps_growth_year": null,
            "eps_4q": null,
            "eps_4q_growth_year": null,
            "roe": null,
            "roe_4q": 0,
            "gross_profit": null,
            "gross_margin": null,
            "gross_margin_4q_avg": 0,
            "net_income": null,
            "revenue": null,
            "common_shares": null,
            "book_valuer_per_share": null,
            "book_valuer_per_share_4q_avg": 3.69,
            "equity": null,
            "current_ratio": null,
            "debt_ratio": null,
            "inventory_turnover_ratio": null,
            "account_receivable_turnover_ratio": null,
            "reinvestment_rate": null,
            "research_to_sale_ratio": null,
            "price_fair": 0,
            "eps_avg_yearly": 0,
            "eps_latest_yearly": 0,
            "eps_growth_yearly": 0
        },
        "20043": {
            "year_quarter": 20043,
            "year": 2004,
            "quarter": 3,
            "eps": null,
            "eps_growth_year": null,
            "eps_4q": null,
            "eps_4q_growth_year": null,
            "roe": null,
            "roe_4q": 0,
            "gross_profit": null,
            "gross_margin": null,
            "gross_margin_4q_avg": 0,
            "net_income": null,
            "revenue": null,
            "common_shares": null,
            "book_valuer_per_share": null,
            "book_valuer_per_share_4q_avg": 3.69,
            "equity": null,
            "current_ratio": null,
            "debt_ratio": null,
            "inventory_turnover_ratio": null,
            "account_receivable_turnover_ratio": null,
            "reinvestment_rate": null,
            "research_to_sale_ratio": null,
            "price_fair": 0,
            "eps_avg_yearly": 0,
            "eps_latest_yearly": 0,
            "eps_growth_yearly": 0
        },
        "20044": {
            "year_quarter": 20044,
            "year": 2004,
            "quarter": 4,
            "eps": null,
            "eps_growth_year": null,
            "eps_4q": null,
            "eps_4q_growth_year": null,
            "roe": null,
            "roe_4q": 0,
            "gross_profit": null,
            "gross_margin": null,
            "gross_margin_4q_avg": 0,
            "net_income": null,
            "revenue": null,
            "common_shares": 41160,
            "book_valuer_per_share": 19.45,
            "book_valuer_per_share_4q_avg": 4.86,
            "equity": 80057,
            "current_ratio": 106.28,
            "debt_ratio": 68.23,
            "inventory_turnover_ratio": null,
            "account_receivable_turnover_ratio": null,
            "reinvestment_rate": null,
            "research_to_sale_ratio": null,
            "price_fair": 0,
            "eps_avg_yearly": 0,
            "eps_latest_yearly": 0,
            "eps_growth_yearly": 0
        },
        "20051": {
            "year_quarter": 20051,
            "year": 2005,
            "quarter": 1,
            "eps": null,
            "eps_growth_year": null,
            "eps_4q": null,
            "eps_4q_growth_year": null,
            "roe": null,
            "roe_4q": 0,
            "gross_profit": null,
            "gross_margin": null,
            "gross_margin_4q_avg": 0,
            "net_income": null,
            "revenue": null,
            "common_shares": null,
            "book_valuer_per_share": null,
            "book_valuer_per_share_4q_avg": 4.86,
            "equity": null,
            "current_ratio": null,
            "debt_ratio": null,
            "inventory_turnover_ratio": null,
            "account_receivable_turnover_ratio": null,
            "reinvestment_rate": null,
            "research_to_sale_ratio": null,
            "price_fair": 0,
            "eps_avg_yearly": 0,
            "eps_latest_yearly": 0,
            "eps_growth_yearly": 0
        },
        "20052": {
            "year_quarter": 20052,
            "year": 2005,
            "quarter": 2,
            "eps": null,
            "eps_growth_year": null,
            "eps_4q": null,
            "eps_4q_growth_year": null,
            "roe": null,
            "roe_4q": 0,
            "gross_profit": null,
            "gross_margin": null,
            "gross_margin_4q_avg": 0,
            "net_income": null,
            "revenue": null,
            "common_shares": null,
            "book_valuer_per_share": null,
            "book_valuer_per_share_4q_avg": 4.86,
            "equity": null,
            "current_ratio": null,
            "debt_ratio": null,
            "inventory_turnover_ratio": null,
            "account_receivable_turnover_ratio": null,
            "reinvestment_rate": null,
            "research_to_sale_ratio": null,
            "price_fair": 0,
            "eps_avg_yearly": 0,
            "eps_latest_yearly": 0,
            "eps_growth_yearly": 0
        },
        "20053": {
            "year_quarter": 20053,
            "year": 2005,
            "quarter": 3,
            "eps": null,
            "eps_growth_year": null,
            "eps_4q": null,
            "eps_4q_growth_year": null,
            "roe": null,
            "roe_4q": 0,
            "gross_profit": null,
            "gross_margin": null,
            "gross_margin_4q_avg": 0,
            "net_income": null,
            "revenue": null,
            "common_shares": null,
            "book_valuer_per_share": null,
            "book_valuer_per_share_4q_avg": 4.86,
            "equity": null,
            "current_ratio": null,
            "debt_ratio": null,
            "inventory_turnover_ratio": null,
            "account_receivable_turnover_ratio": null,
            "reinvestment_rate": null,
            "research_to_sale_ratio": null,
            "price_fair": 0,
            "eps_avg_yearly": 0,
            "eps_latest_yearly": 0,
            "eps_growth_yearly": 0
        },
        "20054": {
            "year_quarter": 20054,
            "year": 2005,
            "quarter": 4,
            "eps": null,
            "eps_growth_year": null,
            "eps_4q": null,
            "eps_4q_growth_year": null,
            "roe": null,
            "roe_4q": 0,
            "gross_profit": null,
            "gross_margin": null,
            "gross_margin_4q_avg": 0,
            "net_income": null,
            "revenue": null,
            "common_shares": 70000,
            "book_valuer_per_share": 16.32,
            "book_valuer_per_share_4q_avg": 4.08,
            "equity": 114265,
            "current_ratio": 185.33,
            "debt_ratio": 54.53,
            "inventory_turnover_ratio": null,
            "account_receivable_turnover_ratio": null,
            "reinvestment_rate": null,
            "research_to_sale_ratio": null,
            "price_fair": 0,
            "eps_avg_yearly": 0,
            "eps_latest_yearly": 0,
            "eps_growth_yearly": 0
        },
        "20061": {
            "year_quarter": 20061,
            "year": 2006,
            "quarter": 1,
            "eps": null,
            "eps_growth_year": null,
            "eps_4q": null,
            "eps_4q_growth_year": null,
            "roe": null,
            "roe_4q": 0,
            "gross_profit": null,
            "gross_margin": null,
            "gross_margin_4q_avg": 0,
            "net_income": null,
            "revenue": null,
            "common_shares": null,
            "book_valuer_per_share": null,
            "book_valuer_per_share_4q_avg": 4.08,
            "equity": null,
            "current_ratio": null,
            "debt_ratio": null,
            "inventory_turnover_ratio": null,
            "account_receivable_turnover_ratio": null,
            "reinvestment_rate": null,
            "research_to_sale_ratio": null,
            "price_fair": 0,
            "eps_avg_yearly": 0,
            "eps_latest_yearly": 0,
            "eps_growth_yearly": 0
        },
        "20062": {
            "year_quarter": 20062,
            "year": 2006,
            "quarter": 2,
            "eps": null,
            "eps_growth_year": null,
            "eps_4q": null,
            "eps_4q_growth_year": null,
            "roe": null,
            "roe_4q": 0,
            "gross_profit": null,
            "gross_margin": null,
            "gross_margin_4q_avg": 0,
            "net_income": null,
            "revenue": null,
            "common_shares": null,
            "book_valuer_per_share": null,
            "book_valuer_per_share_4q_avg": 4.08,
            "equity": null,
            "current_ratio": null,
            "debt_ratio": null,
            "inventory_turnover_ratio": null,
            "account_receivable_turnover_ratio": null,
            "reinvestment_rate": null,
            "research_to_sale_ratio": null,
            "price_fair": 0,
            "eps_avg_yearly": 0,
            "eps_latest_yearly": 0,
            "eps_growth_yearly": 0
        },
        "20063": {
            "year_quarter": 20063,
            "year": 2006,
            "quarter": 3,
            "eps": null,
            "eps_growth_year": null,
            "eps_4q": null,
            "eps_4q_growth_year": null,
            "roe": null,
            "roe_4q": 0,
            "gross_profit": null,
            "gross_margin": null,
            "gross_margin_4q_avg": 0,
            "net_income": null,
            "revenue": null,
            "common_shares": null,
            "book_valuer_per_share": null,
            "book_valuer_per_share_4q_avg": 4.08,
            "equity": null,
            "current_ratio": null,
            "debt_ratio": null,
            "inventory_turnover_ratio": null,
            "account_receivable_turnover_ratio": null,
            "reinvestment_rate": null,
            "research_to_sale_ratio": null,
            "price_fair": 0,
            "eps_avg_yearly": 0,
            "eps_latest_yearly": 0,
            "eps_growth_yearly": 0
        },
        "20064": {
            "year_quarter": 20064,
            "year": 2006,
            "quarter": 4,
            "eps": null,
            "eps_growth_year": null,
            "eps_4q": null,
            "eps_4q_growth_year": null,
            "roe": null,
            "roe_4q": 0,
            "gross_profit": null,
            "gross_margin": null,
            "gross_margin_4q_avg": 0,
            "net_income": null,
            "revenue": null,
            "common_shares": 100000,
            "book_valuer_per_share": 17.68,
            "book_valuer_per_share_4q_avg": 4.42,
            "equity": 176795,
            "current_ratio": 122.98,
            "debt_ratio": 52.96,
            "inventory_turnover_ratio": null,
            "account_receivable_turnover_ratio": null,
            "reinvestment_rate": null,
            "research_to_sale_ratio": null,
            "price_fair": 0,
            "eps_avg_yearly": 0,
            "eps_latest_yearly": 0,
            "eps_growth_yearly": 0
        },
        "20071": {
            "year_quarter": 20071,
            "year": 2007,
            "quarter": 1,
            "eps": null,
            "eps_growth_year": null,
            "eps_4q": null,
            "eps_4q_growth_year": null,
            "roe": null,
            "roe_4q": 0,
            "gross_profit": null,
            "gross_margin": null,
            "gross_margin_4q_avg": 0,
            "net_income": null,
            "revenue": null,
            "common_shares": null,
            "book_valuer_per_share": null,
            "book_valuer_per_share_4q_avg": 4.42,
            "equity": null,
            "current_ratio": null,
            "debt_ratio": null,
            "inventory_turnover_ratio": null,
            "account_receivable_turnover_ratio": null,
            "reinvestment_rate": null,
            "research_to_sale_ratio": null,
            "price_fair": 0,
            "eps_avg_yearly": 0,
            "eps_latest_yearly": 0,
            "eps_growth_yearly": 0
        },
        "20072": {
            "year_quarter": 20072,
            "year": 2007,
            "quarter": 2,
            "eps": null,
            "eps_growth_year": null,
            "eps_4q": null,
            "eps_4q_growth_year": null,
            "roe": null,
            "roe_4q": 0,
            "gross_profit": null,
            "gross_margin": null,
            "gross_margin_4q_avg": 0,
            "net_income": null,
            "revenue": null,
            "common_shares": null,
            "book_valuer_per_share": null,
            "book_valuer_per_share_4q_avg": 4.42,
            "equity": null,
            "current_ratio": null,
            "debt_ratio": null,
            "inventory_turnover_ratio": null,
            "account_receivable_turnover_ratio": null,
            "reinvestment_rate": null,
            "research_to_sale_ratio": null,
            "price_fair": 0,
            "eps_avg_yearly": 0,
            "eps_latest_yearly": 0,
            "eps_growth_yearly": 0
        },
        "20073": {
            "year_quarter": 20073,
            "year": 2007,
            "quarter": 3,
            "eps": null,
            "eps_growth_year": null,
            "eps_4q": null,
            "eps_4q_growth_year": null,
            "roe": null,
            "roe_4q": 0,
            "gross_profit": null,
            "gross_margin": null,
            "gross_margin_4q_avg": 0,
            "net_income": null,
            "revenue": null,
            "common_shares": null,
            "book_valuer_per_share": null,
            "book_valuer_per_share_4q_avg": 4.42,
            "equity": null,
            "current_ratio": null,
            "debt_ratio": null,
            "inventory_turnover_ratio": null,
            "account_receivable_turnover_ratio": null,
            "reinvestment_rate": null,
            "research_to_sale_ratio": null,
            "price_fair": 0,
            "eps_avg_yearly": 0,
            "eps_latest_yearly": 0,
            "eps_growth_yearly": 0
        },
        "20074": {
            "year_quarter": 20074,
            "year": 2007,
            "quarter": 4,
            "eps": null,
            "eps_growth_year": null,
            "eps_4q": null,
            "eps_4q_growth_year": null,
            "roe": null,
            "roe_4q": 0,
            "gross_profit": null,
            "gross_margin": null,
            "gross_margin_4q_avg": 0,
            "net_income": null,
            "revenue": null,
            "common_shares": 155000,
            "book_valuer_per_share": 17.23,
            "book_valuer_per_share_4q_avg": 4.31,
            "equity": 266996,
            "current_ratio": 188.47,
            "debt_ratio": 50.13,
            "inventory_turnover_ratio": null,
            "account_receivable_turnover_ratio": null,
            "reinvestment_rate": null,
            "research_to_sale_ratio": null,
            "price_fair": 0,
            "eps_avg_yearly": 0,
            "eps_latest_yearly": 0,
            "eps_growth_yearly": 0
        },
        "20081": {
            "year_quarter": 20081,
            "year": 2008,
            "quarter": 1,
            "eps": null,
            "eps_growth_year": null,
            "eps_4q": null,
            "eps_4q_growth_year": null,
            "roe": null,
            "roe_4q": 0,
            "gross_profit": null,
            "gross_margin": null,
            "gross_margin_4q_avg": 0,
            "net_income": null,
            "revenue": null,
            "common_shares": null,
            "book_valuer_per_share": null,
            "book_valuer_per_share_4q_avg": 4.31,
            "equity": null,
            "current_ratio": null,
            "debt_ratio": null,
            "inventory_turnover_ratio": null,
            "account_receivable_turnover_ratio": null,
            "reinvestment_rate": null,
            "research_to_sale_ratio": null,
            "price_fair": 0,
            "eps_avg_yearly": 0,
            "eps_latest_yearly": 0,
            "eps_growth_yearly": 0
        },
        "20082": {
            "year_quarter": 20082,
            "year": 2008,
            "quarter": 2,
            "eps": null,
            "eps_growth_year": null,
            "eps_4q": null,
            "eps_4q_growth_year": null,
            "roe": null,
            "roe_4q": 0,
            "gross_profit": null,
            "gross_margin": null,
            "gross_margin_4q_avg": 0,
            "net_income": null,
            "revenue": null,
            "common_shares": null,
            "book_valuer_per_share": null,
            "book_valuer_per_share_4q_avg": 4.31,
            "equity": null,
            "current_ratio": null,
            "debt_ratio": null,
            "inventory_turnover_ratio": null,
            "account_receivable_turnover_ratio": null,
            "reinvestment_rate": null,
            "research_to_sale_ratio": null,
            "price_fair": 0,
            "eps_avg_yearly": 0,
            "eps_latest_yearly": 0,
            "eps_growth_yearly": 0
        },
        "20083": {
            "year_quarter": 20083,
            "year": 2008,
            "quarter": 3,
            "eps": null,
            "eps_growth_year": null,
            "eps_4q": null,
            "eps_4q_growth_year": null,
            "roe": null,
            "roe_4q": 0,
            "gross_profit": null,
            "gross_margin": null,
            "gross_margin_4q_avg": 0,
            "net_income": null,
            "revenue": null,
            "common_shares": null,
            "book_valuer_per_share": null,
            "book_valuer_per_share_4q_avg": 4.31,
            "equity": null,
            "current_ratio": null,
            "debt_ratio": null,
            "inventory_turnover_ratio": null,
            "account_receivable_turnover_ratio": null,
            "reinvestment_rate": null,
            "research_to_sale_ratio": null,
            "price_fair": 0,
            "eps_avg_yearly": 0,
            "eps_latest_yearly": 0,
            "eps_growth_yearly": 0
        },
        "20084": {
            "year_quarter": 20084,
            "year": 2008,
            "quarter": 4,
            "eps": null,
            "eps_growth_year": null,
            "eps_4q": null,
            "eps_4q_growth_year": null,
            "roe": null,
            "roe_4q": 0,
            "gross_profit": null,
            "gross_margin": null,
            "gross_margin_4q_avg": 0,
            "net_income": null,
            "revenue": null,
            "common_shares": 193750,
            "book_valuer_per_share": 14.37,
            "book_valuer_per_share_4q_avg": 3.59,
            "equity": 278484,
            "current_ratio": 164.31,
            "debt_ratio": 57.79,
            "inventory_turnover_ratio": null,
            "account_receivable_turnover_ratio": null,
            "reinvestment_rate": null,
            "research_to_sale_ratio": null,
            "price_fair": 0,
            "eps_avg_yearly": 0,
            "eps_latest_yearly": 0,
            "eps_growth_yearly": 0
        },
        "20091": {
            "year_quarter": 20091,
            "year": 2009,
            "quarter": 1,
            "eps": 0.24,
            "eps_growth_year": null,
            "eps_4q": null,
            "eps_4q_growth_year": null,
            "roe": 1.97,
            "roe_4q": 1.97,
            "gross_profit": 15507,
            "gross_margin": 18.49,
            "gross_margin_4q_avg": 4.62,
            "net_income": 5554,
            "revenue": 83866,
            "common_shares": 193750,
            "book_valuer_per_share": 14.66,
            "book_valuer_per_share_4q_avg": 7.26,
            "equity": 284038,
            "current_ratio": 171.2,
            "debt_ratio": 55.24,
            "inventory_turnover_ratio": 0.65,
            "account_receivable_turnover_ratio": 1.91,
            "reinvestment_rate": null,
            "research_to_sale_ratio": null,
            "price_fair": 0,
            "eps_avg_yearly": 0,
            "eps_latest_yearly": 0,
            "eps_growth_yearly": 0
        },
        "20092": {
            "year_quarter": 20092,
            "year": 2009,
            "quarter": 2,
            "eps": -0.17,
            "eps_growth_year": null,
            "eps_4q": null,
            "eps_4q_growth_year": null,
            "roe": -1.15,
            "roe_4q": 0.8200000000000001,
            "gross_profit": 12655,
            "gross_margin": 14.35,
            "gross_margin_4q_avg": 8.21,
            "net_income": -3222,
            "revenue": 88178,
            "common_shares": 193750,
            "book_valuer_per_share": 14.29,
            "book_valuer_per_share_4q_avg": 10.83,
            "equity": 276941,
            "current_ratio": 161.56,
            "debt_ratio": 55.64,
            "inventory_turnover_ratio": 0.73,
            "account_receivable_turnover_ratio": 2.76,
            "reinvestment_rate": null,
            "research_to_sale_ratio": null,
            "price_fair": 0,
            "eps_avg_yearly": 0,
            "eps_latest_yearly": 0,
            "eps_growth_yearly": 0
        },
        "20093": {
            "year_quarter": 20093,
            "year": 2009,
            "quarter": 3,
            "eps": 1.14,
            "eps_growth_year": null,
            "eps_4q": null,
            "eps_4q_growth_year": null,
            "roe": 9.11,
            "roe_4q": 9.93,
            "gross_profit": 47764,
            "gross_margin": 34.58,
            "gross_margin_4q_avg": 16.86,
            "net_income": 26450,
            "revenue": 138134,
            "common_shares": 232500,
            "book_valuer_per_share": 13.06,
            "book_valuer_per_share_4q_avg": 14.1,
            "equity": 303709,
            "current_ratio": 167.64,
            "debt_ratio": 53.91,
            "inventory_turnover_ratio": 0.81,
            "account_receivable_turnover_ratio": 1.74,
            "reinvestment_rate": null,
            "research_to_sale_ratio": null,
            "price_fair": 0,
            "eps_avg_yearly": 0,
            "eps_latest_yearly": 0,
            "eps_growth_yearly": 0
        },
        "20094": {
            "year_quarter": 20094,
            "year": 2009,
            "quarter": 4,
            "eps": 0.88,
            "eps_growth_year": null,
            "eps_4q": 2.12,
            "eps_4q_growth_year": null,
            "roe": 6.52,
            "roe_4q": 16.45,
            "gross_profit": 43246,
            "gross_margin": 30.94,
            "gross_margin_4q_avg": 24.59,
            "net_income": 20456,
            "revenue": 139769,
            "common_shares": 232500,
            "book_valuer_per_share": 13.94,
            "book_valuer_per_share_4q_avg": 13.99,
            "equity": 324165,
            "current_ratio": 184.54,
            "debt_ratio": 50.49,
            "inventory_turnover_ratio": 0.88,
            "account_receivable_turnover_ratio": 2.46,
            "reinvestment_rate": null,
            "research_to_sale_ratio": null,
            "price_fair": 10.56,
            "eps_avg_yearly": 3.52,
            "eps_latest_yearly": 3.52,
            "eps_growth_yearly": -91.23
        },
        "20101": {
            "year_quarter": 20101,
            "year": 2010,
            "quarter": 1,
            "eps": null,
            "eps_growth_year": null,
            "eps_4q": null,
            "eps_4q_growth_year": null,
            "roe": null,
            "roe_4q": 14.479999999999999,
            "gross_profit": 42435,
            "gross_margin": null,
            "gross_margin_4q_avg": 19.97,
            "net_income": 17746,
            "revenue": 139262,
            "common_shares": 232500,
            "book_valuer_per_share": 14.71,
            "book_valuer_per_share_4q_avg": 14,
            "equity": 341911,
            "current_ratio": 182.86,
            "debt_ratio": 50.1,
            "inventory_turnover_ratio": null,
            "account_receivable_turnover_ratio": null,
            "reinvestment_rate": null,
            "research_to_sale_ratio": null,
            "price_fair": 10.56,
            "eps_avg_yearly": 3.52,
            "eps_latest_yearly": 3.52,
            "eps_growth_yearly": -91.23
        },
        "20102": {
            "year_quarter": 20102,
            "year": 2010,
            "quarter": 2,
            "eps": 0.96,
            "eps_growth_year": null,
            "eps_4q": 2.76,
            "eps_4q_growth_year": null,
            "roe": 7.22,
            "roe_4q": 22.849999999999998,
            "gross_profit": 49694,
            "gross_margin": 29.86,
            "gross_margin_4q_avg": 23.85,
            "net_income": 25037,
            "revenue": 166401,
            "common_shares": 232500,
            "book_valuer_per_share": 15.11,
            "book_valuer_per_share_4q_avg": 14.21,
            "equity": 351273,
            "current_ratio": 162.69,
            "debt_ratio": 53.22,
            "inventory_turnover_ratio": 0.94,
            "account_receivable_turnover_ratio": 2.59,
            "reinvestment_rate": null,
            "research_to_sale_ratio": null,
            "price_fair": 10.56,
            "eps_avg_yearly": 3.52,
            "eps_latest_yearly": 3.52,
            "eps_growth_yearly": -91.23
        },
        "20103": {
            "year_quarter": 20103,
            "year": 2010,
            "quarter": 3,
            "eps": 1.68,
            "eps_growth_year": 47.48,
            "eps_4q": 3.27,
            "eps_4q_growth_year": null,
            "roe": 11.52,
            "roe_4q": 25.259999999999998,
            "gross_profit": 76949,
            "gross_margin": 30.97,
            "gross_margin_4q_avg": 22.94,
            "net_income": 48112,
            "revenue": 248486,
            "common_shares": 286170,
            "book_valuer_per_share": 16.91,
            "book_valuer_per_share_4q_avg": 15.17,
            "equity": 483969,
            "current_ratio": 202.19,
            "debt_ratio": 41.92,
            "inventory_turnover_ratio": 1.28,
            "account_receivable_turnover_ratio": 1.78,
            "reinvestment_rate": null,
            "research_to_sale_ratio": 0.8,
            "price_fair": 179.2,
            "eps_avg_yearly": 5.12,
            "eps_latest_yearly": 6.72,
            "eps_growth_yearly": 104.39
        },
        "20104": {
            "year_quarter": 20104,
            "year": 2010,
            "quarter": 4,
            "eps": 0.68,
            "eps_growth_year": -22.21,
            "eps_4q": 3.24,
            "eps_4q_growth_year": 53.02,
            "roe": 3.99,
            "roe_4q": 22.73,
            "gross_profit": 56475,
            "gross_margin": 27.57,
            "gross_margin_4q_avg": 22.1,
            "net_income": 19589,
            "revenue": 204860,
            "common_shares": 286170,
            "book_valuer_per_share": 17.36,
            "book_valuer_per_share_4q_avg": 16.02,
            "equity": 496787,
            "current_ratio": 165.44,
            "debt_ratio": 47.65,
            "inventory_turnover_ratio": 0.96,
            "account_receivable_turnover_ratio": 1.45,
            "reinvestment_rate": null,
            "research_to_sale_ratio": 1,
            "price_fair": 12.96,
            "eps_avg_yearly": 4.32,
            "eps_latest_yearly": 2.72,
            "eps_growth_yearly": -9.77
        },
        "20111": {
            "year_quarter": 20111,
            "year": 2011,
            "quarter": 1,
            "eps": 1.37,
            "eps_growth_year": null,
            "eps_4q": 4.61,
            "eps_4q_growth_year": null,
            "roe": 7.59,
            "roe_4q": 30.32,
            "gross_profit": 61430,
            "gross_margin": 29.32,
            "gross_margin_4q_avg": 29.43,
            "net_income": 39180,
            "revenue": 209496,
            "common_shares": 286170,
            "book_valuer_per_share": 18.73,
            "book_valuer_per_share_4q_avg": 17.03,
            "equity": 535967,
            "current_ratio": 164.84,
            "debt_ratio": 46.08,
            "inventory_turnover_ratio": 0.76,
            "account_receivable_turnover_ratio": 1.53,
            "reinvestment_rate": null,
            "research_to_sale_ratio": 1.18,
            "price_fair": 161.35,
            "eps_avg_yearly": 4.61,
            "eps_latest_yearly": 5.48,
            "eps_growth_yearly": 94.14
        },
        "20112": {
            "year_quarter": 20112,
            "year": 2011,
            "quarter": 2,
            "eps": 1.13,
            "eps_growth_year": 17.72,
            "eps_4q": 4.24,
            "eps_4q_growth_year": 53.81,
            "roe": 7.37,
            "roe_4q": 30.470000000000002,
            "gross_profit": 73053,
            "gross_margin": 30.53,
            "gross_margin_4q_avg": 29.6,
            "net_income": 38805,
            "revenue": 239276,
            "common_shares": 286170,
            "book_valuer_per_share": 18.08,
            "book_valuer_per_share_4q_avg": 17.77,
            "equity": 517538,
            "current_ratio": 154.41,
            "debt_ratio": 46.48,
            "inventory_turnover_ratio": 0.85,
            "account_receivable_turnover_ratio": 1.59,
            "reinvestment_rate": null,
            "research_to_sale_ratio": 0.9,
            "price_fair": 160.72,
            "eps_avg_yearly": 4.59,
            "eps_latest_yearly": 4.52,
            "eps_growth_yearly": 61.3
        },
        "20113": {
            "year_quarter": 20113,
            "year": 2011,
            "quarter": 3,
            "eps": 1.26,
            "eps_growth_year": -25.33,
            "eps_4q": 4.1,
            "eps_4q_growth_year": 25.25,
            "roe": 8,
            "roe_4q": 26.950000000000003,
            "gross_profit": 65360,
            "gross_margin": 29.33,
            "gross_margin_4q_avg": 29.19,
            "net_income": 43113,
            "revenue": 222835,
            "common_shares": 343404,
            "book_valuer_per_share": 16.33,
            "book_valuer_per_share_4q_avg": 17.63,
            "equity": 560651,
            "current_ratio": 177.76,
            "debt_ratio": 40.8,
            "inventory_turnover_ratio": 0.87,
            "account_receivable_turnover_ratio": 1.41,
            "reinvestment_rate": null,
            "research_to_sale_ratio": 0.91,
            "price_fair": 163.33,
            "eps_avg_yearly": 4.67,
            "eps_latest_yearly": 5.04,
            "eps_growth_yearly": 58.75
        },
        "20114": {
            "year_quarter": 20114,
            "year": 2011,
            "quarter": 4,
            "eps": 0.14,
            "eps_growth_year": -79.68,
            "eps_4q": 3.67,
            "eps_4q_growth_year": 13.11,
            "roe": 0.85,
            "roe_4q": 23.81,
            "gross_profit": 26957,
            "gross_margin": 19.91,
            "gross_margin_4q_avg": 27.27,
            "net_income": 4777,
            "revenue": 135404,
            "common_shares": 343404,
            "book_valuer_per_share": 16.5,
            "book_valuer_per_share_4q_avg": 17.41,
            "equity": 566730,
            "current_ratio": 191.32,
            "debt_ratio": 38.18,
            "inventory_turnover_ratio": 0.62,
            "account_receivable_turnover_ratio": 1.04,
            "reinvestment_rate": null,
            "research_to_sale_ratio": 1.3,
            "price_fair": 12.24,
            "eps_avg_yearly": 4.08,
            "eps_latest_yearly": 0.56,
            "eps_growth_yearly": -0.44
        },
        "20121": {
            "year_quarter": 20121,
            "year": 2012,
            "quarter": 1,
            "eps": 0,
            "eps_growth_year": -100,
            "eps_4q": 2.52,
            "eps_4q_growth_year": -45.34,
            "roe": -0.03,
            "roe_4q": 16.19,
            "gross_profit": 23552,
            "gross_margin": 18.13,
            "gross_margin_4q_avg": 24.48,
            "net_income": -171,
            "revenue": 129924,
            "common_shares": 343404,
            "book_valuer_per_share": 0,
            "book_valuer_per_share_4q_avg": 12.73,
            "equity": 566559,
            "current_ratio": 182.2,
            "debt_ratio": 39.52,
            "inventory_turnover_ratio": 0.59,
            "account_receivable_turnover_ratio": 1.26,
            "reinvestment_rate": null,
            "research_to_sale_ratio": 1.55,
            "price_fair": 12.24,
            "eps_avg_yearly": 4.08,
            "eps_latest_yearly": 0.56,
            "eps_growth_yearly": -0.44
        },
        "20122": {
            "year_quarter": 20122,
            "year": 2012,
            "quarter": 2,
            "eps": 0.46,
            "eps_growth_year": -59.54,
            "eps_4q": 1.62,
            "eps_4q_growth_year": -61.93,
            "roe": 3.37,
            "roe_4q": 12.190000000000001,
            "gross_profit": 44976,
            "gross_margin": 22.27,
            "gross_margin_4q_avg": 22.41,
            "net_income": 18839,
            "revenue": 201988,
            "common_shares": 343404,
            "book_valuer_per_share": 16.05,
            "book_valuer_per_share_4q_avg": 12.22,
            "equity": 551259,
            "current_ratio": 165.61,
            "debt_ratio": 42.17,
            "inventory_turnover_ratio": 0.9,
            "account_receivable_turnover_ratio": 1.65,
            "reinvestment_rate": null,
            "research_to_sale_ratio": 1.44,
            "price_fair": 12.24,
            "eps_avg_yearly": 4.08,
            "eps_latest_yearly": 0.56,
            "eps_growth_yearly": -0.44
        },
        "20123": {
            "year_quarter": 20123,
            "year": 2012,
            "quarter": 3,
            "eps": 0.52,
            "eps_growth_year": -58.41,
            "eps_4q": 1.09,
            "eps_4q_growth_year": -73.37,
            "roe": 3.83,
            "roe_4q": 8.02,
            "gross_profit": 47815,
            "gross_margin": 24.53,
            "gross_margin_4q_avg": 21.21,
            "net_income": 21519,
            "revenue": 194942,
            "common_shares": 412085,
            "book_valuer_per_share": 13.89,
            "book_valuer_per_share_4q_avg": 11.61,
            "equity": 572542,
            "current_ratio": 163.55,
            "debt_ratio": 39.12,
            "inventory_turnover_ratio": 0.94,
            "account_receivable_turnover_ratio": 1.36,
            "reinvestment_rate": null,
            "research_to_sale_ratio": 1.67,
            "price_fair": 61.82,
            "eps_avg_yearly": 3.83,
            "eps_latest_yearly": 2.08,
            "eps_growth_yearly": 6.14
        },
        "20124": {
            "year_quarter": 20124,
            "year": 2012,
            "quarter": 4,
            "eps": 0.23,
            "eps_growth_year": 68.71,
            "eps_4q": 1.21,
            "eps_4q_growth_year": -66.99,
            "roe": 1.68,
            "roe_4q": 8.85,
            "gross_profit": 33885,
            "gross_margin": 20.54,
            "gross_margin_4q_avg": 21.37,
            "net_income": 9671,
            "revenue": 164935,
            "common_shares": 412085,
            "book_valuer_per_share": 14.12,
            "book_valuer_per_share_4q_avg": 11.02,
            "equity": 581695,
            "current_ratio": 177.75,
            "debt_ratio": 35.89,
            "inventory_turnover_ratio": 0.9,
            "account_receivable_turnover_ratio": 1.28,
            "reinvestment_rate": 25.95,
            "research_to_sale_ratio": 1.47,
            "price_fair": 10.52,
            "eps_avg_yearly": 3.51,
            "eps_latest_yearly": 0.92,
            "eps_growth_yearly": -19.33
        },
        "20131": {
            "year_quarter": 20131,
            "year": 2013,
            "quarter": 1,
            "eps": 0.67,
            "eps_growth_year": null,
            "eps_4q": 1.88,
            "eps_4q_growth_year": -25.23,
            "roe": 4.65,
            "roe_4q": 13.530000000000001,
            "gross_profit": 27881,
            "gross_margin": 21.45,
            "gross_margin_4q_avg": 22.2,
            "net_income": 27606,
            "revenue": 129964,
            "common_shares": 412085,
            "book_valuer_per_share": 14.72,
            "book_valuer_per_share_4q_avg": 14.7,
            "equity": 606740,
            "current_ratio": 159.72,
            "debt_ratio": 40.89,
            "inventory_turnover_ratio": 0.65,
            "account_receivable_turnover_ratio": 1.2,
            "reinvestment_rate": 49.24,
            "research_to_sale_ratio": 2.13,
            "price_fair": 119.84,
            "eps_avg_yearly": 3.42,
            "eps_latest_yearly": 2.68,
            "eps_growth_yearly": 59.13
        },
        "20132": {
            "year_quarter": 20132,
            "year": 2013,
            "quarter": 2,
            "eps": 0.17,
            "eps_growth_year": -62.81,
            "eps_4q": 1.6,
            "eps_4q_growth_year": -1.21,
            "roe": 1.18,
            "roe_4q": 11.34,
            "gross_profit": 27087,
            "gross_margin": 19.45,
            "gross_margin_4q_avg": 21.49,
            "net_income": 6958,
            "revenue": 139236,
            "common_shares": 412085,
            "book_valuer_per_share": 13.79,
            "book_valuer_per_share_4q_avg": 14.13,
            "equity": 568401,
            "current_ratio": 141.66,
            "debt_ratio": 44.84,
            "inventory_turnover_ratio": 0.67,
            "account_receivable_turnover_ratio": 1.26,
            "reinvestment_rate": 47.44,
            "research_to_sale_ratio": 2.03,
            "price_fair": 111.11,
            "eps_avg_yearly": 3.17,
            "eps_latest_yearly": 0.68,
            "eps_growth_yearly": 26.61
        },
        "20133": {
            "year_quarter": 20133,
            "year": 2013,
            "quarter": 3,
            "eps": 0.26,
            "eps_growth_year": -50.21,
            "eps_4q": 1.34,
            "eps_4q_growth_year": 22.55,
            "roe": 1.89,
            "roe_4q": 9.4,
            "gross_profit": 38842,
            "gross_margin": 23.16,
            "gross_margin_4q_avg": 21.15,
            "net_income": 10869,
            "revenue": 167676,
            "common_shares": 412085,
            "book_valuer_per_share": 14.06,
            "book_valuer_per_share_4q_avg": 14.17,
            "equity": 579198,
            "current_ratio": 140.22,
            "debt_ratio": 43.13,
            "inventory_turnover_ratio": 0.78,
            "account_receivable_turnover_ratio": 1.62,
            "reinvestment_rate": 49.25,
            "research_to_sale_ratio": 1.93,
            "price_fair": 104.88,
            "eps_avg_yearly": 3,
            "eps_latest_yearly": 1.04,
            "eps_growth_yearly": 42.04
        },
        "20134": {
            "year_quarter": 20134,
            "year": 2013,
            "quarter": 4,
            "eps": -0.02,
            "eps_growth_year": -108.33,
            "eps_4q": 1.08,
            "eps_4q_growth_year": -10.49,
            "roe": -0.14,
            "roe_4q": 7.58,
            "gross_profit": 21506,
            "gross_margin": 18.25,
            "gross_margin_4q_avg": 20.58,
            "net_income": -806,
            "revenue": 117826,
            "common_shares": 412085,
            "book_valuer_per_share": 14.05,
            "book_valuer_per_share_4q_avg": 14.16,
            "equity": 579136,
            "current_ratio": 142.56,
            "debt_ratio": 41.96,
            "inventory_turnover_ratio": 0.57,
            "account_receivable_turnover_ratio": 1.32,
            "reinvestment_rate": 59.06,
            "research_to_sale_ratio": 3.31,
            "price_fair": 103.22,
            "eps_avg_yearly": 2.95,
            "eps_latest_yearly": 1.04,
            "eps_growth_yearly": 54.16
        },
        "20141": {
            "year_quarter": 20141,
            "year": 2014,
            "quarter": 1,
            "eps": 0.37,
            "eps_growth_year": -44.78,
            "eps_4q": 0.78,
            "eps_4q_growth_year": -58.43,
            "roe": 2.6,
            "roe_4q": 5.529999999999999,
            "gross_profit": 38581,
            "gross_margin": 24.83,
            "gross_margin_4q_avg": 21.42,
            "net_income": 15254,
            "revenue": 155404,
            "common_shares": 412085,
            "book_valuer_per_share": 14.43,
            "book_valuer_per_share_4q_avg": 14.08,
            "equity": 594549,
            "current_ratio": 142.32,
            "debt_ratio": 42.14,
            "inventory_turnover_ratio": 0.66,
            "account_receivable_turnover_ratio": 1.56,
            "reinvestment_rate": 63.54,
            "research_to_sale_ratio": 2.68,
            "price_fair": 103.22,
            "eps_avg_yearly": 2.95,
            "eps_latest_yearly": 1.04,
            "eps_growth_yearly": 54.16
        },
        "20142": {
            "year_quarter": 20142,
            "year": 2014,
            "quarter": 2,
            "eps": 0.2,
            "eps_growth_year": 17.65,
            "eps_4q": 0.78,
            "eps_4q_growth_year": -51.06,
            "roe": 1.47,
            "roe_4q": 5.82,
            "gross_profit": 36389,
            "gross_margin": 24,
            "gross_margin_4q_avg": 22.56,
            "net_income": 8469,
            "revenue": 151616,
            "common_shares": 412085,
            "book_valuer_per_share": 13.63,
            "book_valuer_per_share_4q_avg": 14.04,
            "equity": 561582,
            "current_ratio": 155.82,
            "debt_ratio": 48,
            "inventory_turnover_ratio": 0.56,
            "account_receivable_turnover_ratio": 1.27,
            "reinvestment_rate": 64.38,
            "research_to_sale_ratio": 2.68,
            "price_fair": 96.95,
            "eps_avg_yearly": 2.77,
            "eps_latest_yearly": 0.8,
            "eps_growth_yearly": 34.33
        },
        "20143": {
            "year_quarter": 20143,
            "year": 2014,
            "quarter": 3,
            "eps": 0.71,
            "eps_growth_year": 173.08,
            "eps_4q": 1.24,
            "eps_4q_growth_year": -7.53,
            "roe": 5.3,
            "roe_4q": 9.229999999999999,
            "gross_profit": 66405,
            "gross_margin": 29.64,
            "gross_margin_4q_avg": 24.18,
            "net_income": 30587,
            "revenue": 224039,
            "common_shares": 432689,
            "book_valuer_per_share": 13.69,
            "book_valuer_per_share_4q_avg": 13.95,
            "equity": 592356,
            "current_ratio": 163.92,
            "debt_ratio": 46.04,
            "inventory_turnover_ratio": 0.72,
            "account_receivable_turnover_ratio": 1.59,
            "reinvestment_rate": 62.33,
            "research_to_sale_ratio": 2.18,
            "price_fair": 85.63,
            "eps_avg_yearly": 2.45,
            "eps_latest_yearly": 2.84,
            "eps_growth_yearly": 94.33
        },
        "20144": {
            "year_quarter": 20144,
            "year": 2014,
            "quarter": 4,
            "eps": 0.48,
            "eps_growth_year": null,
            "eps_4q": 1.74,
            "eps_4q_growth_year": 60.25,
            "roe": 3.45,
            "roe_4q": 12.82,
            "gross_profit": 46190,
            "gross_margin": 26.79,
            "gross_margin_4q_avg": 26.32,
            "net_income": 20781,
            "revenue": 172403,
            "common_shares": 432689,
            "book_valuer_per_share": 14.17,
            "book_valuer_per_share_4q_avg": 13.98,
            "equity": 613249,
            "current_ratio": 159.68,
            "debt_ratio": 44.57,
            "inventory_turnover_ratio": 0.6,
            "account_receivable_turnover_ratio": 1.19,
            "reinvestment_rate": 61.24,
            "research_to_sale_ratio": 2.36,
            "price_fair": 83.3,
            "eps_avg_yearly": 2.38,
            "eps_latest_yearly": 1.92,
            "eps_growth_yearly": 103.37
        },
        "20151": {
            "year_quarter": 20151,
            "year": 2015,
            "quarter": 1,
            "eps": 0.05,
            "eps_growth_year": -86.49,
            "eps_4q": 1.43,
            "eps_4q_growth_year": 82.51,
            "roe": 0.33,
            "roe_4q": 10.55,
            "gross_profit": 32324,
            "gross_margin": 24.09,
            "gross_margin_4q_avg": 26.13,
            "net_income": 2013,
            "revenue": 134164,
            "common_shares": 432689,
            "book_valuer_per_share": 14.22,
            "book_valuer_per_share_4q_avg": 13.93,
            "equity": 615156,
            "current_ratio": 162.87,
            "debt_ratio": 43.45,
            "inventory_turnover_ratio": 0.46,
            "account_receivable_turnover_ratio": 1.15,
            "reinvestment_rate": 56.15,
            "research_to_sale_ratio": 3.67,
            "price_fair": 67.9,
            "eps_avg_yearly": 1.94,
            "eps_latest_yearly": 0.2,
            "eps_growth_yearly": 39.69
        },
        "20152": {
            "year_quarter": 20152,
            "year": 2015,
            "quarter": 2,
            "eps": 0.38,
            "eps_growth_year": 90,
            "eps_4q": 1.61,
            "eps_4q_growth_year": 106.33,
            "roe": 2.76,
            "roe_4q": 11.84,
            "gross_profit": 41972,
            "gross_margin": 25.65,
            "gross_margin_4q_avg": 26.54,
            "net_income": 16330,
            "revenue": 163640,
            "common_shares": 432689,
            "book_valuer_per_share": 13.09,
            "book_valuer_per_share_4q_avg": 13.79,
            "equity": 566515,
            "current_ratio": 132.88,
            "debt_ratio": 50.59,
            "inventory_turnover_ratio": 0.51,
            "account_receivable_turnover_ratio": 1.39,
            "reinvestment_rate": 54.74,
            "research_to_sale_ratio": 2.57,
            "price_fair": 59.15,
            "eps_avg_yearly": 1.69,
            "eps_latest_yearly": 1.52,
            "eps_growth_yearly": 265.53
        },
        "20153": {
            "year_quarter": 20153,
            "year": 2015,
            "quarter": 3,
            "eps": 0.68,
            "eps_growth_year": -4.23,
            "eps_4q": 1.58,
            "eps_4q_growth_year": 28.08,
            "roe": 5.06,
            "roe_4q": 11.599999999999998,
            "gross_profit": 51931,
            "gross_margin": 27.7,
            "gross_margin_4q_avg": 26.06,
            "net_income": 29404,
            "revenue": 187484,
            "common_shares": 432689,
            "book_valuer_per_share": 13.78,
            "book_valuer_per_share_4q_avg": 13.82,
            "equity": 596125,
            "current_ratio": 172.15,
            "debt_ratio": 48.56,
            "inventory_turnover_ratio": 0.59,
            "account_receivable_turnover_ratio": 1.24,
            "reinvestment_rate": 56.85,
            "research_to_sale_ratio": 2.33,
            "price_fair": 52.38,
            "eps_avg_yearly": 1.5,
            "eps_latest_yearly": 2.72,
            "eps_growth_yearly": 288.01
        },
        "20154": {
            "year_quarter": 20154,
            "year": 2015,
            "quarter": 4,
            "eps": 0.4,
            "eps_growth_year": -17.29,
            "eps_4q": 1.5,
            "eps_4q_growth_year": -13.52,
            "roe": 2.84,
            "roe_4q": 10.99,
            "gross_profit": 43951,
            "gross_margin": 26.49,
            "gross_margin_4q_avg": 25.98,
            "net_income": 17188,
            "revenue": 165919,
            "common_shares": 432689,
            "book_valuer_per_share": 14.15,
            "book_valuer_per_share_4q_avg": 13.81,
            "equity": 612287,
            "current_ratio": 172.35,
            "debt_ratio": 47.69,
            "inventory_turnover_ratio": 0.55,
            "account_receivable_turnover_ratio": 1.07,
            "reinvestment_rate": 58.92,
            "research_to_sale_ratio": 3.42,
            "price_fair": 55.42,
            "eps_avg_yearly": 1.58,
            "eps_latest_yearly": 1.6,
            "eps_growth_yearly": 303.91
        },
        "20161": {
            "year_quarter": 20161,
            "year": 2016,
            "quarter": 1,
            "eps": 0.36,
            "eps_growth_year": 620,
            "eps_4q": 1.82,
            "eps_4q_growth_year": 27.01,
            "roe": 2.52,
            "roe_4q": 13.179999999999998,
            "gross_profit": 53218,
            "gross_margin": 29.79,
            "gross_margin_4q_avg": 27.41,
            "net_income": 15631,
            "revenue": 178628,
            "common_shares": 432689,
            "book_valuer_per_share": 14.51,
            "book_valuer_per_share_4q_avg": 13.88,
            "equity": 627812,
            "current_ratio": 154.86,
            "debt_ratio": 49.17,
            "inventory_turnover_ratio": 0.52,
            "account_receivable_turnover_ratio": 1.37,
            "reinvestment_rate": 68.85,
            "research_to_sale_ratio": 5.1,
            "price_fair": 55.03,
            "eps_avg_yearly": 1.57,
            "eps_latest_yearly": 1.44,
            "eps_growth_yearly": 277.46
        },
        "20162": {
            "year_quarter": 20162,
            "year": 2016,
            "quarter": 2,
            "eps": 0.56,
            "eps_growth_year": 47.37,
            "eps_4q": 1.94,
            "eps_4q_growth_year": 20.51,
            "roe": 4.06,
            "roe_4q": 14.48,
            "gross_profit": 60947,
            "gross_margin": 29.48,
            "gross_margin_4q_avg": 28.37,
            "net_income": 25145,
            "revenue": 206719,
            "common_shares": 432689,
            "book_valuer_per_share": 14.09,
            "book_valuer_per_share_4q_avg": 14.13,
            "equity": 609467,
            "current_ratio": 141.7,
            "debt_ratio": 51.68,
            "inventory_turnover_ratio": 0.53,
            "account_receivable_turnover_ratio": 1.47,
            "reinvestment_rate": 59.57,
            "research_to_sale_ratio": 4.57,
            "price_fair": 56.7,
            "eps_avg_yearly": 1.62,
            "eps_latest_yearly": 2.24,
            "eps_growth_yearly": 273.51
        },
        "20163": {
            "year_quarter": 20163,
            "year": 2016,
            "quarter": 3,
            "eps": 0.46,
            "eps_growth_year": -32.35,
            "eps_4q": 1.75,
            "eps_4q_growth_year": 10.3,
            "roe": 3.33,
            "roe_4q": 12.75,
            "gross_profit": 60177,
            "gross_margin": 31.25,
            "gross_margin_4q_avg": 29.25,
            "net_income": 20644,
            "revenue": 192553,
            "common_shares": 450000,
            "book_valuer_per_share": 13.99,
            "book_valuer_per_share_4q_avg": 14.19,
            "equity": 629757,
            "current_ratio": 163.08,
            "debt_ratio": 50.1,
            "inventory_turnover_ratio": 0.46,
            "account_receivable_turnover_ratio": 1.16,
            "reinvestment_rate": 62.95,
            "research_to_sale_ratio": 5.5,
            "price_fair": 56.1,
            "eps_avg_yearly": 1.6,
            "eps_latest_yearly": 1.84,
            "eps_growth_yearly": 264.68
        },
        "20164": {
            "year_quarter": 20164,
            "year": 2016,
            "quarter": 4,
            "eps": 0.01,
            "eps_growth_year": -96.95,
            "eps_4q": 1.38,
            "eps_4q_growth_year": -8.24,
            "roe": 0.09,
            "roe_4q": 10,
            "gross_profit": 51250,
            "gross_margin": 26.45,
            "gross_margin_4q_avg": 29.24,
            "net_income": 545,
            "revenue": 193797,
            "common_shares": 450000,
            "book_valuer_per_share": 13.97,
            "book_valuer_per_share_4q_avg": 14.14,
            "equity": 628805,
            "current_ratio": 165.02,
            "debt_ratio": 51.05,
            "inventory_turnover_ratio": 0.46,
            "account_receivable_turnover_ratio": 1.21,
            "reinvestment_rate": 61.16,
            "research_to_sale_ratio": 5.67,
            "price_fair": 53.9,
            "eps_avg_yearly": 1.54,
            "eps_latest_yearly": 0.04,
            "eps_growth_yearly": 252.67
        },
        "20171": {
            "year_quarter": 20171,
            "year": 2017,
            "quarter": 1,
            "eps": 0.45,
            "eps_growth_year": 25,
            "eps_4q": 1.48,
            "eps_4q_growth_year": -18.53,
            "roe": 3.17,
            "roe_4q": 10.649999999999999,
            "gross_profit": 64131,
            "gross_margin": 29.6,
            "gross_margin_4q_avg": 29.2,
            "net_income": 20227,
            "revenue": 216631,
            "common_shares": 450000,
            "book_valuer_per_share": 14.41,
            "book_valuer_per_share_4q_avg": 14.12,
            "equity": 648506,
            "current_ratio": 156.67,
            "debt_ratio": 51.84,
            "inventory_turnover_ratio": 0.46,
            "account_receivable_turnover_ratio": 1.35,
            "reinvestment_rate": 29,
            "research_to_sale_ratio": 3.52,
            "price_fair": 51.7,
            "eps_avg_yearly": 1.48,
            "eps_latest_yearly": 1.8,
            "eps_growth_yearly": 1455.15
        },
        "20172": {
            "year_quarter": 20172,
            "year": 2017,
            "quarter": 2,
            "eps": 0.71,
            "eps_growth_year": 26.79,
            "eps_4q": 1.63,
            "eps_4q_growth_year": -15.8,
            "roe": 5.04,
            "roe_4q": 11.63,
            "gross_profit": 65234,
            "gross_margin": 29.78,
            "gross_margin_4q_avg": 29.27,
            "net_income": 32152,
            "revenue": 219023,
            "common_shares": 450000,
            "book_valuer_per_share": 13.93,
            "book_valuer_per_share_4q_avg": 14.08,
            "equity": 626893,
            "current_ratio": 142.95,
            "debt_ratio": 53.92,
            "inventory_turnover_ratio": 0.44,
            "account_receivable_turnover_ratio": 1.19,
            "reinvestment_rate": 31.09,
            "research_to_sale_ratio": 3.06,
            "price_fair": 57.1,
            "eps_avg_yearly": 1.63,
            "eps_latest_yearly": 2.84,
            "eps_growth_yearly": 1492.98
        },
        "20173": {
            "year_quarter": 20173,
            "year": 2017,
            "quarter": 3,
            "eps": 0.88,
            "eps_growth_year": 91.3,
            "eps_4q": 2.05,
            "eps_4q_growth_year": 17.47,
            "roe": 6.1,
            "roe_4q": 14.4,
            "gross_profit": 79225,
            "gross_margin": 30.34,
            "gross_margin_4q_avg": 29.04,
            "net_income": 39418,
            "revenue": 261087,
            "common_shares": 450000,
            "book_valuer_per_share": 14.81,
            "book_valuer_per_share_4q_avg": 14.28,
            "equity": 666506,
            "current_ratio": 143.85,
            "debt_ratio": 52.82,
            "inventory_turnover_ratio": 0.48,
            "account_receivable_turnover_ratio": 1.24,
            "reinvestment_rate": 31.17,
            "research_to_sale_ratio": 2.66,
            "price_fair": 63.3,
            "eps_avg_yearly": 1.81,
            "eps_latest_yearly": 3.52,
            "eps_growth_yearly": 1484.7
        },
        "20174": {
            "year_quarter": 20174,
            "year": 2017,
            "quarter": 4,
            "eps": 0.59,
            "eps_growth_year": 4793.81,
            "eps_4q": 2.63,
            "eps_4q_growth_year": 91.19,
            "roe": 3.93,
            "roe_4q": 18.240000000000002,
            "gross_profit": 69858,
            "gross_margin": 27.89,
            "gross_margin_4q_avg": 29.4,
            "net_income": 26671,
            "revenue": 250464,
            "common_shares": 450000,
            "book_valuer_per_share": 15.37,
            "book_valuer_per_share_4q_avg": 14.63,
            "equity": 691644,
            "current_ratio": 143.43,
            "debt_ratio": 52.32,
            "inventory_turnover_ratio": 0.44,
            "account_receivable_turnover_ratio": 1.11,
            "reinvestment_rate": 20.56,
            "research_to_sale_ratio": 3.35,
            "price_fair": 64.59,
            "eps_avg_yearly": 1.85,
            "eps_latest_yearly": 2.36,
            "eps_growth_yearly": 1376.93
        },
        "20181": {
            "year_quarter": 20181,
            "year": 2018,
            "quarter": 1,
            "eps": 0.82,
            "eps_growth_year": 82.22,
            "eps_4q": 3,
            "eps_4q_growth_year": 102.75,
            "roe": 5.17,
            "roe_4q": 20.24,
            "gross_profit": 77992,
            "gross_margin": 32.17,
            "gross_margin_4q_avg": 30.05,
            "net_income": 36713,
            "revenue": 242420,
            "common_shares": 450000,
            "book_valuer_per_share": 16.19,
            "book_valuer_per_share_4q_avg": 15.08,
            "equity": 728655,
            "current_ratio": 145.06,
            "debt_ratio": 51.02,
            "inventory_turnover_ratio": 0.38,
            "account_receivable_turnover_ratio": 1.1,
            "reinvestment_rate": 19.63,
            "research_to_sale_ratio": 3.33,
            "price_fair": 67.73,
            "eps_avg_yearly": 1.94,
            "eps_latest_yearly": 3.28,
            "eps_growth_yearly": 1300.62
        },
        "20182": {
            "year_quarter": 20182,
            "year": 2018,
            "quarter": 2,
            "eps": 0.93,
            "eps_growth_year": 30.99,
            "eps_4q": 3.21,
            "eps_4q_growth_year": 96.48,
            "roe": 6.02,
            "roe_4q": 21.22,
            "gross_profit": 83409,
            "gross_margin": 30.05,
            "gross_margin_4q_avg": 30.11,
            "net_income": 41743,
            "revenue": 277613,
            "common_shares": 450000,
            "book_valuer_per_share": 14.62,
            "book_valuer_per_share_4q_avg": 15.25,
            "equity": 657717,
            "current_ratio": 127.01,
            "debt_ratio": 56.32,
            "inventory_turnover_ratio": 0.43,
            "account_receivable_turnover_ratio": 1.19,
            "reinvestment_rate": 22.6,
            "research_to_sale_ratio": 2.03,
            "price_fair": 74.11,
            "eps_avg_yearly": 2.12,
            "eps_latest_yearly": 3.72,
            "eps_growth_yearly": 1315.46
        },
        "20183": {
            "year_quarter": 20183,
            "year": 2018,
            "quarter": 3,
            "eps": 1.18,
            "eps_growth_year": 34.09,
            "eps_4q": 3.52,
            "eps_4q_growth_year": 71.37,
            "roe": 7.77,
            "roe_4q": 22.89,
            "gross_profit": 105019,
            "gross_margin": 34.55,
            "gross_margin_4q_avg": 31.17,
            "net_income": 53121,
            "revenue": 303934,
            "common_shares": 450000,
            "book_valuer_per_share": 15.77,
            "book_valuer_per_share_4q_avg": 15.49,
            "equity": 709819,
            "current_ratio": 136.17,
            "debt_ratio": 54.23,
            "inventory_turnover_ratio": 0.44,
            "account_receivable_turnover_ratio": 1.13,
            "reinvestment_rate": 20.06,
            "research_to_sale_ratio": 2.18,
            "price_fair": 78.23,
            "eps_avg_yearly": 2.24,
            "eps_latest_yearly": 4.72,
            "eps_growth_yearly": 1258.43
        },
        "20184": {
            "year_quarter": 20184,
            "year": 2018,
            "quarter": 4,
            "eps": 0.74,
            "eps_growth_year": 25.45,
            "eps_4q": 3.67,
            "eps_4q_growth_year": 39.31,
            "roe": 4.6,
            "roe_4q": 23.560000000000002,
            "gross_profit": 73638,
            "gross_margin": 27.74,
            "gross_margin_4q_avg": 31.13,
            "net_income": 33459,
            "revenue": 265501,
            "common_shares": 450000,
            "book_valuer_per_share": 16.53,
            "book_valuer_per_share_4q_avg": 15.78,
            "equity": 743729,
            "current_ratio": 139.38,
            "debt_ratio": 53.34,
            "inventory_turnover_ratio": 0.42,
            "account_receivable_turnover_ratio": 0.95,
            "reinvestment_rate": 10.19,
            "research_to_sale_ratio": 2.53,
            "price_fair": 80.5,
            "eps_avg_yearly": 2.3,
            "eps_latest_yearly": 2.96,
            "eps_growth_yearly": 1257.2
        },
        "20191": {
            "year_quarter": 20191,
            "year": 2019,
            "quarter": 1,
            "eps": 0.88,
            "eps_growth_year": 7.32,
            "eps_4q": 3.74,
            "eps_4q_growth_year": 24.57,
            "roe": 5.21,
            "roe_4q": 23.599999999999998,
            "gross_profit": 81682,
            "gross_margin": 32.43,
            "gross_margin_4q_avg": 31.19,
            "net_income": 39794,
            "revenue": 251873,
            "common_shares": 450000,
            "book_valuer_per_share": 17.43,
            "book_valuer_per_share_4q_avg": 16.09,
            "equity": 784217,
            "current_ratio": 147.55,
            "debt_ratio": 50.31,
            "inventory_turnover_ratio": 0.37,
            "account_receivable_turnover_ratio": 0.96,
            "reinvestment_rate": 8.55,
            "research_to_sale_ratio": 2.32,
            "price_fair": 87.76,
            "eps_avg_yearly": 2.51,
            "eps_latest_yearly": 3.52,
            "eps_growth_yearly": 1284.33
        },
        "20192": {
            "year_quarter": 20192,
            "year": 2019,
            "quarter": 2,
            "eps": 0.95,
            "eps_growth_year": 2.15,
            "eps_4q": 3.76,
            "eps_4q_growth_year": 16.9,
            "roe": 5.77,
            "roe_4q": 23.35,
            "gross_profit": 90503,
            "gross_margin": 31.09,
            "gross_margin_4q_avg": 31.45,
            "net_income": 42604,
            "revenue": 291136,
            "common_shares": 450000,
            "book_valuer_per_share": 15.36,
            "book_valuer_per_share_4q_avg": 16.27,
            "equity": 691322,
            "current_ratio": 126.26,
            "debt_ratio": 56.87,
            "inventory_turnover_ratio": 0.43,
            "account_receivable_turnover_ratio": 1.16,
            "reinvestment_rate": 7.47,
            "research_to_sale_ratio": 2.63,
            "price_fair": 92.75,
            "eps_avg_yearly": 2.65,
            "eps_latest_yearly": 3.8,
            "eps_growth_yearly": 1121.32
        },
        "20193": {
            "year_quarter": 20193,
            "year": 2019,
            "quarter": 3,
            "eps": 0.81,
            "eps_growth_year": -31.36,
            "eps_4q": 3.38,
            "eps_4q_growth_year": -3.75,
            "roe": 5.11,
            "roe_4q": 20.689999999999998,
            "gross_profit": 79893,
            "gross_margin": 27.82,
            "gross_margin_4q_avg": 29.77,
            "net_income": 36449,
            "revenue": 287168,
            "common_shares": 450000,
            "book_valuer_per_share": 16.37,
            "book_valuer_per_share_4q_avg": 16.42,
            "equity": 736437,
            "current_ratio": 216.66,
            "debt_ratio": 53.87,
            "inventory_turnover_ratio": 0.44,
            "account_receivable_turnover_ratio": 1.16,
            "reinvestment_rate": 4.69,
            "research_to_sale_ratio": 2.22,
            "price_fair": 93.89,
            "eps_avg_yearly": 2.68,
            "eps_latest_yearly": 3.24,
            "eps_growth_yearly": 1097.9
        },
        "20194": {
            "year_quarter": 20194,
            "year": 2019,
            "quarter": 4,
            "eps": 0.72,
            "eps_growth_year": -2.91,
            "eps_4q": 3.36,
            "eps_4q_growth_year": -8.3,
            "roe": 4.32,
            "roe_4q": 20.41,
            "gross_profit": 78975,
            "gross_margin": 27.45,
            "gross_margin_4q_avg": 29.7,
            "net_income": 32484,
            "revenue": 287698,
            "common_shares": 450000,
            "book_valuer_per_share": 17.05,
            "book_valuer_per_share_4q_avg": 16.55,
            "equity": 767156,
            "current_ratio": 221.6,
            "debt_ratio": 53.45,
            "inventory_turnover_ratio": 0.43,
            "account_receivable_turnover_ratio": 1.2,
            "reinvestment_rate": 1.16,
            "research_to_sale_ratio": 2.44,
            "price_fair": 96.69,
            "eps_avg_yearly": 2.76,
            "eps_latest_yearly": 2.88,
            "eps_growth_yearly": 1105.41
        },
        "20201": {
            "year_quarter": 20201,
            "year": 2020,
            "quarter": 1,
            "eps": 0.68,
            "eps_growth_year": -22.73,
            "eps_4q": 3.16,
            "eps_4q_growth_year": -15.46,
            "roe": 4.21,
            "roe_4q": 19.41,
            "gross_profit": 71000,
            "gross_margin": 27.26,
            "gross_margin_4q_avg": 28.41,
            "net_income": 30581,
            "revenue": 260448,
            "common_shares": 450000,
            "book_valuer_per_share": 15.22,
            "book_valuer_per_share_4q_avg": 16,
            "equity": 684881,
            "current_ratio": 197.73,
            "debt_ratio": 56.79,
            "inventory_turnover_ratio": 0.39,
            "account_receivable_turnover_ratio": 1.08,
            "reinvestment_rate": -7.01,
            "research_to_sale_ratio": 2.35,
            "price_fair": 99.49,
            "eps_avg_yearly": 2.84,
            "eps_latest_yearly": 2.72,
            "eps_growth_yearly": 1106.53
        },
        "20202": {
            "year_quarter": 20202,
            "year": 2020,
            "quarter": 2,
            "eps": 0.41,
            "eps_growth_year": -56.84,
            "eps_4q": 2.62,
            "eps_4q_growth_year": -30.24,
            "roe": 2.65,
            "roe_4q": 16.29,
            "gross_profit": 55731,
            "gross_margin": 23.89,
            "gross_margin_4q_avg": 26.61,
            "net_income": 18366,
            "revenue": 233235,
            "common_shares": 450000,
            "book_valuer_per_share": 15.61,
            "book_valuer_per_share_4q_avg": 16.06,
            "equity": 702551,
            "current_ratio": 240.57,
            "debt_ratio": 53.44,
            "inventory_turnover_ratio": 0.38,
            "account_receivable_turnover_ratio": 1.05,
            "reinvestment_rate": -7.28,
            "research_to_sale_ratio": 2.71,
            "price_fair": 98.18,
            "eps_avg_yearly": 2.81,
            "eps_latest_yearly": 1.64,
            "eps_growth_yearly": 1082.71
        },
        "20203": {
            "year_quarter": 20203,
            "year": 2020,
            "quarter": 3,
            "eps": 0.6,
            "eps_growth_year": -25.93,
            "eps_4q": 2.41,
            "eps_4q_growth_year": -28.91,
            "roe": 3.75,
            "roe_4q": 14.93,
            "gross_profit": 67869,
            "gross_margin": 25.29,
            "gross_margin_4q_avg": 25.97,
            "net_income": 26836,
            "revenue": 268347,
            "common_shares": 450000,
            "book_valuer_per_share": 16.23,
            "book_valuer_per_share_4q_avg": 16.03,
            "equity": 730163,
            "current_ratio": 134.7,
            "debt_ratio": 53.73,
            "inventory_turnover_ratio": 0.43,
            "account_receivable_turnover_ratio": 1.3,
            "reinvestment_rate": -9.22,
            "research_to_sale_ratio": 2.46,
            "price_fair": 99.4,
            "eps_avg_yearly": 2.84,
            "eps_latest_yearly": 2.4,
            "eps_growth_yearly": 1098.76
        },
        "20204": {
            "year_quarter": 20204,
            "year": 2020,
            "quarter": 4,
            "eps": 0.69,
            "eps_growth_year": -4.83,
            "eps_4q": 2.37,
            "eps_4q_growth_year": -29.49,
            "roe": 4.16,
            "roe_4q": 14.77,
            "gross_profit": 66268,
            "gross_margin": 22.11,
            "gross_margin_4q_avg": 24.64,
            "net_income": 30914,
            "revenue": 299710,
            "common_shares": 450000,
            "book_valuer_per_share": 16.82,
            "book_valuer_per_share_4q_avg": 15.97,
            "equity": 757052,
            "current_ratio": 135.47,
            "debt_ratio": 54.75,
            "inventory_turnover_ratio": 0.5,
            "account_receivable_turnover_ratio": 1.43,
            "reinvestment_rate": -6.99,
            "research_to_sale_ratio": 1.96,
            "price_fair": 105.35,
            "eps_avg_yearly": 3.01,
            "eps_latest_yearly": 2.76,
            "eps_growth_yearly": 1126.97
        },
        "20211": {
            "year_quarter": 20211,
            "year": 2021,
            "quarter": 1,
            "eps": 0.81,
            "eps_growth_year": 19.12,
            "eps_4q": 2.51,
            "eps_4q_growth_year": -20.64,
            "roe": 5.02,
            "roe_4q": 15.58,
            "gross_profit": 76243,
            "gross_margin": 25.29,
            "gross_margin_4q_avg": 24.15,
            "net_income": 36667,
            "revenue": 301486,
            "common_shares": 450000,
            "book_valuer_per_share": 15.63,
            "book_valuer_per_share_4q_avg": 16.07,
            "equity": 703363,
            "current_ratio": 123.41,
            "debt_ratio": 60.61,
            "inventory_turnover_ratio": 0.46,
            "account_receivable_turnover_ratio": 1.37,
            "reinvestment_rate": -10.45,
            "research_to_sale_ratio": 2.05,
            "price_fair": 108.5,
            "eps_avg_yearly": 3.1,
            "eps_latest_yearly": 3.24,
            "eps_growth_yearly": 31.31
        },
        "20212": {
            "year_quarter": 20212,
            "year": 2021,
            "quarter": 2,
            "eps": 0.86,
            "eps_growth_year": 109.76,
            "eps_4q": 2.96,
            "eps_4q_growth_year": 13,
            "roe": 5.37,
            "roe_4q": 18.3,
            "gross_profit": 84141,
            "gross_margin": 25.11,
            "gross_margin_4q_avg": 24.45,
            "net_income": 38784,
            "revenue": 335153,
            "common_shares": 450000,
            "book_valuer_per_share": 16.49,
            "book_valuer_per_share_4q_avg": 16.29,
            "equity": 741828,
            "current_ratio": 128.55,
            "debt_ratio": 59.8,
            "inventory_turnover_ratio": 0.45,
            "account_receivable_turnover_ratio": 1.36,
            "reinvestment_rate": -12.33,
            "research_to_sale_ratio": 1.78,
            "price_fair": 89.14,
            "eps_avg_yearly": 3.14,
            "eps_latest_yearly": 3.44,
            "eps_growth_yearly": 18.41
        },
        "20213": {
            "year_quarter": 20213,
            "year": 2021,
            "quarter": 3,
            "eps": 1.06,
            "eps_growth_year": 76.67,
            "eps_4q": 3.42,
            "eps_4q_growth_year": 42.35,
            "roe": 6.24,
            "roe_4q": 20.79,
            "gross_profit": 99261,
            "gross_margin": 25.01,
            "gross_margin_4q_avg": 24.38,
            "net_income": 47751,
            "revenue": 396916,
            "common_shares": 450000,
            "book_valuer_per_share": 17.54,
            "book_valuer_per_share_4q_avg": 16.62,
            "equity": 789277,
            "current_ratio": 138.6,
            "debt_ratio": 59.74,
            "inventory_turnover_ratio": 0.47,
            "account_receivable_turnover_ratio": 1.37,
            "reinvestment_rate": -13.66,
            "research_to_sale_ratio": 1.37,
            "price_fair": 89.88,
            "eps_avg_yearly": 3.18,
            "eps_latest_yearly": 4.24,
            "eps_growth_yearly": 18.24
        },
        "20214": {
            "year_quarter": 20214,
            "year": 2021,
            "quarter": 4,
            "eps": 0.58,
            "eps_growth_year": -16.03,
            "eps_4q": 3.31,
            "eps_4q_growth_year": 39.8,
            "roe": 3.33,
            "roe_4q": 19.96,
            "gross_profit": 73176,
            "gross_margin": 17.91,
            "gross_margin_4q_avg": 23.33,
            "net_income": 25959,
            "revenue": 408553,
            "common_shares": 450000,
            "book_valuer_per_share": 17.11,
            "book_valuer_per_share_4q_avg": 16.69,
            "equity": 769770,
            "current_ratio": 135.91,
            "debt_ratio": 60.98,
            "inventory_turnover_ratio": 0.52,
            "account_receivable_turnover_ratio": 1.28,
            "reinvestment_rate": -13.57,
            "research_to_sale_ratio": 1.52,
            "price_fair": 80,
            "eps_avg_yearly": 3.18,
            "eps_latest_yearly": 2.32,
            "eps_growth_yearly": 15.16
        },
        "20221": {
            "year_quarter": 20221,
            "year": 2022,
            "quarter": 1,
            "eps": 0.91,
            "eps_growth_year": 12.35,
            "eps_4q": 3.41,
            "eps_4q_growth_year": 36.11,
            "roe": 5.5,
            "roe_4q": 20.44,
            "gross_profit": 75712,
            "gross_margin": 23.72,
            "gross_margin_4q_avg": 22.94,
            "net_income": 41017,
            "revenue": 319163,
            "common_shares": 450000,
            "book_valuer_per_share": 16.05,
            "book_valuer_per_share_4q_avg": 16.8,
            "equity": 722181,
            "current_ratio": 131.69,
            "debt_ratio": 61.46,
            "inventory_turnover_ratio": 0.37,
            "account_receivable_turnover_ratio": 1.1,
            "reinvestment_rate": -16.48,
            "research_to_sale_ratio": 1.81,
            "price_fair": 94.91,
            "eps_avg_yearly": 3.2,
            "eps_latest_yearly": 3.64,
            "eps_growth_yearly": 19.64
        },
        "20222": {
            "year_quarter": 20222,
            "year": 2022,
            "quarter": 2,
            "eps": 1.85,
            "eps_growth_year": 115.12,
            "eps_4q": 4.07,
            "eps_4q_growth_year": 37.53,
            "roe": 10.15,
            "roe_4q": 25.22,
            "gross_profit": 128413,
            "gross_margin": 31.38,
            "gross_margin_4q_avg": 24.51,
            "net_income": 83461,
            "revenue": 409155,
            "common_shares": 450000,
            "book_valuer_per_share": 20.5,
            "book_valuer_per_share_4q_avg": 17.8,
            "equity": 923108,
            "current_ratio": 163.11,
            "debt_ratio": 50.9,
            "inventory_turnover_ratio": 0.41,
            "account_receivable_turnover_ratio": 1.43,
            "reinvestment_rate": -17.94,
            "research_to_sale_ratio": 1.38,
            "price_fair": 120.14,
            "eps_avg_yearly": 3.43,
            "eps_latest_yearly": 7.4,
            "eps_growth_yearly": 42.11
        },
        "20223": {
            "year_quarter": 20223,
            "year": 2022,
            "quarter": 3,
            "eps": 1.48,
            "eps_growth_year": 39.62,
            "eps_4q": 4.52,
            "eps_4q_growth_year": 32.07,
            "roe": 7.65,
            "roe_4q": 26.630000000000003,
            "gross_profit": 109052,
            "gross_margin": 30.82,
            "gross_margin_4q_avg": 25.96,
            "net_income": 73916,
            "revenue": 353856,
            "common_shares": 525995,
            "book_valuer_per_share": 20.36,
            "book_valuer_per_share_4q_avg": 18.51,
            "equity": 1010012,
            "current_ratio": 204.07,
            "debt_ratio": 46.8,
            "inventory_turnover_ratio": 0.35,
            "account_receivable_turnover_ratio": 1.16,
            "reinvestment_rate": -18.19,
            "research_to_sale_ratio": 1.68,
            "price_fair": 122.76,
            "eps_avg_yearly": 3.51,
            "eps_latest_yearly": 5.92,
            "eps_growth_yearly": 30.39
        },
        "20224": {
            "year_quarter": 20224,
            "year": 2022,
            "quarter": 4,
            "eps": 0.7,
            "eps_growth_year": 22.16,
            "eps_4q": 4.7,
            "eps_4q_growth_year": 41.93,
            "roe": 3.53,
            "roe_4q": 26.83,
            "gross_profit": 85654,
            "gross_margin": 23.26,
            "gross_margin_4q_avg": 27.3,
            "net_income": 34953,
            "revenue": 368313,
            "common_shares": 495995,
            "book_valuer_per_share": 19.58,
            "book_valuer_per_share_4q_avg": 19.12,
            "equity": 971270,
            "current_ratio": 188.23,
            "debt_ratio": 48.08,
            "inventory_turnover_ratio": 0.41,
            "account_receivable_turnover_ratio": 1.24,
            "reinvestment_rate": -17.78,
            "research_to_sale_ratio": 1.63,
            "price_fair": 122.41,
            "eps_avg_yearly": 3.5,
            "eps_latest_yearly": 2.8,
            "eps_growth_yearly": 26.53
        },
        "20231": {
            "year_quarter": 20231,
            "year": 2023,
            "quarter": 1,
            "eps": 0.88,
            "eps_growth_year": -3.3,
            "eps_4q": 4.76,
            "eps_4q_growth_year": 39.41,
            "roe": 4.56,
            "roe_4q": 25.89,
            "gross_profit": 90057,
            "gross_margin": 31.11,
            "gross_margin_4q_avg": 29.14,
            "net_income": 43552,
            "revenue": 289523,
            "common_shares": 495995,
            "book_valuer_per_share": 18.96,
            "book_valuer_per_share_4q_avg": 19.85,
            "equity": 940609,
            "current_ratio": 182.87,
            "debt_ratio": 47.76,
            "inventory_turnover_ratio": 0.3,
            "account_receivable_turnover_ratio": 1.09,
            "reinvestment_rate": -17.69,
            "research_to_sale_ratio": 1.79,
            "price_fair": 122.41,
            "eps_avg_yearly": 3.5,
            "eps_latest_yearly": 3.52,
            "eps_growth_yearly": 28.23
        }
    },
    "months": {
        "2009-04": {
            "month": "2009-04",
            "price": "16.47",
            "revenue": 33464
        },
        "2009-05": {
            "month": "2009-05",
            "price": "20.08",
            "revenue": 23607
        },
        "2009-06": {
            "month": "2009-06",
            "price": "24.01",
            "revenue": 31108
        },
        "2009-07": {
            "month": "2009-07",
            "price": "25.27",
            "revenue": 45488
        },
        "2009-08": {
            "month": "2009-08",
            "price": "29.82",
            "revenue": 41174
        },
        "2009-09": {
            "month": "2009-09",
            "price": "29.16",
            "revenue": 51472
        },
        "2009-10": {
            "month": "2009-10",
            "price": "28.34",
            "revenue": 48109
        },
        "2009-11": {
            "month": "2009-11",
            "price": "28.19",
            "revenue": 42448
        },
        "2009-12": {
            "month": "2009-12",
            "price": "27.85",
            "revenue": 49212
        },
        "2010-01": {
            "month": "2010-01",
            "price": "26.24",
            "revenue": 39467
        },
        "2010-02": {
            "month": "2010-02",
            "price": "25.86",
            "revenue": 37306
        },
        "2010-03": {
            "month": "2010-03",
            "price": "25.33",
            "revenue": 65031
        },
        "2010-04": {
            "month": "2010-04",
            "price": "28.19",
            "revenue": 43754
        },
        "2010-05": {
            "month": "2010-05",
            "price": "31.72",
            "revenue": 63063
        },
        "2010-06": {
            "month": "2010-06",
            "price": "35.14",
            "revenue": 62215
        },
        "2010-07": {
            "month": "2010-07",
            "price": "42.38",
            "revenue": 76507
        },
        "2010-08": {
            "month": "2010-08",
            "price": "58.54",
            "revenue": 74154
        },
        "2010-09": {
            "month": "2010-09",
            "price": "68.86",
            "revenue": 92653
        },
        "2010-10": {
            "month": "2010-10",
            "price": "61.70",
            "revenue": 72047
        },
        "2010-11": {
            "month": "2010-11",
            "price": "58.55",
            "revenue": 61551
        },
        "2010-12": {
            "month": "2010-12",
            "price": "58.30",
            "revenue": 71262
        },
        "2011-01": {
            "month": "2011-01",
            "price": "67.67",
            "revenue": 78421
        },
        "2011-02": {
            "month": "2011-02",
            "price": "82.79",
            "revenue": 50113
        },
        "2011-03": {
            "month": "2011-03",
            "price": "78.27",
            "revenue": 80962
        },
        "2011-04": {
            "month": "2011-04",
            "price": "75.58",
            "revenue": 74734
        },
        "2011-05": {
            "month": "2011-05",
            "price": "72.39",
            "revenue": 83480
        },
        "2011-06": {
            "month": "2011-06",
            "price": "65.31",
            "revenue": 81062
        },
        "2011-07": {
            "month": "2011-07",
            "price": "65.92",
            "revenue": 69553
        },
        "2011-08": {
            "month": "2011-08",
            "price": "51.30",
            "revenue": 84830
        },
        "2011-09": {
            "month": "2011-09",
            "price": "40.73",
            "revenue": 68451
        },
        "2011-10": {
            "month": "2011-10",
            "price": "37.95",
            "revenue": 57191
        },
        "2011-11": {
            "month": "2011-11",
            "price": "36.78",
            "revenue": 39419
        },
        "2011-12": {
            "month": "2011-12",
            "price": "33.66",
            "revenue": 38795
        },
        "2012-01": {
            "month": "2012-01",
            "price": "32.58",
            "revenue": 28821
        },
        "2012-02": {
            "month": "2012-02",
            "price": "38.06",
            "revenue": 43461
        },
        "2012-03": {
            "month": "2012-03",
            "price": "41.41",
            "revenue": 57642
        },
        "2012-04": {
            "month": "2012-04",
            "price": "37.97",
            "revenue": 49814
        },
        "2012-05": {
            "month": "2012-05",
            "price": "33.59",
            "revenue": 78810
        },
        "2012-06": {
            "month": "2012-06",
            "price": "31.89",
            "revenue": 73363
        },
        "2012-07": {
            "month": "2012-07",
            "price": "29.34",
            "revenue": 59613
        },
        "2012-08": {
            "month": "2012-08",
            "price": "24.38",
            "revenue": 63640
        },
        "2012-09": {
            "month": "2012-09",
            "price": "23.88",
            "revenue": 71689
        },
        "2012-10": {
            "month": "2012-10",
            "price": "23.17",
            "revenue": 65521
        },
        "2012-11": {
            "month": "2012-11",
            "price": "23.32",
            "revenue": 46988
        },
        "2012-12": {
            "month": "2012-12",
            "price": "25.35",
            "revenue": 52426
        },
        "2013-01": {
            "month": "2013-01",
            "price": "27.67",
            "revenue": 45800
        },
        "2013-02": {
            "month": "2013-02",
            "price": "26.38",
            "revenue": 30646
        },
        "2013-03": {
            "month": "2013-03",
            "price": "25.69",
            "revenue": 53518
        },
        "2013-04": {
            "month": "2013-04",
            "price": "23.10",
            "revenue": 54648
        },
        "2013-05": {
            "month": "2013-05",
            "price": "23.65",
            "revenue": 41208
        },
        "2013-06": {
            "month": "2013-06",
            "price": "23.31",
            "revenue": 43427
        },
        "2013-07": {
            "month": "2013-07",
            "price": "22.23",
            "revenue": 64592
        },
        "2013-08": {
            "month": "2013-08",
            "price": "23.46",
            "revenue": 57438
        },
        "2013-09": {
            "month": "2013-09",
            "price": "25.48",
            "revenue": 45680
        },
        "2013-10": {
            "month": "2013-10",
            "price": "24.17",
            "revenue": 47419
        },
        "2013-11": {
            "month": "2013-11",
            "price": "23.23",
            "revenue": 37346
        },
        "2013-12": {
            "month": "2013-12",
            "price": "23.10",
            "revenue": 33092
        },
        "2014-01": {
            "month": "2014-01",
            "price": "23.71",
            "revenue": 56814
        },
        "2014-02": {
            "month": "2014-02",
            "price": "24.08",
            "revenue": 34440
        },
        "2014-03": {
            "month": "2014-03",
            "price": "31.44",
            "revenue": 64173
        },
        "2014-04": {
            "month": "2014-04",
            "price": "32.28",
            "revenue": 44532
        },
        "2014-05": {
            "month": "2014-05",
            "price": "30.59",
            "revenue": 49909
        },
        "2014-06": {
            "month": "2014-06",
            "price": "29.60",
            "revenue": 57128
        },
        "2014-07": {
            "month": "2014-07",
            "price": "31.34",
            "revenue": 84398
        },
        "2014-08": {
            "month": "2014-08",
            "price": "35.92",
            "revenue": 70972
        },
        "2014-09": {
            "month": "2014-09",
            "price": "36.69",
            "revenue": 68650
        },
        "2014-10": {
            "month": "2014-10",
            "price": "32.50",
            "revenue": 68610
        },
        "2014-11": {
            "month": "2014-11",
            "price": "31.30",
            "revenue": 39841
        },
        "2014-12": {
            "month": "2014-12",
            "price": "29.49",
            "revenue": 63939
        },
        "2015-01": {
            "month": "2015-01",
            "price": "29.21",
            "revenue": 52082
        },
        "2015-02": {
            "month": "2015-02",
            "price": "29.17",
            "revenue": 27918
        },
        "2015-03": {
            "month": "2015-03",
            "price": "28.63",
            "revenue": 54016
        },
        "2015-04": {
            "month": "2015-04",
            "price": "27.59",
            "revenue": 44432
        },
        "2015-05": {
            "month": "2015-05",
            "price": "26.41",
            "revenue": 61552
        },
        "2015-06": {
            "month": "2015-06",
            "price": "26.26",
            "revenue": 57573
        },
        "2015-07": {
            "month": "2015-07",
            "price": "23.59",
            "revenue": 75347
        },
        "2015-08": {
            "month": "2015-08",
            "price": "23.25",
            "revenue": 59445
        },
        "2015-09": {
            "month": "2015-09",
            "price": "23.29",
            "revenue": 52511
        },
        "2015-10": {
            "month": "2015-10",
            "price": "24.50",
            "revenue": 64692
        },
        "2015-11": {
            "month": "2015-11",
            "price": "24.08",
            "revenue": 49387
        },
        "2015-12": {
            "month": "2015-12",
            "price": "23.41",
            "revenue": 51780
        },
        "2016-01": {
            "month": "2016-01",
            "price": "23.62",
            "revenue": 60717
        },
        "2016-02": {
            "month": "2016-02",
            "price": "26.61",
            "revenue": 39849
        },
        "2016-03": {
            "month": "2016-03",
            "price": "28.75",
            "revenue": 78047
        },
        "2016-04": {
            "month": "2016-04",
            "price": "29.76",
            "revenue": 73705
        },
        "2016-05": {
            "month": "2016-05",
            "price": "29.60",
            "revenue": 72832
        },
        "2016-06": {
            "month": "2016-06",
            "price": "29.45",
            "revenue": 60358
        },
        "2016-07": {
            "month": "2016-07",
            "price": "28.56",
            "revenue": 56733
        },
        "2016-08": {
            "month": "2016-08",
            "price": "26.63",
            "revenue": 72339
        },
        "2016-09": {
            "month": "2016-09",
            "price": "27.54",
            "revenue": 63248
        },
        "2016-10": {
            "month": "2016-10",
            "price": "28.85",
            "revenue": 53696
        },
        "2016-11": {
            "month": "2016-11",
            "price": "28.13",
            "revenue": 63465
        },
        "2016-12": {
            "month": "2016-12",
            "price": "27.45",
            "revenue": 78481
        },
        "2017-01": {
            "month": "2017-01",
            "price": "27.66",
            "revenue": 63307
        },
        "2017-02": {
            "month": "2017-02",
            "price": "28.36",
            "revenue": 62468
        },
        "2017-03": {
            "month": "2017-03",
            "price": "28.50",
            "revenue": 90836
        },
        "2017-04": {
            "month": "2017-04",
            "price": "28.68",
            "revenue": 72519
        },
        "2017-05": {
            "month": "2017-05",
            "price": "28.26",
            "revenue": 74587
        },
        "2017-06": {
            "month": "2017-06",
            "price": "27.49",
            "revenue": 71883
        },
        "2017-07": {
            "month": "2017-07",
            "price": "27.13",
            "revenue": 75490
        },
        "2017-08": {
            "month": "2017-08",
            "price": "28.35",
            "revenue": 88573
        },
        "2017-09": {
            "month": "2017-09",
            "price": "33.73",
            "revenue": 97125
        },
        "2017-10": {
            "month": "2017-10",
            "price": "38.65",
            "revenue": 87424
        },
        "2017-11": {
            "month": "2017-11",
            "price": "35.38",
            "revenue": 66455
        },
        "2017-12": {
            "month": "2017-12",
            "price": "34.59",
            "revenue": 96565
        },
        "2018-01": {
            "month": "2018-01",
            "price": "37.52",
            "revenue": 85362
        },
        "2018-02": {
            "month": "2018-02",
            "price": "39.88",
            "revenue": 63658
        },
        "2018-03": {
            "month": "2018-03",
            "price": "39.34",
            "revenue": 93440
        },
        "2018-04": {
            "month": "2018-04",
            "price": "37.78",
            "revenue": 91291
        },
        "2018-05": {
            "month": "2018-05",
            "price": "37.91",
            "revenue": 94206
        },
        "2018-06": {
            "month": "2018-06",
            "price": "38.29",
            "revenue": 92121
        },
        "2018-07": {
            "month": "2018-07",
            "price": "37.45",
            "revenue": 108512
        },
        "2018-08": {
            "month": "2018-08",
            "price": "38.90",
            "revenue": 91656
        },
        "2018-09": {
            "month": "2018-09",
            "price": "37.89",
            "revenue": 103696
        },
        "2018-10": {
            "month": "2018-10",
            "price": "35.94",
            "revenue": 84136
        },
        "2018-11": {
            "month": "2018-11",
            "price": "34.49",
            "revenue": 87129
        },
        "2018-12": {
            "month": "2018-12",
            "price": "34.50",
            "revenue": 94245
        },
        "2019-01": {
            "month": "2019-01",
            "price": "35.84",
            "revenue": 96628
        },
        "2019-02": {
            "month": "2019-02",
            "price": "37.03",
            "revenue": 55532
        },
        "2019-03": {
            "month": "2019-03",
            "price": "39.20",
            "revenue": 99745
        },
        "2019-04": {
            "month": "2019-04",
            "price": "38.73",
            "revenue": 100759
        },
        "2019-05": {
            "month": "2019-05",
            "price": "39.67",
            "revenue": 99080
        },
        "2019-06": {
            "month": "2019-06",
            "price": "39.71",
            "revenue": 91188
        },
        "2019-07": {
            "month": "2019-07",
            "price": "38.02",
            "revenue": 97478
        },
        "2019-08": {
            "month": "2019-08",
            "price": "37.39",
            "revenue": 89048
        },
        "2019-09": {
            "month": "2019-09",
            "price": "37.53",
            "revenue": 100509
        },
        "2019-10": {
            "month": "2019-10",
            "price": "37.53",
            "revenue": 98237
        },
        "2019-11": {
            "month": "2019-11",
            "price": "37.36",
            "revenue": 79778
        },
        "2019-12": {
            "month": "2019-12",
            "price": "37.92",
            "revenue": 109794
        },
        "2020-01": {
            "month": "2020-01",
            "price": "38.49",
            "revenue": 76036
        },
        "2020-02": {
            "month": "2020-02",
            "price": "37.86",
            "revenue": 95326
        },
        "2020-03": {
            "month": "2020-03",
            "price": "35.75",
            "revenue": 89086
        },
        "2020-04": {
            "month": "2020-04",
            "price": "32.87",
            "revenue": 87316
        },
        "2020-05": {
            "month": "2020-05",
            "price": "32.81",
            "revenue": 74559
        },
        "2020-06": {
            "month": "2020-06",
            "price": "33.64",
            "revenue": 71360
        },
        "2020-07": {
            "month": "2020-07",
            "price": "32.16",
            "revenue": 100119
        },
        "2020-08": {
            "month": "2020-08",
            "price": "31.68",
            "revenue": 94414
        },
        "2020-09": {
            "month": "2020-09",
            "price": "31.68",
            "revenue": 73849
        },
        "2020-10": {
            "month": "2020-10",
            "price": "31.03",
            "revenue": 95697
        },
        "2020-11": {
            "month": "2020-11",
            "price": "30.89",
            "revenue": 91043
        },
        "2020-12": {
            "month": "2020-12",
            "price": "31.37",
            "revenue": 113023
        },
        "2021-01": {
            "month": "2021-01",
            "price": "31.69",
            "revenue": 106440
        },
        "2021-02": {
            "month": "2021-02",
            "price": "32.20",
            "revenue": 85382
        },
        "2021-03": {
            "month": "2021-03",
            "price": "34.56",
            "revenue": 109665
        },
        "2021-04": {
            "month": "2021-04",
            "price": "36.01",
            "revenue": 99524
        },
        "2021-05": {
            "month": "2021-05",
            "price": "34.25",
            "revenue": 114580
        },
        "2021-06": {
            "month": "2021-06",
            "price": "35.14",
            "revenue": 121051
        },
        "2021-07": {
            "month": "2021-07",
            "price": "37.10",
            "revenue": 136543
        },
        "2021-08": {
            "month": "2021-08",
            "price": "36.12",
            "revenue": 132482
        },
        "2021-09": {
            "month": "2021-09",
            "price": "35.89",
            "revenue": 127899
        },
        "2021-10": {
            "month": "2021-10",
            "price": "35.23",
            "revenue": 148571
        },
        "2021-11": {
            "month": "2021-11",
            "price": "36.40",
            "revenue": 124981
        },
        "2021-12": {
            "month": "2021-12",
            "price": "36.33",
            "revenue": 135005
        },
        "2022-01": {
            "month": "2022-01",
            "price": "36.19",
            "revenue": 121989
        },
        "2022-02": {
            "month": "2022-02",
            "price": "36.21",
            "revenue": 76890
        },
        "2022-03": {
            "month": "2022-03",
            "price": "36.50",
            "revenue": 120284
        },
        "2022-04": {
            "month": "2022-04",
            "price": "36.98",
            "revenue": 137231
        },
        "2022-05": {
            "month": "2022-05",
            "price": "35.13",
            "revenue": 159513
        },
        "2022-06": {
            "month": "2022-06",
            "price": "34.58",
            "revenue": 112364
        },
        "2022-07": {
            "month": "2022-07",
            "price": "32.39",
            "revenue": 122284
        },
        "2022-08": {
            "month": "2022-08",
            "price": "36.05",
            "revenue": 135035
        },
        "2022-09": {
            "month": "2022-09",
            "price": "37.14",
            "revenue": 96500
        },
        "2022-10": {
            "month": "2022-10",
            "price": "35.98",
            "revenue": 102441
        },
        "2022-11": {
            "month": "2022-11",
            "price": "37.14",
            "revenue": 128042
        },
        "2022-12": {
            "month": "2022-12",
            "price": "39.93",
            "revenue": 137770
        },
        "2023-01": {
            "month": "2023-01",
            "price": "44.80",
            "revenue": 102224
        },
        "2023-02": {
            "month": "2023-02",
            "price": "46.09",
            "revenue": 95288
        },
        "2023-03": {
            "month": "2023-03",
            "price": "45.73",
            "revenue": 92011
        },
        "2023-04": {
            "month": "2023-04",
            "price": "42.86",
            "revenue": 153336
        },
        "2023-05": {
            "month": "2023-05",
            "price": "45.25",
            "revenue": 147642
        }
    }
}
