{
    "summary": {
        "stock_name": "晉椿",
        "stock_id": "2064",
        "category": "鋼鐵",
        "main_business": "快削鋼、磨光鋼、棒鋼、中碳鋼、鋼線、鐵線、不鏽鋼材等買賣<br>鐵絲、鐵釘製品之製造加工<br>各項有關產品之買賣進出口貿易",
        "website_url": "http://www.camelliametal.com",
        "ceo": "蕭良賢",
        "pe_ratio": -12,
        "report_year_from": 2011,
        "report_year_to": 2023,
        "age": 13,
        "eps_negative_percentage": 30,
        "eps_growth_avg": {
            "last_all": -30.59,
            "last_2y": -68.51,
            "last_4y": -79.01,
            "last_8y": -30.59,
            "last_12y": null,
            "last_16y": null,
            "last_20y": null,
            "at_2006_last_3y": null,
            "at_2007_last_3y": null,
            "at_2008_last_3y": null,
            "at_2009_last_3y": null,
            "at_2010_last_3y": null,
            "at_2011_last_3y": null,
            "at_2012_last_3y": null,
            "at_2013_last_3y": null,
            "at_2014_last_3y": null,
            "at_2015_last_3y": null,
            "at_2016_last_3y": null,
            "at_2017_last_3y": null,
            "at_2018_last_3y": 5.72,
            "at_2019_last_3y": -12.27,
            "at_2020_last_3y": -25.43,
            "at_2021_last_3y": 0,
            "at_2022_last_3y": -68.51,
            "at_2023_last_3y": -68.51,
            "at_2024_last_3y": -68.51,
            "at_2006_last_all": null,
            "at_2007_last_all": null,
            "at_2008_last_all": null,
            "at_2009_last_all": null,
            "at_2010_last_all": null,
            "at_2011_last_all": null,
            "at_2012_last_all": null,
            "at_2013_last_all": null,
            "at_2014_last_all": null,
            "at_2015_last_all": null,
            "at_2016_last_all": -0.42,
            "at_2017_last_all": -25.71,
            "at_2018_last_all": 5.72,
            "at_2019_last_all": -15.43,
            "at_2020_last_all": -15.43,
            "at_2021_last_all": -15.43,
            "at_2022_last_all": -19.03,
            "at_2023_last_all": -30.59,
            "at_2024_last_all": -30.59
        },
        "latest_eps": -1.33,
        "latest_price": 16.1,
        "latest_roe": -8.09,
        "latest_gross_margin": 0.03,
        "latest_equity": 1062902,
        "latest_revenue": 352050,
        "latest_gross_profit": 119,
        "latest_net_income": -15489,
        "latest_debt_ratio": 57.81,
        "latest_current_ratio": 81.48,
        "latest_account_receivable_turnover_ratio": 1.03,
        "latest_inventory_turnover_ratio": 0.87,
        "latest_reinvestment_rate": -19341.7,
        "latest_research_to_sale_ratio": 0.53
    },
    "eps_dividends": {
        "2001": {
            "cash": 0,
            "stock": 0,
            "eps": 0
        },
        "2002": {
            "cash": 0,
            "stock": 0,
            "eps": 0
        },
        "2003": {
            "cash": 0,
            "stock": 0,
            "eps": 0
        },
        "2004": {
            "cash": 0,
            "stock": 0,
            "eps": 0
        },
        "2005": {
            "cash": 0,
            "stock": 0,
            "eps": 0
        },
        "2006": {
            "cash": 0,
            "stock": 0,
            "eps": 0
        },
        "2007": {
            "cash": 0,
            "stock": 0,
            "eps": 0
        },
        "2008": {
            "cash": 0,
            "stock": 0,
            "eps": 0
        },
        "2009": {
            "cash": 0,
            "stock": 0,
            "eps": 0
        },
        "2010": {
            "cash": 0,
            "stock": 0,
            "eps": 0
        },
        "2011": {
            "cash": 0,
            "stock": 0,
            "eps": 0
        },
        "2012": {
            "cash": 1.5,
            "stock": 0,
            "eps": 0
        },
        "2013": {
            "cash": 0.1,
            "stock": 0,
            "eps": 0
        },
        "2014": {
            "cash": 1.5,
            "stock": 0,
            "eps": 1.89
        },
        "2015": {
            "cash": 2,
            "stock": 0,
            "eps": 1.36
        },
        "2016": {
            "cash": 1.2,
            "stock": 0,
            "eps": 1.73
        },
        "2017": {
            "cash": 1.5,
            "stock": 0,
            "eps": 0.41
        },
        "2018": {
            "cash": 1,
            "stock": 0,
            "eps": 1.02
        },
        "2019": {
            "cash": 1,
            "stock": 0,
            "eps": -0.83
        },
        "2020": {
            "cash": 0.6,
            "stock": 0,
            "eps": -1.49
        },
        "2021": {
            "cash": 0.5,
            "stock": 0,
            "eps": 1.81
        },
        "2022": {
            "cash": 1,
            "stock": 0,
            "eps": 1.14
        },
        "2023": {
            "cash": 1,
            "stock": 0,
            "eps": -0.93
        }
    },
    "dividends": {
        "2012-03-08": {
            "cash": 1.5,
            "stock": 0
        },
        "2013-03-25": {
            "cash": 0.1,
            "stock": 0
        },
        "2014-05-26": {
            "cash": 1.5,
            "stock": 0
        },
        "2015-07-08": {
            "cash": 2,
            "stock": 0
        },
        "2016-07-18": {
            "cash": 1.2,
            "stock": 0
        },
        "2017-07-28": {
            "cash": 1.5,
            "stock": 0
        },
        "2018-07-27": {
            "cash": 1,
            "stock": 0
        },
        "2019-09-17": {
            "cash": 1,
            "stock": 0
        },
        "2020-05-21": {
            "cash": 0.6,
            "stock": 0
        },
        "2021-05-19": {
            "cash": 0.5,
            "stock": 0
        },
        "2022-07-27": {
            "cash": 1,
            "stock": 0
        },
        "2023-05-15": {
            "cash": 1,
            "stock": 0
        }
    },
    "prices": {
        "200101": "無",
        "200102": "無",
        "200103": "無",
        "200104": "無",
        "200105": "無",
        "200106": "無",
        "200107": "無",
        "200108": "無",
        "200109": "無",
        "200110": "無",
        "200111": "無",
        "200112": "無",
        "200201": "無",
        "200202": "無",
        "200203": "無",
        "200204": "無",
        "200205": "無",
        "200206": "無",
        "200207": "無",
        "200208": "無",
        "200209": "無",
        "200210": "無",
        "200211": "無",
        "200212": "無",
        "200301": "無",
        "200302": "無",
        "200303": "無",
        "200304": "無",
        "200305": "無",
        "200306": "無",
        "200307": "無",
        "200308": "無",
        "200309": "無",
        "200310": "無",
        "200311": "無",
        "200312": "無",
        "200401": "無",
        "200402": "無",
        "200403": "無",
        "200404": "無",
        "200405": "無",
        "200406": "無",
        "200407": "無",
        "200408": "無",
        "200409": "無",
        "200410": "無",
        "200411": "無",
        "200412": "無",
        "200501": "無",
        "200502": "無",
        "200503": "無",
        "200504": "無",
        "200505": "無",
        "200506": "無",
        "200507": "無",
        "200508": "無",
        "200509": "無",
        "200510": "無",
        "200511": "無",
        "200512": "無",
        "200601": "無",
        "200602": "無",
        "200603": "無",
        "200604": "無",
        "200605": "無",
        "200606": "無",
        "200607": "無",
        "200608": "無",
        "200609": "無",
        "200610": "無",
        "200611": "無",
        "200612": "無",
        "200701": "無",
        "200702": "無",
        "200703": "無",
        "200704": "無",
        "200705": "無",
        "200706": "無",
        "200707": "無",
        "200708": "無",
        "200709": "無",
        "200710": "無",
        "200711": "無",
        "200712": "無",
        "200801": "無",
        "200802": "無",
        "200803": "無",
        "200804": "無",
        "200805": "無",
        "200806": "無",
        "200807": "無",
        "200808": "無",
        "200809": "無",
        "200810": "無",
        "200811": "無",
        "200812": "無",
        "200901": "無",
        "200902": "無",
        "200903": "無",
        "200904": "無",
        "200905": "無",
        "200906": "無",
        "200907": "無",
        "200908": "無",
        "200909": "無",
        "200910": "無",
        "200911": "無",
        "200912": "無",
        "201001": "無",
        "201002": "無",
        "201003": "無",
        "201004": "無",
        "201005": "無",
        "201006": "無",
        "201007": "無",
        "201008": "無",
        "201009": "無",
        "201010": "無",
        "201011": "無",
        "201012": "無",
        "201101": "無",
        "201102": "無",
        "201103": "無",
        "201104": "無",
        "201105": "無",
        "201106": "無",
        "201107": "無",
        "201108": "無",
        "201109": "無",
        "201110": "21.27",
        "201111": "21.83",
        "201112": "21.64",
        "201201": "21.37",
        "201202": "22.12",
        "201203": "23.71",
        "201204": "24.50",
        "201205": "23.59",
        "201206": "22.07",
        "201207": "20.88",
        "201208": "20.48",
        "201209": "20.60",
        "201210": "20.25",
        "201211": "20.05",
        "201212": "20.10",
        "201301": "19.39",
        "201302": "19.32",
        "201303": "20.19",
        "201304": "19.58",
        "201305": "19.92",
        "201306": "19.79",
        "201307": "20.14",
        "201308": "19.74",
        "201309": "20.13",
        "201310": "19.37",
        "201311": "19.23",
        "201312": "20.21",
        "201401": "20.45",
        "201402": "21.63",
        "201403": "25.10",
        "201404": "26.31",
        "201405": "26.09",
        "201406": "26.38",
        "201407": "26.05",
        "201408": "27.17",
        "201409": "27.29",
        "201410": "26.43",
        "201411": "25.08",
        "201412": "22.92",
        "201501": "21.56",
        "201502": "21.44",
        "201503": "23.29",
        "201504": "24.57",
        "201505": "24.10",
        "201506": "21.18",
        "201507": "18.84",
        "201508": "16.65",
        "201509": "16.21",
        "201510": "16.94",
        "201511": "16.99",
        "201512": "16.82",
        "201601": "16.54",
        "201602": "17.19",
        "201603": "17.62",
        "201604": "17.41",
        "201605": "16.66",
        "201606": "16.64",
        "201607": "15.50",
        "201608": "15.79",
        "201609": "16.10",
        "201610": "15.96",
        "201611": "16.05",
        "201612": "16.57",
        "201701": "16.91",
        "201702": "17.01",
        "201703": "18.78",
        "201704": "19.71",
        "201705": "18.86",
        "201706": "18.62",
        "201707": "17.85",
        "201708": "17.32",
        "201709": "17.42",
        "201710": "17.83",
        "201711": "17.40",
        "201712": "17.02",
        "201801": "17.52",
        "201802": "17.67",
        "201803": "18.32",
        "201804": "18.03",
        "201805": "17.83",
        "201806": "17.83",
        "201807": "16.78",
        "201808": "16.76",
        "201809": "16.71",
        "201810": "16.72",
        "201811": "16.18",
        "201812": "15.57",
        "201901": "15.44",
        "201902": "15.63",
        "201903": "15.51",
        "201904": "14.44",
        "201905": "13.98",
        "201906": "13.62",
        "201907": "14.34",
        "201908": "14.04",
        "201909": "13.51",
        "201910": "13.11",
        "201911": "13.32",
        "201912": "13.64",
        "202001": "13.52",
        "202002": "13.26",
        "202003": "11.08",
        "202004": "11.51",
        "202005": "11.31",
        "202006": "11.20",
        "202007": "11.28",
        "202008": "11.42",
        "202009": "12.40",
        "202010": "12.67",
        "202011": "13.03",
        "202012": "13.73",
        "202101": "14.26",
        "202102": "13.92",
        "202103": "14.11",
        "202104": "16.63",
        "202105": "16.34",
        "202106": "16.88",
        "202107": "20.60",
        "202108": "18.75",
        "202109": "19.35",
        "202110": "18.50",
        "202111": "18.20",
        "202112": "18.19",
        "202201": "18.08",
        "202202": "18.66",
        "202203": "25.16",
        "202204": "27.18",
        "202205": "22.05",
        "202206": "18.81",
        "202207": "15.17",
        "202208": "16.68",
        "202209": "16.98",
        "202210": "16.11",
        "202211": "16.71",
        "202212": "17.36",
        "202301": "17.99",
        "202302": "18.53",
        "202303": "19.20",
        "202304": "18.26",
        "202305": "17.49",
        "202306": "17.04",
        "202307": "16.97",
        "202308": "16.56",
        "202309": "16.51",
        "202310": "16.19",
        "202311": "16.19",
        "202312": "16.39"
    },
    "quarters": {
        "20011": {
            "year_quarter": 20011,
            "year": 2001,
            "quarter": 1,
            "eps": null,
            "eps_growth_year": null,
            "eps_4q": null,
            "eps_4q_growth_year": null,
            "roe": null,
            "roe_4q": 0,
            "gross_profit": null,
            "gross_margin": null,
            "gross_margin_4q_avg": 0,
            "net_income": null,
            "net_income_4q": null,
            "revenue": null,
            "revenue_4q": null,
            "common_shares": null,
            "book_valuer_per_share": null,
            "book_valuer_per_share_4q_avg": 0,
            "equity": null,
            "current_ratio": null,
            "debt_ratio": null,
            "inventory_turnover_ratio": null,
            "account_receivable_turnover_ratio": null,
            "reinvestment_rate": null,
            "research_to_sale_ratio": null,
            "price_fair": 0,
            "eps_avg_yearly": 0,
            "eps_latest_yearly": 0,
            "eps_growth_yearly": 0
        },
        "20012": {
            "year_quarter": 20012,
            "year": 2001,
            "quarter": 2,
            "eps": null,
            "eps_growth_year": null,
            "eps_4q": null,
            "eps_4q_growth_year": null,
            "roe": null,
            "roe_4q": 0,
            "gross_profit": null,
            "gross_margin": null,
            "gross_margin_4q_avg": 0,
            "net_income": null,
            "net_income_4q": null,
            "revenue": null,
            "revenue_4q": null,
            "common_shares": null,
            "book_valuer_per_share": null,
            "book_valuer_per_share_4q_avg": 0,
            "equity": null,
            "current_ratio": null,
            "debt_ratio": null,
            "inventory_turnover_ratio": null,
            "account_receivable_turnover_ratio": null,
            "reinvestment_rate": null,
            "research_to_sale_ratio": null,
            "price_fair": 0,
            "eps_avg_yearly": 0,
            "eps_latest_yearly": 0,
            "eps_growth_yearly": 0
        },
        "20013": {
            "year_quarter": 20013,
            "year": 2001,
            "quarter": 3,
            "eps": null,
            "eps_growth_year": null,
            "eps_4q": null,
            "eps_4q_growth_year": null,
            "roe": null,
            "roe_4q": 0,
            "gross_profit": null,
            "gross_margin": null,
            "gross_margin_4q_avg": 0,
            "net_income": null,
            "net_income_4q": null,
            "revenue": null,
            "revenue_4q": null,
            "common_shares": null,
            "book_valuer_per_share": null,
            "book_valuer_per_share_4q_avg": 0,
            "equity": null,
            "current_ratio": null,
            "debt_ratio": null,
            "inventory_turnover_ratio": null,
            "account_receivable_turnover_ratio": null,
            "reinvestment_rate": null,
            "research_to_sale_ratio": null,
            "price_fair": 0,
            "eps_avg_yearly": 0,
            "eps_latest_yearly": 0,
            "eps_growth_yearly": 0
        },
        "20014": {
            "year_quarter": 20014,
            "year": 2001,
            "quarter": 4,
            "eps": null,
            "eps_growth_year": null,
            "eps_4q": null,
            "eps_4q_growth_year": null,
            "roe": null,
            "roe_4q": 0,
            "gross_profit": null,
            "gross_margin": null,
            "gross_margin_4q_avg": 0,
            "net_income": null,
            "net_income_4q": null,
            "revenue": null,
            "revenue_4q": null,
            "common_shares": null,
            "book_valuer_per_share": null,
            "book_valuer_per_share_4q_avg": 0,
            "equity": null,
            "current_ratio": null,
            "debt_ratio": null,
            "inventory_turnover_ratio": null,
            "account_receivable_turnover_ratio": null,
            "reinvestment_rate": null,
            "research_to_sale_ratio": null,
            "price_fair": 0,
            "eps_avg_yearly": 0,
            "eps_latest_yearly": 0,
            "eps_growth_yearly": 0
        },
        "20021": {
            "year_quarter": 20021,
            "year": 2002,
            "quarter": 1,
            "eps": null,
            "eps_growth_year": null,
            "eps_4q": null,
            "eps_4q_growth_year": null,
            "roe": null,
            "roe_4q": 0,
            "gross_profit": null,
            "gross_margin": null,
            "gross_margin_4q_avg": 0,
            "net_income": null,
            "net_income_4q": null,
            "revenue": null,
            "revenue_4q": null,
            "common_shares": null,
            "book_valuer_per_share": null,
            "book_valuer_per_share_4q_avg": 0,
            "equity": null,
            "current_ratio": null,
            "debt_ratio": null,
            "inventory_turnover_ratio": null,
            "account_receivable_turnover_ratio": null,
            "reinvestment_rate": null,
            "research_to_sale_ratio": null,
            "price_fair": 0,
            "eps_avg_yearly": 0,
            "eps_latest_yearly": 0,
            "eps_growth_yearly": 0
        },
        "20022": {
            "year_quarter": 20022,
            "year": 2002,
            "quarter": 2,
            "eps": null,
            "eps_growth_year": null,
            "eps_4q": null,
            "eps_4q_growth_year": null,
            "roe": null,
            "roe_4q": 0,
            "gross_profit": null,
            "gross_margin": null,
            "gross_margin_4q_avg": 0,
            "net_income": null,
            "net_income_4q": null,
            "revenue": null,
            "revenue_4q": null,
            "common_shares": null,
            "book_valuer_per_share": null,
            "book_valuer_per_share_4q_avg": 0,
            "equity": null,
            "current_ratio": null,
            "debt_ratio": null,
            "inventory_turnover_ratio": null,
            "account_receivable_turnover_ratio": null,
            "reinvestment_rate": null,
            "research_to_sale_ratio": null,
            "price_fair": 0,
            "eps_avg_yearly": 0,
            "eps_latest_yearly": 0,
            "eps_growth_yearly": 0
        },
        "20023": {
            "year_quarter": 20023,
            "year": 2002,
            "quarter": 3,
            "eps": null,
            "eps_growth_year": null,
            "eps_4q": null,
            "eps_4q_growth_year": null,
            "roe": null,
            "roe_4q": 0,
            "gross_profit": null,
            "gross_margin": null,
            "gross_margin_4q_avg": 0,
            "net_income": null,
            "net_income_4q": null,
            "revenue": null,
            "revenue_4q": null,
            "common_shares": null,
            "book_valuer_per_share": null,
            "book_valuer_per_share_4q_avg": 0,
            "equity": null,
            "current_ratio": null,
            "debt_ratio": null,
            "inventory_turnover_ratio": null,
            "account_receivable_turnover_ratio": null,
            "reinvestment_rate": null,
            "research_to_sale_ratio": null,
            "price_fair": 0,
            "eps_avg_yearly": 0,
            "eps_latest_yearly": 0,
            "eps_growth_yearly": 0
        },
        "20024": {
            "year_quarter": 20024,
            "year": 2002,
            "quarter": 4,
            "eps": null,
            "eps_growth_year": null,
            "eps_4q": null,
            "eps_4q_growth_year": null,
            "roe": null,
            "roe_4q": 0,
            "gross_profit": null,
            "gross_margin": null,
            "gross_margin_4q_avg": 0,
            "net_income": null,
            "net_income_4q": null,
            "revenue": null,
            "revenue_4q": null,
            "common_shares": null,
            "book_valuer_per_share": null,
            "book_valuer_per_share_4q_avg": 0,
            "equity": null,
            "current_ratio": null,
            "debt_ratio": null,
            "inventory_turnover_ratio": null,
            "account_receivable_turnover_ratio": null,
            "reinvestment_rate": null,
            "research_to_sale_ratio": null,
            "price_fair": 0,
            "eps_avg_yearly": 0,
            "eps_latest_yearly": 0,
            "eps_growth_yearly": 0
        },
        "20031": {
            "year_quarter": 20031,
            "year": 2003,
            "quarter": 1,
            "eps": null,
            "eps_growth_year": null,
            "eps_4q": null,
            "eps_4q_growth_year": null,
            "roe": null,
            "roe_4q": 0,
            "gross_profit": null,
            "gross_margin": null,
            "gross_margin_4q_avg": 0,
            "net_income": null,
            "net_income_4q": null,
            "revenue": null,
            "revenue_4q": null,
            "common_shares": null,
            "book_valuer_per_share": null,
            "book_valuer_per_share_4q_avg": 0,
            "equity": null,
            "current_ratio": null,
            "debt_ratio": null,
            "inventory_turnover_ratio": null,
            "account_receivable_turnover_ratio": null,
            "reinvestment_rate": null,
            "research_to_sale_ratio": null,
            "price_fair": 0,
            "eps_avg_yearly": 0,
            "eps_latest_yearly": 0,
            "eps_growth_yearly": 0
        },
        "20032": {
            "year_quarter": 20032,
            "year": 2003,
            "quarter": 2,
            "eps": null,
            "eps_growth_year": null,
            "eps_4q": null,
            "eps_4q_growth_year": null,
            "roe": null,
            "roe_4q": 0,
            "gross_profit": null,
            "gross_margin": null,
            "gross_margin_4q_avg": 0,
            "net_income": null,
            "net_income_4q": null,
            "revenue": null,
            "revenue_4q": null,
            "common_shares": null,
            "book_valuer_per_share": null,
            "book_valuer_per_share_4q_avg": 0,
            "equity": null,
            "current_ratio": null,
            "debt_ratio": null,
            "inventory_turnover_ratio": null,
            "account_receivable_turnover_ratio": null,
            "reinvestment_rate": null,
            "research_to_sale_ratio": null,
            "price_fair": 0,
            "eps_avg_yearly": 0,
            "eps_latest_yearly": 0,
            "eps_growth_yearly": 0
        },
        "20033": {
            "year_quarter": 20033,
            "year": 2003,
            "quarter": 3,
            "eps": null,
            "eps_growth_year": null,
            "eps_4q": null,
            "eps_4q_growth_year": null,
            "roe": null,
            "roe_4q": 0,
            "gross_profit": null,
            "gross_margin": null,
            "gross_margin_4q_avg": 0,
            "net_income": null,
            "net_income_4q": null,
            "revenue": null,
            "revenue_4q": null,
            "common_shares": null,
            "book_valuer_per_share": null,
            "book_valuer_per_share_4q_avg": 0,
            "equity": null,
            "current_ratio": null,
            "debt_ratio": null,
            "inventory_turnover_ratio": null,
            "account_receivable_turnover_ratio": null,
            "reinvestment_rate": null,
            "research_to_sale_ratio": null,
            "price_fair": 0,
            "eps_avg_yearly": 0,
            "eps_latest_yearly": 0,
            "eps_growth_yearly": 0
        },
        "20034": {
            "year_quarter": 20034,
            "year": 2003,
            "quarter": 4,
            "eps": null,
            "eps_growth_year": null,
            "eps_4q": null,
            "eps_4q_growth_year": null,
            "roe": null,
            "roe_4q": 0,
            "gross_profit": null,
            "gross_margin": null,
            "gross_margin_4q_avg": 0,
            "net_income": null,
            "net_income_4q": null,
            "revenue": null,
            "revenue_4q": null,
            "common_shares": null,
            "book_valuer_per_share": null,
            "book_valuer_per_share_4q_avg": 0,
            "equity": null,
            "current_ratio": null,
            "debt_ratio": null,
            "inventory_turnover_ratio": null,
            "account_receivable_turnover_ratio": null,
            "reinvestment_rate": null,
            "research_to_sale_ratio": null,
            "price_fair": 0,
            "eps_avg_yearly": 0,
            "eps_latest_yearly": 0,
            "eps_growth_yearly": 0
        },
        "20041": {
            "year_quarter": 20041,
            "year": 2004,
            "quarter": 1,
            "eps": null,
            "eps_growth_year": null,
            "eps_4q": null,
            "eps_4q_growth_year": null,
            "roe": null,
            "roe_4q": 0,
            "gross_profit": null,
            "gross_margin": null,
            "gross_margin_4q_avg": 0,
            "net_income": null,
            "net_income_4q": null,
            "revenue": null,
            "revenue_4q": null,
            "common_shares": null,
            "book_valuer_per_share": null,
            "book_valuer_per_share_4q_avg": 0,
            "equity": null,
            "current_ratio": null,
            "debt_ratio": null,
            "inventory_turnover_ratio": null,
            "account_receivable_turnover_ratio": null,
            "reinvestment_rate": null,
            "research_to_sale_ratio": null,
            "price_fair": 0,
            "eps_avg_yearly": 0,
            "eps_latest_yearly": 0,
            "eps_growth_yearly": 0
        },
        "20042": {
            "year_quarter": 20042,
            "year": 2004,
            "quarter": 2,
            "eps": null,
            "eps_growth_year": null,
            "eps_4q": null,
            "eps_4q_growth_year": null,
            "roe": null,
            "roe_4q": 0,
            "gross_profit": null,
            "gross_margin": null,
            "gross_margin_4q_avg": 0,
            "net_income": null,
            "net_income_4q": null,
            "revenue": null,
            "revenue_4q": null,
            "common_shares": null,
            "book_valuer_per_share": null,
            "book_valuer_per_share_4q_avg": 0,
            "equity": null,
            "current_ratio": null,
            "debt_ratio": null,
            "inventory_turnover_ratio": null,
            "account_receivable_turnover_ratio": null,
            "reinvestment_rate": null,
            "research_to_sale_ratio": null,
            "price_fair": 0,
            "eps_avg_yearly": 0,
            "eps_latest_yearly": 0,
            "eps_growth_yearly": 0
        },
        "20043": {
            "year_quarter": 20043,
            "year": 2004,
            "quarter": 3,
            "eps": null,
            "eps_growth_year": null,
            "eps_4q": null,
            "eps_4q_growth_year": null,
            "roe": null,
            "roe_4q": 0,
            "gross_profit": null,
            "gross_margin": null,
            "gross_margin_4q_avg": 0,
            "net_income": null,
            "net_income_4q": null,
            "revenue": null,
            "revenue_4q": null,
            "common_shares": null,
            "book_valuer_per_share": null,
            "book_valuer_per_share_4q_avg": 0,
            "equity": null,
            "current_ratio": null,
            "debt_ratio": null,
            "inventory_turnover_ratio": null,
            "account_receivable_turnover_ratio": null,
            "reinvestment_rate": null,
            "research_to_sale_ratio": null,
            "price_fair": 0,
            "eps_avg_yearly": 0,
            "eps_latest_yearly": 0,
            "eps_growth_yearly": 0
        },
        "20044": {
            "year_quarter": 20044,
            "year": 2004,
            "quarter": 4,
            "eps": null,
            "eps_growth_year": null,
            "eps_4q": null,
            "eps_4q_growth_year": null,
            "roe": null,
            "roe_4q": 0,
            "gross_profit": null,
            "gross_margin": null,
            "gross_margin_4q_avg": 0,
            "net_income": null,
            "net_income_4q": null,
            "revenue": null,
            "revenue_4q": null,
            "common_shares": null,
            "book_valuer_per_share": null,
            "book_valuer_per_share_4q_avg": 0,
            "equity": null,
            "current_ratio": null,
            "debt_ratio": null,
            "inventory_turnover_ratio": null,
            "account_receivable_turnover_ratio": null,
            "reinvestment_rate": null,
            "research_to_sale_ratio": null,
            "price_fair": 0,
            "eps_avg_yearly": 0,
            "eps_latest_yearly": 0,
            "eps_growth_yearly": 0
        },
        "20051": {
            "year_quarter": 20051,
            "year": 2005,
            "quarter": 1,
            "eps": null,
            "eps_growth_year": null,
            "eps_4q": null,
            "eps_4q_growth_year": null,
            "roe": null,
            "roe_4q": 0,
            "gross_profit": null,
            "gross_margin": null,
            "gross_margin_4q_avg": 0,
            "net_income": null,
            "net_income_4q": null,
            "revenue": null,
            "revenue_4q": null,
            "common_shares": null,
            "book_valuer_per_share": null,
            "book_valuer_per_share_4q_avg": 0,
            "equity": null,
            "current_ratio": null,
            "debt_ratio": null,
            "inventory_turnover_ratio": null,
            "account_receivable_turnover_ratio": null,
            "reinvestment_rate": null,
            "research_to_sale_ratio": null,
            "price_fair": 0,
            "eps_avg_yearly": 0,
            "eps_latest_yearly": 0,
            "eps_growth_yearly": 0
        },
        "20052": {
            "year_quarter": 20052,
            "year": 2005,
            "quarter": 2,
            "eps": null,
            "eps_growth_year": null,
            "eps_4q": null,
            "eps_4q_growth_year": null,
            "roe": null,
            "roe_4q": 0,
            "gross_profit": null,
            "gross_margin": null,
            "gross_margin_4q_avg": 0,
            "net_income": null,
            "net_income_4q": null,
            "revenue": null,
            "revenue_4q": null,
            "common_shares": null,
            "book_valuer_per_share": null,
            "book_valuer_per_share_4q_avg": 0,
            "equity": null,
            "current_ratio": null,
            "debt_ratio": null,
            "inventory_turnover_ratio": null,
            "account_receivable_turnover_ratio": null,
            "reinvestment_rate": null,
            "research_to_sale_ratio": null,
            "price_fair": 0,
            "eps_avg_yearly": 0,
            "eps_latest_yearly": 0,
            "eps_growth_yearly": 0
        },
        "20053": {
            "year_quarter": 20053,
            "year": 2005,
            "quarter": 3,
            "eps": null,
            "eps_growth_year": null,
            "eps_4q": null,
            "eps_4q_growth_year": null,
            "roe": null,
            "roe_4q": 0,
            "gross_profit": null,
            "gross_margin": null,
            "gross_margin_4q_avg": 0,
            "net_income": null,
            "net_income_4q": null,
            "revenue": null,
            "revenue_4q": null,
            "common_shares": null,
            "book_valuer_per_share": null,
            "book_valuer_per_share_4q_avg": 0,
            "equity": null,
            "current_ratio": null,
            "debt_ratio": null,
            "inventory_turnover_ratio": null,
            "account_receivable_turnover_ratio": null,
            "reinvestment_rate": null,
            "research_to_sale_ratio": null,
            "price_fair": 0,
            "eps_avg_yearly": 0,
            "eps_latest_yearly": 0,
            "eps_growth_yearly": 0
        },
        "20054": {
            "year_quarter": 20054,
            "year": 2005,
            "quarter": 4,
            "eps": null,
            "eps_growth_year": null,
            "eps_4q": null,
            "eps_4q_growth_year": null,
            "roe": null,
            "roe_4q": 0,
            "gross_profit": null,
            "gross_margin": null,
            "gross_margin_4q_avg": 0,
            "net_income": null,
            "net_income_4q": null,
            "revenue": null,
            "revenue_4q": null,
            "common_shares": null,
            "book_valuer_per_share": null,
            "book_valuer_per_share_4q_avg": 0,
            "equity": null,
            "current_ratio": null,
            "debt_ratio": null,
            "inventory_turnover_ratio": null,
            "account_receivable_turnover_ratio": null,
            "reinvestment_rate": null,
            "research_to_sale_ratio": null,
            "price_fair": 0,
            "eps_avg_yearly": 0,
            "eps_latest_yearly": 0,
            "eps_growth_yearly": 0
        },
        "20061": {
            "year_quarter": 20061,
            "year": 2006,
            "quarter": 1,
            "eps": null,
            "eps_growth_year": null,
            "eps_4q": null,
            "eps_4q_growth_year": null,
            "roe": null,
            "roe_4q": 0,
            "gross_profit": null,
            "gross_margin": null,
            "gross_margin_4q_avg": 0,
            "net_income": null,
            "net_income_4q": null,
            "revenue": null,
            "revenue_4q": null,
            "common_shares": null,
            "book_valuer_per_share": null,
            "book_valuer_per_share_4q_avg": 0,
            "equity": null,
            "current_ratio": null,
            "debt_ratio": null,
            "inventory_turnover_ratio": null,
            "account_receivable_turnover_ratio": null,
            "reinvestment_rate": null,
            "research_to_sale_ratio": null,
            "price_fair": 0,
            "eps_avg_yearly": 0,
            "eps_latest_yearly": 0,
            "eps_growth_yearly": 0
        },
        "20062": {
            "year_quarter": 20062,
            "year": 2006,
            "quarter": 2,
            "eps": null,
            "eps_growth_year": null,
            "eps_4q": null,
            "eps_4q_growth_year": null,
            "roe": null,
            "roe_4q": 0,
            "gross_profit": null,
            "gross_margin": null,
            "gross_margin_4q_avg": 0,
            "net_income": null,
            "net_income_4q": null,
            "revenue": null,
            "revenue_4q": null,
            "common_shares": null,
            "book_valuer_per_share": null,
            "book_valuer_per_share_4q_avg": 0,
            "equity": null,
            "current_ratio": null,
            "debt_ratio": null,
            "inventory_turnover_ratio": null,
            "account_receivable_turnover_ratio": null,
            "reinvestment_rate": null,
            "research_to_sale_ratio": null,
            "price_fair": 0,
            "eps_avg_yearly": 0,
            "eps_latest_yearly": 0,
            "eps_growth_yearly": 0
        },
        "20063": {
            "year_quarter": 20063,
            "year": 2006,
            "quarter": 3,
            "eps": null,
            "eps_growth_year": null,
            "eps_4q": null,
            "eps_4q_growth_year": null,
            "roe": null,
            "roe_4q": 0,
            "gross_profit": null,
            "gross_margin": null,
            "gross_margin_4q_avg": 0,
            "net_income": null,
            "net_income_4q": null,
            "revenue": null,
            "revenue_4q": null,
            "common_shares": null,
            "book_valuer_per_share": null,
            "book_valuer_per_share_4q_avg": 0,
            "equity": null,
            "current_ratio": null,
            "debt_ratio": null,
            "inventory_turnover_ratio": null,
            "account_receivable_turnover_ratio": null,
            "reinvestment_rate": null,
            "research_to_sale_ratio": null,
            "price_fair": 0,
            "eps_avg_yearly": 0,
            "eps_latest_yearly": 0,
            "eps_growth_yearly": 0
        },
        "20064": {
            "year_quarter": 20064,
            "year": 2006,
            "quarter": 4,
            "eps": null,
            "eps_growth_year": null,
            "eps_4q": null,
            "eps_4q_growth_year": null,
            "roe": null,
            "roe_4q": 0,
            "gross_profit": null,
            "gross_margin": null,
            "gross_margin_4q_avg": 0,
            "net_income": null,
            "net_income_4q": null,
            "revenue": null,
            "revenue_4q": null,
            "common_shares": 500000,
            "book_valuer_per_share": 17.69,
            "book_valuer_per_share_4q_avg": 4.42,
            "equity": 884366,
            "current_ratio": 115.41,
            "debt_ratio": 65.13,
            "inventory_turnover_ratio": null,
            "account_receivable_turnover_ratio": null,
            "reinvestment_rate": null,
            "research_to_sale_ratio": null,
            "price_fair": 0,
            "eps_avg_yearly": 0,
            "eps_latest_yearly": 0,
            "eps_growth_yearly": 0
        },
        "20071": {
            "year_quarter": 20071,
            "year": 2007,
            "quarter": 1,
            "eps": null,
            "eps_growth_year": null,
            "eps_4q": null,
            "eps_4q_growth_year": null,
            "roe": null,
            "roe_4q": 0,
            "gross_profit": null,
            "gross_margin": null,
            "gross_margin_4q_avg": 0,
            "net_income": null,
            "net_income_4q": null,
            "revenue": null,
            "revenue_4q": null,
            "common_shares": null,
            "book_valuer_per_share": null,
            "book_valuer_per_share_4q_avg": 4.42,
            "equity": null,
            "current_ratio": null,
            "debt_ratio": null,
            "inventory_turnover_ratio": null,
            "account_receivable_turnover_ratio": null,
            "reinvestment_rate": null,
            "research_to_sale_ratio": null,
            "price_fair": 0,
            "eps_avg_yearly": 0,
            "eps_latest_yearly": 0,
            "eps_growth_yearly": 0
        },
        "20072": {
            "year_quarter": 20072,
            "year": 2007,
            "quarter": 2,
            "eps": null,
            "eps_growth_year": null,
            "eps_4q": null,
            "eps_4q_growth_year": null,
            "roe": null,
            "roe_4q": 0,
            "gross_profit": null,
            "gross_margin": null,
            "gross_margin_4q_avg": 0,
            "net_income": null,
            "net_income_4q": null,
            "revenue": null,
            "revenue_4q": null,
            "common_shares": null,
            "book_valuer_per_share": null,
            "book_valuer_per_share_4q_avg": 4.42,
            "equity": null,
            "current_ratio": null,
            "debt_ratio": null,
            "inventory_turnover_ratio": null,
            "account_receivable_turnover_ratio": null,
            "reinvestment_rate": null,
            "research_to_sale_ratio": null,
            "price_fair": 0,
            "eps_avg_yearly": 0,
            "eps_latest_yearly": 0,
            "eps_growth_yearly": 0
        },
        "20073": {
            "year_quarter": 20073,
            "year": 2007,
            "quarter": 3,
            "eps": null,
            "eps_growth_year": null,
            "eps_4q": null,
            "eps_4q_growth_year": null,
            "roe": null,
            "roe_4q": 0,
            "gross_profit": null,
            "gross_margin": null,
            "gross_margin_4q_avg": 0,
            "net_income": null,
            "net_income_4q": null,
            "revenue": null,
            "revenue_4q": null,
            "common_shares": null,
            "book_valuer_per_share": null,
            "book_valuer_per_share_4q_avg": 4.42,
            "equity": null,
            "current_ratio": null,
            "debt_ratio": null,
            "inventory_turnover_ratio": null,
            "account_receivable_turnover_ratio": null,
            "reinvestment_rate": null,
            "research_to_sale_ratio": null,
            "price_fair": 0,
            "eps_avg_yearly": 0,
            "eps_latest_yearly": 0,
            "eps_growth_yearly": 0
        },
        "20074": {
            "year_quarter": 20074,
            "year": 2007,
            "quarter": 4,
            "eps": null,
            "eps_growth_year": null,
            "eps_4q": null,
            "eps_4q_growth_year": null,
            "roe": null,
            "roe_4q": 0,
            "gross_profit": null,
            "gross_margin": null,
            "gross_margin_4q_avg": 0,
            "net_income": null,
            "net_income_4q": null,
            "revenue": null,
            "revenue_4q": null,
            "common_shares": 580000,
            "book_valuer_per_share": 17.17,
            "book_valuer_per_share_4q_avg": 4.29,
            "equity": 996053,
            "current_ratio": 125.4,
            "debt_ratio": 60.61,
            "inventory_turnover_ratio": null,
            "account_receivable_turnover_ratio": null,
            "reinvestment_rate": null,
            "research_to_sale_ratio": null,
            "price_fair": 0,
            "eps_avg_yearly": 0,
            "eps_latest_yearly": 0,
            "eps_growth_yearly": 0
        },
        "20081": {
            "year_quarter": 20081,
            "year": 2008,
            "quarter": 1,
            "eps": null,
            "eps_growth_year": null,
            "eps_4q": null,
            "eps_4q_growth_year": null,
            "roe": null,
            "roe_4q": 0,
            "gross_profit": null,
            "gross_margin": null,
            "gross_margin_4q_avg": 0,
            "net_income": null,
            "net_income_4q": null,
            "revenue": null,
            "revenue_4q": null,
            "common_shares": null,
            "book_valuer_per_share": null,
            "book_valuer_per_share_4q_avg": 4.29,
            "equity": null,
            "current_ratio": null,
            "debt_ratio": null,
            "inventory_turnover_ratio": null,
            "account_receivable_turnover_ratio": null,
            "reinvestment_rate": null,
            "research_to_sale_ratio": null,
            "price_fair": 0,
            "eps_avg_yearly": 0,
            "eps_latest_yearly": 0,
            "eps_growth_yearly": 0
        },
        "20082": {
            "year_quarter": 20082,
            "year": 2008,
            "quarter": 2,
            "eps": null,
            "eps_growth_year": null,
            "eps_4q": null,
            "eps_4q_growth_year": null,
            "roe": null,
            "roe_4q": 0,
            "gross_profit": null,
            "gross_margin": null,
            "gross_margin_4q_avg": 0,
            "net_income": null,
            "net_income_4q": null,
            "revenue": null,
            "revenue_4q": null,
            "common_shares": null,
            "book_valuer_per_share": null,
            "book_valuer_per_share_4q_avg": 4.29,
            "equity": null,
            "current_ratio": null,
            "debt_ratio": null,
            "inventory_turnover_ratio": null,
            "account_receivable_turnover_ratio": null,
            "reinvestment_rate": null,
            "research_to_sale_ratio": null,
            "price_fair": 0,
            "eps_avg_yearly": 0,
            "eps_latest_yearly": 0,
            "eps_growth_yearly": 0
        },
        "20083": {
            "year_quarter": 20083,
            "year": 2008,
            "quarter": 3,
            "eps": null,
            "eps_growth_year": null,
            "eps_4q": null,
            "eps_4q_growth_year": null,
            "roe": null,
            "roe_4q": 0,
            "gross_profit": null,
            "gross_margin": null,
            "gross_margin_4q_avg": 0,
            "net_income": null,
            "net_income_4q": null,
            "revenue": null,
            "revenue_4q": null,
            "common_shares": null,
            "book_valuer_per_share": null,
            "book_valuer_per_share_4q_avg": 4.29,
            "equity": null,
            "current_ratio": null,
            "debt_ratio": null,
            "inventory_turnover_ratio": null,
            "account_receivable_turnover_ratio": null,
            "reinvestment_rate": null,
            "research_to_sale_ratio": null,
            "price_fair": 0,
            "eps_avg_yearly": 0,
            "eps_latest_yearly": 0,
            "eps_growth_yearly": 0
        },
        "20084": {
            "year_quarter": 20084,
            "year": 2008,
            "quarter": 4,
            "eps": null,
            "eps_growth_year": null,
            "eps_4q": null,
            "eps_4q_growth_year": null,
            "roe": null,
            "roe_4q": 0,
            "gross_profit": null,
            "gross_margin": null,
            "gross_margin_4q_avg": 0,
            "net_income": null,
            "net_income_4q": null,
            "revenue": null,
            "revenue_4q": null,
            "common_shares": 580000,
            "book_valuer_per_share": 18.28,
            "book_valuer_per_share_4q_avg": 4.57,
            "equity": 1060035,
            "current_ratio": 128.81,
            "debt_ratio": 60.38,
            "inventory_turnover_ratio": null,
            "account_receivable_turnover_ratio": null,
            "reinvestment_rate": null,
            "research_to_sale_ratio": null,
            "price_fair": 0,
            "eps_avg_yearly": 0,
            "eps_latest_yearly": 0,
            "eps_growth_yearly": 0
        },
        "20091": {
            "year_quarter": 20091,
            "year": 2009,
            "quarter": 1,
            "eps": null,
            "eps_growth_year": null,
            "eps_4q": null,
            "eps_4q_growth_year": null,
            "roe": null,
            "roe_4q": 0,
            "gross_profit": null,
            "gross_margin": null,
            "gross_margin_4q_avg": 0,
            "net_income": null,
            "net_income_4q": null,
            "revenue": null,
            "revenue_4q": null,
            "common_shares": null,
            "book_valuer_per_share": null,
            "book_valuer_per_share_4q_avg": 4.57,
            "equity": null,
            "current_ratio": null,
            "debt_ratio": null,
            "inventory_turnover_ratio": null,
            "account_receivable_turnover_ratio": null,
            "reinvestment_rate": null,
            "research_to_sale_ratio": null,
            "price_fair": 0,
            "eps_avg_yearly": 0,
            "eps_latest_yearly": 0,
            "eps_growth_yearly": 0
        },
        "20092": {
            "year_quarter": 20092,
            "year": 2009,
            "quarter": 2,
            "eps": null,
            "eps_growth_year": null,
            "eps_4q": null,
            "eps_4q_growth_year": null,
            "roe": null,
            "roe_4q": 0,
            "gross_profit": null,
            "gross_margin": null,
            "gross_margin_4q_avg": 0,
            "net_income": null,
            "net_income_4q": null,
            "revenue": null,
            "revenue_4q": null,
            "common_shares": null,
            "book_valuer_per_share": null,
            "book_valuer_per_share_4q_avg": 4.57,
            "equity": null,
            "current_ratio": null,
            "debt_ratio": null,
            "inventory_turnover_ratio": null,
            "account_receivable_turnover_ratio": null,
            "reinvestment_rate": null,
            "research_to_sale_ratio": null,
            "price_fair": 0,
            "eps_avg_yearly": 0,
            "eps_latest_yearly": 0,
            "eps_growth_yearly": 0
        },
        "20093": {
            "year_quarter": 20093,
            "year": 2009,
            "quarter": 3,
            "eps": null,
            "eps_growth_year": null,
            "eps_4q": null,
            "eps_4q_growth_year": null,
            "roe": null,
            "roe_4q": 0,
            "gross_profit": null,
            "gross_margin": null,
            "gross_margin_4q_avg": 0,
            "net_income": null,
            "net_income_4q": null,
            "revenue": null,
            "revenue_4q": null,
            "common_shares": null,
            "book_valuer_per_share": null,
            "book_valuer_per_share_4q_avg": 4.57,
            "equity": null,
            "current_ratio": null,
            "debt_ratio": null,
            "inventory_turnover_ratio": null,
            "account_receivable_turnover_ratio": null,
            "reinvestment_rate": null,
            "research_to_sale_ratio": null,
            "price_fair": 0,
            "eps_avg_yearly": 0,
            "eps_latest_yearly": 0,
            "eps_growth_yearly": 0
        },
        "20094": {
            "year_quarter": 20094,
            "year": 2009,
            "quarter": 4,
            "eps": null,
            "eps_growth_year": null,
            "eps_4q": null,
            "eps_4q_growth_year": null,
            "roe": null,
            "roe_4q": 0,
            "gross_profit": null,
            "gross_margin": null,
            "gross_margin_4q_avg": 0,
            "net_income": null,
            "net_income_4q": null,
            "revenue": null,
            "revenue_4q": null,
            "common_shares": 580000,
            "book_valuer_per_share": 15.27,
            "book_valuer_per_share_4q_avg": 3.82,
            "equity": 885632,
            "current_ratio": 124.75,
            "debt_ratio": 56.21,
            "inventory_turnover_ratio": null,
            "account_receivable_turnover_ratio": null,
            "reinvestment_rate": null,
            "research_to_sale_ratio": null,
            "price_fair": 0,
            "eps_avg_yearly": 0,
            "eps_latest_yearly": 0,
            "eps_growth_yearly": 0
        },
        "20101": {
            "year_quarter": 20101,
            "year": 2010,
            "quarter": 1,
            "eps": null,
            "eps_growth_year": null,
            "eps_4q": null,
            "eps_4q_growth_year": null,
            "roe": null,
            "roe_4q": 0,
            "gross_profit": null,
            "gross_margin": null,
            "gross_margin_4q_avg": 0,
            "net_income": null,
            "net_income_4q": null,
            "revenue": null,
            "revenue_4q": null,
            "common_shares": null,
            "book_valuer_per_share": null,
            "book_valuer_per_share_4q_avg": 3.82,
            "equity": null,
            "current_ratio": null,
            "debt_ratio": null,
            "inventory_turnover_ratio": null,
            "account_receivable_turnover_ratio": null,
            "reinvestment_rate": null,
            "research_to_sale_ratio": null,
            "price_fair": 0,
            "eps_avg_yearly": 0,
            "eps_latest_yearly": 0,
            "eps_growth_yearly": 0
        },
        "20102": {
            "year_quarter": 20102,
            "year": 2010,
            "quarter": 2,
            "eps": null,
            "eps_growth_year": null,
            "eps_4q": null,
            "eps_4q_growth_year": null,
            "roe": null,
            "roe_4q": 0,
            "gross_profit": null,
            "gross_margin": null,
            "gross_margin_4q_avg": 0,
            "net_income": null,
            "net_income_4q": null,
            "revenue": null,
            "revenue_4q": null,
            "common_shares": 580000,
            "book_valuer_per_share": null,
            "book_valuer_per_share_4q_avg": 3.82,
            "equity": 1087957,
            "current_ratio": null,
            "debt_ratio": null,
            "inventory_turnover_ratio": null,
            "account_receivable_turnover_ratio": null,
            "reinvestment_rate": null,
            "research_to_sale_ratio": null,
            "price_fair": 0,
            "eps_avg_yearly": 0,
            "eps_latest_yearly": 0,
            "eps_growth_yearly": 0
        },
        "20103": {
            "year_quarter": 20103,
            "year": 2010,
            "quarter": 3,
            "eps": null,
            "eps_growth_year": null,
            "eps_4q": null,
            "eps_4q_growth_year": null,
            "roe": null,
            "roe_4q": 0,
            "gross_profit": null,
            "gross_margin": null,
            "gross_margin_4q_avg": 0,
            "net_income": null,
            "net_income_4q": null,
            "revenue": null,
            "revenue_4q": null,
            "common_shares": null,
            "book_valuer_per_share": null,
            "book_valuer_per_share_4q_avg": 3.82,
            "equity": null,
            "current_ratio": null,
            "debt_ratio": null,
            "inventory_turnover_ratio": null,
            "account_receivable_turnover_ratio": null,
            "reinvestment_rate": null,
            "research_to_sale_ratio": null,
            "price_fair": 0,
            "eps_avg_yearly": 0,
            "eps_latest_yearly": 0,
            "eps_growth_yearly": 0
        },
        "20104": {
            "year_quarter": 20104,
            "year": 2010,
            "quarter": 4,
            "eps": null,
            "eps_growth_year": null,
            "eps_4q": null,
            "eps_4q_growth_year": null,
            "roe": null,
            "roe_4q": 0,
            "gross_profit": null,
            "gross_margin": null,
            "gross_margin_4q_avg": 0,
            "net_income": null,
            "net_income_4q": null,
            "revenue": null,
            "revenue_4q": null,
            "common_shares": 616000,
            "book_valuer_per_share": 18.99,
            "book_valuer_per_share_4q_avg": 4.75,
            "equity": 1169639,
            "current_ratio": 145.45,
            "debt_ratio": 52.14,
            "inventory_turnover_ratio": null,
            "account_receivable_turnover_ratio": null,
            "reinvestment_rate": null,
            "research_to_sale_ratio": null,
            "price_fair": 0,
            "eps_avg_yearly": 0,
            "eps_latest_yearly": 0,
            "eps_growth_yearly": 0
        },
        "20111": {
            "year_quarter": 20111,
            "year": 2011,
            "quarter": 1,
            "eps": null,
            "eps_growth_year": null,
            "eps_4q": null,
            "eps_4q_growth_year": null,
            "roe": null,
            "roe_4q": 0,
            "gross_profit": null,
            "gross_margin": null,
            "gross_margin_4q_avg": 0,
            "net_income": null,
            "net_income_4q": null,
            "revenue": null,
            "revenue_4q": null,
            "common_shares": null,
            "book_valuer_per_share": null,
            "book_valuer_per_share_4q_avg": 4.75,
            "equity": null,
            "current_ratio": null,
            "debt_ratio": null,
            "inventory_turnover_ratio": null,
            "account_receivable_turnover_ratio": null,
            "reinvestment_rate": null,
            "research_to_sale_ratio": null,
            "price_fair": 0,
            "eps_avg_yearly": 0,
            "eps_latest_yearly": 0,
            "eps_growth_yearly": 0
        },
        "20112": {
            "year_quarter": 20112,
            "year": 2011,
            "quarter": 2,
            "eps": null,
            "eps_growth_year": null,
            "eps_4q": null,
            "eps_4q_growth_year": null,
            "roe": null,
            "roe_4q": 0,
            "gross_profit": null,
            "gross_margin": null,
            "gross_margin_4q_avg": 0,
            "net_income": null,
            "net_income_4q": null,
            "revenue": null,
            "revenue_4q": null,
            "common_shares": 616000,
            "book_valuer_per_share": 19.03,
            "book_valuer_per_share_4q_avg": 9.51,
            "equity": 1172100,
            "current_ratio": 133.97,
            "debt_ratio": 54.83,
            "inventory_turnover_ratio": null,
            "account_receivable_turnover_ratio": null,
            "reinvestment_rate": null,
            "research_to_sale_ratio": null,
            "price_fair": 0,
            "eps_avg_yearly": 0,
            "eps_latest_yearly": 0,
            "eps_growth_yearly": 0
        },
        "20113": {
            "year_quarter": 20113,
            "year": 2011,
            "quarter": 3,
            "eps": null,
            "eps_growth_year": null,
            "eps_4q": null,
            "eps_4q_growth_year": null,
            "roe": null,
            "roe_4q": 0,
            "gross_profit": null,
            "gross_margin": null,
            "gross_margin_4q_avg": 0,
            "net_income": null,
            "net_income_4q": null,
            "revenue": null,
            "revenue_4q": null,
            "common_shares": null,
            "book_valuer_per_share": null,
            "book_valuer_per_share_4q_avg": 9.51,
            "equity": null,
            "current_ratio": null,
            "debt_ratio": null,
            "inventory_turnover_ratio": null,
            "account_receivable_turnover_ratio": null,
            "reinvestment_rate": null,
            "research_to_sale_ratio": null,
            "price_fair": 0,
            "eps_avg_yearly": 0,
            "eps_latest_yearly": 0,
            "eps_growth_yearly": 0
        },
        "20114": {
            "year_quarter": 20114,
            "year": 2011,
            "quarter": 4,
            "eps": null,
            "eps_growth_year": null,
            "eps_4q": null,
            "eps_4q_growth_year": null,
            "roe": null,
            "roe_4q": 0,
            "gross_profit": null,
            "gross_margin": null,
            "gross_margin_4q_avg": 0,
            "net_income": null,
            "net_income_4q": null,
            "revenue": null,
            "revenue_4q": null,
            "common_shares": 616000,
            "book_valuer_per_share": 21.58,
            "book_valuer_per_share_4q_avg": 10.15,
            "equity": 1329365,
            "current_ratio": 128.68,
            "debt_ratio": 55.08,
            "inventory_turnover_ratio": null,
            "account_receivable_turnover_ratio": null,
            "reinvestment_rate": null,
            "research_to_sale_ratio": null,
            "price_fair": 0,
            "eps_avg_yearly": 0,
            "eps_latest_yearly": 0,
            "eps_growth_yearly": 0
        },
        "20121": {
            "year_quarter": 20121,
            "year": 2012,
            "quarter": 1,
            "eps": null,
            "eps_growth_year": null,
            "eps_4q": null,
            "eps_4q_growth_year": null,
            "roe": null,
            "roe_4q": 0,
            "gross_profit": null,
            "gross_margin": null,
            "gross_margin_4q_avg": 0,
            "net_income": null,
            "net_income_4q": null,
            "revenue": null,
            "revenue_4q": null,
            "common_shares": null,
            "book_valuer_per_share": null,
            "book_valuer_per_share_4q_avg": 10.15,
            "equity": null,
            "current_ratio": null,
            "debt_ratio": null,
            "inventory_turnover_ratio": null,
            "account_receivable_turnover_ratio": null,
            "reinvestment_rate": null,
            "research_to_sale_ratio": null,
            "price_fair": 0,
            "eps_avg_yearly": 0,
            "eps_latest_yearly": 0,
            "eps_growth_yearly": 0
        },
        "20122": {
            "year_quarter": 20122,
            "year": 2012,
            "quarter": 2,
            "eps": null,
            "eps_growth_year": null,
            "eps_4q": null,
            "eps_4q_growth_year": null,
            "roe": null,
            "roe_4q": 0,
            "gross_profit": null,
            "gross_margin": null,
            "gross_margin_4q_avg": 0,
            "net_income": null,
            "net_income_4q": null,
            "revenue": null,
            "revenue_4q": null,
            "common_shares": 616000,
            "book_valuer_per_share": 19.18,
            "book_valuer_per_share_4q_avg": 10.19,
            "equity": 1181275,
            "current_ratio": 113.92,
            "debt_ratio": 58.08,
            "inventory_turnover_ratio": null,
            "account_receivable_turnover_ratio": null,
            "reinvestment_rate": null,
            "research_to_sale_ratio": null,
            "price_fair": 0,
            "eps_avg_yearly": 0,
            "eps_latest_yearly": 0,
            "eps_growth_yearly": 0
        },
        "20123": {
            "year_quarter": 20123,
            "year": 2012,
            "quarter": 3,
            "eps": null,
            "eps_growth_year": null,
            "eps_4q": null,
            "eps_4q_growth_year": null,
            "roe": null,
            "roe_4q": 0,
            "gross_profit": null,
            "gross_margin": null,
            "gross_margin_4q_avg": 0,
            "net_income": null,
            "net_income_4q": null,
            "revenue": null,
            "revenue_4q": null,
            "common_shares": null,
            "book_valuer_per_share": null,
            "book_valuer_per_share_4q_avg": 10.19,
            "equity": null,
            "current_ratio": null,
            "debt_ratio": null,
            "inventory_turnover_ratio": null,
            "account_receivable_turnover_ratio": null,
            "reinvestment_rate": null,
            "research_to_sale_ratio": null,
            "price_fair": 0,
            "eps_avg_yearly": 0,
            "eps_latest_yearly": 0,
            "eps_growth_yearly": 0
        },
        "20124": {
            "year_quarter": 20124,
            "year": 2012,
            "quarter": 4,
            "eps": null,
            "eps_growth_year": null,
            "eps_4q": null,
            "eps_4q_growth_year": null,
            "roe": null,
            "roe_4q": 0,
            "gross_profit": null,
            "gross_margin": null,
            "gross_margin_4q_avg": 0,
            "net_income": null,
            "net_income_4q": null,
            "revenue": null,
            "revenue_4q": null,
            "common_shares": 616000,
            "book_valuer_per_share": 18.41,
            "book_valuer_per_share_4q_avg": 9.4,
            "equity": 1133793,
            "current_ratio": 122.91,
            "debt_ratio": 54.67,
            "inventory_turnover_ratio": null,
            "account_receivable_turnover_ratio": null,
            "reinvestment_rate": null,
            "research_to_sale_ratio": null,
            "price_fair": 0,
            "eps_avg_yearly": 0,
            "eps_latest_yearly": 0,
            "eps_growth_yearly": 0
        },
        "20131": {
            "year_quarter": 20131,
            "year": 2013,
            "quarter": 1,
            "eps": null,
            "eps_growth_year": null,
            "eps_4q": null,
            "eps_4q_growth_year": null,
            "roe": null,
            "roe_4q": 0,
            "gross_profit": null,
            "gross_margin": null,
            "gross_margin_4q_avg": 0,
            "net_income": null,
            "net_income_4q": null,
            "revenue": null,
            "revenue_4q": null,
            "common_shares": null,
            "book_valuer_per_share": null,
            "book_valuer_per_share_4q_avg": 9.4,
            "equity": null,
            "current_ratio": null,
            "debt_ratio": null,
            "inventory_turnover_ratio": null,
            "account_receivable_turnover_ratio": null,
            "reinvestment_rate": null,
            "research_to_sale_ratio": null,
            "price_fair": 0,
            "eps_avg_yearly": 0,
            "eps_latest_yearly": 0,
            "eps_growth_yearly": 0
        },
        "20132": {
            "year_quarter": 20132,
            "year": 2013,
            "quarter": 2,
            "eps": null,
            "eps_growth_year": null,
            "eps_4q": null,
            "eps_4q_growth_year": null,
            "roe": null,
            "roe_4q": 0,
            "gross_profit": null,
            "gross_margin": null,
            "gross_margin_4q_avg": 0,
            "net_income": null,
            "net_income_4q": null,
            "revenue": null,
            "revenue_4q": null,
            "common_shares": 616000,
            "book_valuer_per_share": 19.01,
            "book_valuer_per_share_4q_avg": 9.36,
            "equity": 1171278,
            "current_ratio": 124.8,
            "debt_ratio": 54.97,
            "inventory_turnover_ratio": null,
            "account_receivable_turnover_ratio": null,
            "reinvestment_rate": null,
            "research_to_sale_ratio": null,
            "price_fair": 0,
            "eps_avg_yearly": 0,
            "eps_latest_yearly": 0,
            "eps_growth_yearly": 0
        },
        "20133": {
            "year_quarter": 20133,
            "year": 2013,
            "quarter": 3,
            "eps": null,
            "eps_growth_year": null,
            "eps_4q": null,
            "eps_4q_growth_year": null,
            "roe": null,
            "roe_4q": 0,
            "gross_profit": 64214,
            "gross_margin": null,
            "gross_margin_4q_avg": 0,
            "net_income": 27671,
            "net_income_4q": null,
            "revenue": 682180,
            "revenue_4q": null,
            "common_shares": 616000,
            "book_valuer_per_share": 19.46,
            "book_valuer_per_share_4q_avg": 14.22,
            "equity": 1198949,
            "current_ratio": 132.82,
            "debt_ratio": 50.83,
            "inventory_turnover_ratio": null,
            "account_receivable_turnover_ratio": null,
            "reinvestment_rate": null,
            "research_to_sale_ratio": null,
            "price_fair": 0,
            "eps_avg_yearly": 0,
            "eps_latest_yearly": 0,
            "eps_growth_yearly": 0
        },
        "20134": {
            "year_quarter": 20134,
            "year": 2013,
            "quarter": 4,
            "eps": null,
            "eps_growth_year": null,
            "eps_4q": null,
            "eps_4q_growth_year": null,
            "roe": null,
            "roe_4q": 0,
            "gross_profit": 68011,
            "gross_margin": null,
            "gross_margin_4q_avg": 0,
            "net_income": 34434,
            "net_income_4q": null,
            "revenue": 723083,
            "revenue_4q": null,
            "common_shares": 616000,
            "book_valuer_per_share": 19.98,
            "book_valuer_per_share_4q_avg": 14.61,
            "equity": 1230820,
            "current_ratio": 137.79,
            "debt_ratio": 51.41,
            "inventory_turnover_ratio": null,
            "account_receivable_turnover_ratio": null,
            "reinvestment_rate": null,
            "research_to_sale_ratio": null,
            "price_fair": 0,
            "eps_avg_yearly": 0,
            "eps_latest_yearly": 0,
            "eps_growth_yearly": 0
        },
        "20141": {
            "year_quarter": 20141,
            "year": 2014,
            "quarter": 1,
            "eps": null,
            "eps_growth_year": null,
            "eps_4q": null,
            "eps_4q_growth_year": null,
            "roe": null,
            "roe_4q": 0,
            "gross_profit": 75551,
            "gross_margin": null,
            "gross_margin_4q_avg": 0,
            "net_income": 52738,
            "net_income_4q": null,
            "revenue": 645592,
            "revenue_4q": null,
            "common_shares": 616000,
            "book_valuer_per_share": 20.84,
            "book_valuer_per_share_4q_avg": 19.82,
            "equity": 1283558,
            "current_ratio": 168.36,
            "debt_ratio": 50.5,
            "inventory_turnover_ratio": null,
            "account_receivable_turnover_ratio": null,
            "reinvestment_rate": null,
            "research_to_sale_ratio": null,
            "price_fair": 0,
            "eps_avg_yearly": 0,
            "eps_latest_yearly": 0,
            "eps_growth_yearly": 0
        },
        "20142": {
            "year_quarter": 20142,
            "year": 2014,
            "quarter": 2,
            "eps": 0.52,
            "eps_growth_year": null,
            "eps_4q": 0.52,
            "eps_4q_growth_year": null,
            "roe": 2.56,
            "roe_4q": 2.56,
            "gross_profit": 80508,
            "gross_margin": 10.94,
            "gross_margin_4q_avg": 2.74,
            "net_income": 32135,
            "net_income_4q": null,
            "revenue": 736165,
            "revenue_4q": null,
            "common_shares": 616000,
            "book_valuer_per_share": 19.86,
            "book_valuer_per_share_4q_avg": 20.04,
            "equity": 1223293,
            "current_ratio": 147.92,
            "debt_ratio": 55.44,
            "inventory_turnover_ratio": 1.58,
            "account_receivable_turnover_ratio": 2.48,
            "reinvestment_rate": null,
            "research_to_sale_ratio": null,
            "price_fair": 0,
            "eps_avg_yearly": 0,
            "eps_latest_yearly": 0,
            "eps_growth_yearly": 0
        },
        "20143": {
            "year_quarter": 20143,
            "year": 2014,
            "quarter": 3,
            "eps": 0.73,
            "eps_growth_year": null,
            "eps_4q": 1.25,
            "eps_4q_growth_year": null,
            "roe": 3.62,
            "roe_4q": 6.18,
            "gross_profit": 71155,
            "gross_margin": 10.03,
            "gross_margin_4q_avg": 5.24,
            "net_income": 45131,
            "net_income_4q": null,
            "revenue": 709737,
            "revenue_4q": null,
            "common_shares": 616000,
            "book_valuer_per_share": 20.59,
            "book_valuer_per_share_4q_avg": 20.32,
            "equity": 1268424,
            "current_ratio": 156.43,
            "debt_ratio": 52.45,
            "inventory_turnover_ratio": 1.55,
            "account_receivable_turnover_ratio": 1.18,
            "reinvestment_rate": null,
            "research_to_sale_ratio": null,
            "price_fair": 102.2,
            "eps_avg_yearly": 2.92,
            "eps_latest_yearly": 2.92,
            "eps_growth_yearly": 161.54
        },
        "20144": {
            "year_quarter": 20144,
            "year": 2014,
            "quarter": 4,
            "eps": 0.64,
            "eps_growth_year": null,
            "eps_4q": 1.74,
            "eps_4q_growth_year": null,
            "roe": 3.23,
            "roe_4q": 9.41,
            "gross_profit": 63586,
            "gross_margin": 8.98,
            "gross_margin_4q_avg": 7.49,
            "net_income": 44458,
            "net_income_4q": null,
            "revenue": 708478,
            "revenue_4q": null,
            "common_shares": 700000,
            "book_valuer_per_share": 21.19,
            "book_valuer_per_share_4q_avg": 20.62,
            "equity": 1483083,
            "current_ratio": 176.08,
            "debt_ratio": 48.15,
            "inventory_turnover_ratio": 1.52,
            "account_receivable_turnover_ratio": 1.17,
            "reinvestment_rate": null,
            "research_to_sale_ratio": null,
            "price_fair": 95.9,
            "eps_avg_yearly": 2.74,
            "eps_latest_yearly": 2.56,
            "eps_growth_yearly": 56.11
        },
        "20151": {
            "year_quarter": 20151,
            "year": 2015,
            "quarter": 1,
            "eps": 0.39,
            "eps_growth_year": null,
            "eps_4q": 2.13,
            "eps_4q_growth_year": null,
            "roe": 1.83,
            "roe_4q": 11.24,
            "gross_profit": 65719,
            "gross_margin": 10.65,
            "gross_margin_4q_avg": 10.15,
            "net_income": 27368,
            "net_income_4q": null,
            "revenue": 616796,
            "revenue_4q": null,
            "common_shares": 700000,
            "book_valuer_per_share": 21.58,
            "book_valuer_per_share_4q_avg": 20.81,
            "equity": 1510451,
            "current_ratio": 185.5,
            "debt_ratio": 45.2,
            "inventory_turnover_ratio": 1.21,
            "account_receivable_turnover_ratio": 1.07,
            "reinvestment_rate": null,
            "research_to_sale_ratio": null,
            "price_fair": 7.04,
            "eps_avg_yearly": 2.35,
            "eps_latest_yearly": 1.56,
            "eps_growth_yearly": -14.68
        },
        "20152": {
            "year_quarter": 20152,
            "year": 2015,
            "quarter": 2,
            "eps": 0.32,
            "eps_growth_year": -38.66,
            "eps_4q": 1.99,
            "eps_4q_growth_year": 281.65,
            "roe": 1.54,
            "roe_4q": 10.219999999999999,
            "gross_profit": 65670,
            "gross_margin": 9.91,
            "gross_margin_4q_avg": 9.89,
            "net_income": 22411,
            "net_income_4q": null,
            "revenue": 662847,
            "revenue_4q": null,
            "common_shares": 700000,
            "book_valuer_per_share": 19.9,
            "book_valuer_per_share_4q_avg": 20.82,
            "equity": 1392862,
            "current_ratio": 162.76,
            "debt_ratio": 49.02,
            "inventory_turnover_ratio": 1.37,
            "account_receivable_turnover_ratio": 1.21,
            "reinvestment_rate": null,
            "research_to_sale_ratio": null,
            "price_fair": 6.24,
            "eps_avg_yearly": 2.08,
            "eps_latest_yearly": 1.28,
            "eps_growth_yearly": -28.96
        },
        "20153": {
            "year_quarter": 20153,
            "year": 2015,
            "quarter": 3,
            "eps": 0.75,
            "eps_growth_year": 2.74,
            "eps_4q": 2.09,
            "eps_4q_growth_year": 66.82,
            "roe": 3.68,
            "roe_4q": 10.280000000000001,
            "gross_profit": 32876,
            "gross_margin": 6.78,
            "gross_margin_4q_avg": 9.08,
            "net_income": 52237,
            "net_income_4q": null,
            "revenue": 484765,
            "revenue_4q": null,
            "common_shares": 700000,
            "book_valuer_per_share": 20.64,
            "book_valuer_per_share_4q_avg": 20.83,
            "equity": 1445099,
            "current_ratio": 171.39,
            "debt_ratio": 46.01,
            "inventory_turnover_ratio": 1.09,
            "account_receivable_turnover_ratio": 1,
            "reinvestment_rate": null,
            "research_to_sale_ratio": null,
            "price_fair": 79.24,
            "eps_avg_yearly": 2.26,
            "eps_latest_yearly": 3,
            "eps_growth_yearly": 84.34
        },
        "20154": {
            "year_quarter": 20154,
            "year": 2015,
            "quarter": 4,
            "eps": -0.1,
            "eps_growth_year": -115.35,
            "eps_4q": 1.36,
            "eps_4q_growth_year": -21.8,
            "roe": -0.47,
            "roe_4q": 6.58,
            "gross_profit": 38696,
            "gross_margin": 7.14,
            "gross_margin_4q_avg": 8.62,
            "net_income": -6825,
            "net_income_4q": null,
            "revenue": 542327,
            "revenue_4q": null,
            "common_shares": 700000,
            "book_valuer_per_share": 20.53,
            "book_valuer_per_share_4q_avg": 20.66,
            "equity": 1437032,
            "current_ratio": 177.02,
            "debt_ratio": 47.66,
            "inventory_turnover_ratio": 1.33,
            "account_receivable_turnover_ratio": 1.26,
            "reinvestment_rate": null,
            "research_to_sale_ratio": null,
            "price_fair": 79.24,
            "eps_avg_yearly": 2.26,
            "eps_latest_yearly": 3,
            "eps_growth_yearly": 84.34
        },
        "20161": {
            "year_quarter": 20161,
            "year": 2016,
            "quarter": 1,
            "eps": -0.14,
            "eps_growth_year": -135.9,
            "eps_4q": 0.83,
            "eps_4q_growth_year": -60.92,
            "roe": -0.68,
            "roe_4q": 4.07,
            "gross_profit": 37778,
            "gross_margin": 8.09,
            "gross_margin_4q_avg": 7.98,
            "net_income": -9760,
            "net_income_4q": null,
            "revenue": 466692,
            "revenue_4q": null,
            "common_shares": 700000,
            "book_valuer_per_share": 20.39,
            "book_valuer_per_share_4q_avg": 20.37,
            "equity": 1427616,
            "current_ratio": 141.25,
            "debt_ratio": 52,
            "inventory_turnover_ratio": 1.34,
            "account_receivable_turnover_ratio": 1.08,
            "reinvestment_rate": null,
            "research_to_sale_ratio": null,
            "price_fair": 79.24,
            "eps_avg_yearly": 2.26,
            "eps_latest_yearly": 3,
            "eps_growth_yearly": 84.34
        },
        "20162": {
            "year_quarter": 20162,
            "year": 2016,
            "quarter": 2,
            "eps": 0.62,
            "eps_growth_year": 93.75,
            "eps_4q": 1.13,
            "eps_4q_growth_year": -43.13,
            "roe": 3.13,
            "roe_4q": 5.66,
            "gross_profit": 65329,
            "gross_margin": 11.98,
            "gross_margin_4q_avg": 8.5,
            "net_income": 44967,
            "net_income_4q": null,
            "revenue": 545258,
            "revenue_4q": null,
            "common_shares": 700000,
            "book_valuer_per_share": 19.91,
            "book_valuer_per_share_4q_avg": 20.37,
            "equity": 1443584,
            "current_ratio": 137.43,
            "debt_ratio": 52.3,
            "inventory_turnover_ratio": 1.67,
            "account_receivable_turnover_ratio": 1.25,
            "reinvestment_rate": null,
            "research_to_sale_ratio": null,
            "price_fair": 79.24,
            "eps_avg_yearly": 2.26,
            "eps_latest_yearly": 3,
            "eps_growth_yearly": 84.34
        },
        "20163": {
            "year_quarter": 20163,
            "year": 2016,
            "quarter": 3,
            "eps": 0.32,
            "eps_growth_year": -57.33,
            "eps_4q": 0.71,
            "eps_4q_growth_year": -66.24,
            "roe": 1.47,
            "roe_4q": 3.4499999999999993,
            "gross_profit": 48940,
            "gross_margin": 9.73,
            "gross_margin_4q_avg": 9.24,
            "net_income": 21251,
            "net_income_4q": null,
            "revenue": 502996,
            "revenue_4q": null,
            "common_shares": 700000,
            "book_valuer_per_share": 20.03,
            "book_valuer_per_share_4q_avg": 20.22,
            "equity": 1457234,
            "current_ratio": 129.2,
            "debt_ratio": 52.62,
            "inventory_turnover_ratio": 1.55,
            "account_receivable_turnover_ratio": 1.17,
            "reinvestment_rate": null,
            "research_to_sale_ratio": null,
            "price_fair": 73.5,
            "eps_avg_yearly": 2.1,
            "eps_latest_yearly": 1.28,
            "eps_growth_yearly": 38.02
        },
        "20164": {
            "year_quarter": 20164,
            "year": 2016,
            "quarter": 4,
            "eps": 0.93,
            "eps_growth_year": null,
            "eps_4q": 1.73,
            "eps_4q_growth_year": 27.48,
            "roe": 4.3,
            "roe_4q": 8.219999999999999,
            "gross_profit": 86761,
            "gross_margin": 13.92,
            "gross_margin_4q_avg": 10.93,
            "net_income": 63742,
            "net_income_4q": null,
            "revenue": 623210,
            "revenue_4q": null,
            "common_shares": 700000,
            "book_valuer_per_share": 20.8,
            "book_valuer_per_share_4q_avg": 20.28,
            "equity": 1510090,
            "current_ratio": 130.12,
            "debt_ratio": 53.21,
            "inventory_turnover_ratio": 1.76,
            "account_receivable_turnover_ratio": 1.32,
            "reinvestment_rate": null,
            "research_to_sale_ratio": null,
            "price_fair": 81.6,
            "eps_avg_yearly": 2.33,
            "eps_latest_yearly": 3.72,
            "eps_growth_yearly": 141.52
        },
        "20171": {
            "year_quarter": 20171,
            "year": 2017,
            "quarter": 1,
            "eps": -0.37,
            "eps_growth_year": null,
            "eps_4q": 1.5,
            "eps_4q_growth_year": 79.84,
            "roe": -1.78,
            "roe_4q": 7.119999999999999,
            "gross_profit": 62442,
            "gross_margin": 11.54,
            "gross_margin_4q_avg": 11.79,
            "net_income": -26567,
            "net_income_4q": null,
            "revenue": 540863,
            "revenue_4q": null,
            "common_shares": 700000,
            "book_valuer_per_share": 20.37,
            "book_valuer_per_share_4q_avg": 20.28,
            "equity": 1477661,
            "current_ratio": 124.33,
            "debt_ratio": 55.4,
            "inventory_turnover_ratio": 1.35,
            "account_receivable_turnover_ratio": 1.07,
            "reinvestment_rate": null,
            "research_to_sale_ratio": null,
            "price_fair": 81.6,
            "eps_avg_yearly": 2.33,
            "eps_latest_yearly": 3.72,
            "eps_growth_yearly": 141.52
        },
        "20172": {
            "year_quarter": 20172,
            "year": 2017,
            "quarter": 2,
            "eps": 0.45,
            "eps_growth_year": -27.42,
            "eps_4q": 1.32,
            "eps_4q_growth_year": 16.97,
            "roe": 2.05,
            "roe_4q": 6.039999999999999,
            "gross_profit": 51549,
            "gross_margin": 9.32,
            "gross_margin_4q_avg": 11.13,
            "net_income": 29469,
            "net_income_4q": null,
            "revenue": 553257,
            "revenue_4q": null,
            "common_shares": 700000,
            "book_valuer_per_share": 19.32,
            "book_valuer_per_share_4q_avg": 20.13,
            "equity": 1402319,
            "current_ratio": 116.17,
            "debt_ratio": 58.73,
            "inventory_turnover_ratio": 1.09,
            "account_receivable_turnover_ratio": 1.15,
            "reinvestment_rate": 91.55,
            "research_to_sale_ratio": null,
            "price_fair": 81.6,
            "eps_avg_yearly": 2.33,
            "eps_latest_yearly": 3.72,
            "eps_growth_yearly": 141.52
        },
        "20173": {
            "year_quarter": 20173,
            "year": 2017,
            "quarter": 3,
            "eps": 0.21,
            "eps_growth_year": -34.38,
            "eps_4q": 1.21,
            "eps_4q_growth_year": 71.78,
            "roe": 0.98,
            "roe_4q": 5.55,
            "gross_profit": 51397,
            "gross_margin": 8.07,
            "gross_margin_4q_avg": 10.71,
            "net_income": 13771,
            "net_income_4q": null,
            "revenue": 636553,
            "revenue_4q": null,
            "common_shares": 700000,
            "book_valuer_per_share": 19.53,
            "book_valuer_per_share_4q_avg": 20.01,
            "equity": 1416152,
            "current_ratio": 107.36,
            "debt_ratio": 60.32,
            "inventory_turnover_ratio": 1.13,
            "account_receivable_turnover_ratio": 1.27,
            "reinvestment_rate": 95.3,
            "research_to_sale_ratio": null,
            "price_fair": 75.08,
            "eps_avg_yearly": 2.15,
            "eps_latest_yearly": 0.84,
            "eps_growth_yearly": 97.16
        },
        "20174": {
            "year_quarter": 20174,
            "year": 2017,
            "quarter": 4,
            "eps": 0.12,
            "eps_growth_year": -86.81,
            "eps_4q": 0.41,
            "eps_4q_growth_year": -76.54,
            "roe": 0.54,
            "roe_4q": 1.7899999999999998,
            "gross_profit": 62281,
            "gross_margin": 8.69,
            "gross_margin_4q_avg": 9.41,
            "net_income": 7737,
            "net_income_4q": null,
            "revenue": 717064,
            "revenue_4q": null,
            "common_shares": 700000,
            "book_valuer_per_share": 19.68,
            "book_valuer_per_share_4q_avg": 19.73,
            "equity": 1472792,
            "current_ratio": 109.29,
            "debt_ratio": 59.4,
            "inventory_turnover_ratio": 1.25,
            "account_receivable_turnover_ratio": 1.29,
            "reinvestment_rate": 126.36,
            "research_to_sale_ratio": null,
            "price_fair": 68.6,
            "eps_avg_yearly": 1.96,
            "eps_latest_yearly": 0.48,
            "eps_growth_yearly": 67.32
        },
        "20181": {
            "year_quarter": 20181,
            "year": 2018,
            "quarter": 1,
            "eps": 0.01,
            "eps_growth_year": null,
            "eps_4q": 0.79,
            "eps_4q_growth_year": -47.56,
            "roe": 0.09,
            "roe_4q": 3.6599999999999997,
            "gross_profit": 64842,
            "gross_margin": 9.43,
            "gross_margin_4q_avg": 8.88,
            "net_income": 1260,
            "net_income_4q": null,
            "revenue": 687600,
            "revenue_4q": null,
            "common_shares": 700000,
            "book_valuer_per_share": 19.7,
            "book_valuer_per_share_4q_avg": 19.56,
            "equity": 1432059,
            "current_ratio": 106.51,
            "debt_ratio": 60.37,
            "inventory_turnover_ratio": 1.18,
            "account_receivable_turnover_ratio": 1.21,
            "reinvestment_rate": 142.72,
            "research_to_sale_ratio": null,
            "price_fair": 59.97,
            "eps_avg_yearly": 1.77,
            "eps_latest_yearly": 0.04,
            "eps_growth_yearly": 23.92
        },
        "20182": {
            "year_quarter": 20182,
            "year": 2018,
            "quarter": 2,
            "eps": 0.7,
            "eps_growth_year": 55.56,
            "eps_4q": 1.04,
            "eps_4q_growth_year": -21.44,
            "roe": 3.49,
            "roe_4q": 5.1,
            "gross_profit": 47370,
            "gross_margin": 6.95,
            "gross_margin_4q_avg": 8.29,
            "net_income": 49680,
            "net_income_4q": null,
            "revenue": 681323,
            "revenue_4q": null,
            "common_shares": 700000,
            "book_valuer_per_share": 19.46,
            "book_valuer_per_share_4q_avg": 19.59,
            "equity": 1414589,
            "current_ratio": 105.44,
            "debt_ratio": 58.23,
            "inventory_turnover_ratio": 1.05,
            "account_receivable_turnover_ratio": 1.2,
            "reinvestment_rate": 136.7,
            "research_to_sale_ratio": null,
            "price_fair": 65.16,
            "eps_avg_yearly": 1.86,
            "eps_latest_yearly": 2.8,
            "eps_growth_yearly": 2530.84
        },
        "20183": {
            "year_quarter": 20183,
            "year": 2018,
            "quarter": 3,
            "eps": 0.03,
            "eps_growth_year": -85.71,
            "eps_4q": 0.87,
            "eps_4q_growth_year": -28.72,
            "roe": 0.28,
            "roe_4q": 4.4,
            "gross_profit": 48189,
            "gross_margin": 6.89,
            "gross_margin_4q_avg": 7.99,
            "net_income": 4007,
            "net_income_4q": null,
            "revenue": 699777,
            "revenue_4q": null,
            "common_shares": 700000,
            "book_valuer_per_share": 19.46,
            "book_valuer_per_share_4q_avg": 19.58,
            "equity": 1437492,
            "current_ratio": 107.76,
            "debt_ratio": 56.86,
            "inventory_turnover_ratio": 0.93,
            "account_receivable_turnover_ratio": 1.17,
            "reinvestment_rate": 155.28,
            "research_to_sale_ratio": null,
            "price_fair": 56.25,
            "eps_avg_yearly": 1.61,
            "eps_latest_yearly": 0.12,
            "eps_growth_yearly": 2481.35
        },
        "20184": {
            "year_quarter": 20184,
            "year": 2018,
            "quarter": 4,
            "eps": 0.28,
            "eps_growth_year": 124.59,
            "eps_4q": 1.02,
            "eps_4q_growth_year": 150.32,
            "roe": 1.32,
            "roe_4q": 5.18,
            "gross_profit": 51228,
            "gross_margin": 7.61,
            "gross_margin_4q_avg": 7.72,
            "net_income": 18601,
            "net_income_4q": null,
            "revenue": 673276,
            "revenue_4q": null,
            "common_shares": 700000,
            "book_valuer_per_share": 19.69,
            "book_valuer_per_share_4q_avg": 19.58,
            "equity": 1379705,
            "current_ratio": 107.95,
            "debt_ratio": 57.73,
            "inventory_turnover_ratio": 0.83,
            "account_receivable_turnover_ratio": 1.15,
            "reinvestment_rate": 141.29,
            "research_to_sale_ratio": null,
            "price_fair": 51.67,
            "eps_avg_yearly": 1.48,
            "eps_latest_yearly": 1.12,
            "eps_growth_yearly": 2788.86
        },
        "20191": {
            "year_quarter": 20191,
            "year": 2019,
            "quarter": 1,
            "eps": -0.12,
            "eps_growth_year": -1300,
            "eps_4q": 0.89,
            "eps_4q_growth_year": 13.31,
            "roe": -0.63,
            "roe_4q": 4.46,
            "gross_profit": 10525,
            "gross_margin": 1.99,
            "gross_margin_4q_avg": 5.86,
            "net_income": -8648,
            "net_income_4q": null,
            "revenue": 528657,
            "revenue_4q": null,
            "common_shares": 700000,
            "book_valuer_per_share": 19.63,
            "book_valuer_per_share_4q_avg": 19.56,
            "equity": 1375182,
            "current_ratio": 107.97,
            "debt_ratio": 55.77,
            "inventory_turnover_ratio": 0.66,
            "account_receivable_turnover_ratio": 1.03,
            "reinvestment_rate": 158.19,
            "research_to_sale_ratio": 0.39,
            "price_fair": 51.38,
            "eps_avg_yearly": 1.47,
            "eps_latest_yearly": 1.12,
            "eps_growth_yearly": 3083.37
        },
        "20192": {
            "year_quarter": 20192,
            "year": 2019,
            "quarter": 2,
            "eps": 0.04,
            "eps_growth_year": -94.29,
            "eps_4q": 0.23,
            "eps_4q_growth_year": -77.76,
            "roe": 0.22,
            "roe_4q": 1.19,
            "gross_profit": 29680,
            "gross_margin": 5.33,
            "gross_margin_4q_avg": 5.46,
            "net_income": 3008,
            "net_income_4q": null,
            "revenue": 556691,
            "revenue_4q": null,
            "common_shares": 700000,
            "book_valuer_per_share": 18.72,
            "book_valuer_per_share_4q_avg": 19.38,
            "equity": 1311442,
            "current_ratio": 103.36,
            "debt_ratio": 56.44,
            "inventory_turnover_ratio": 0.67,
            "account_receivable_turnover_ratio": 1.18,
            "reinvestment_rate": 168.64,
            "research_to_sale_ratio": 0.06,
            "price_fair": 52.11,
            "eps_avg_yearly": 1.49,
            "eps_latest_yearly": 1.12,
            "eps_growth_yearly": 3433.94
        },
        "20193": {
            "year_quarter": 20193,
            "year": 2019,
            "quarter": 3,
            "eps": -0.23,
            "eps_growth_year": -866.67,
            "eps_4q": -0.03,
            "eps_4q_growth_year": -103.9,
            "roe": -1.24,
            "roe_4q": -0.32999999999999985,
            "gross_profit": 3931,
            "gross_margin": 0.75,
            "gross_margin_4q_avg": 3.92,
            "net_income": -16164,
            "net_income_4q": null,
            "revenue": 527081,
            "revenue_4q": null,
            "common_shares": 700000,
            "book_valuer_per_share": 18.49,
            "book_valuer_per_share_4q_avg": 19.13,
            "equity": 1295501,
            "current_ratio": 102.45,
            "debt_ratio": 56.02,
            "inventory_turnover_ratio": 0.77,
            "account_receivable_turnover_ratio": 1.12,
            "reinvestment_rate": 214.11,
            "research_to_sale_ratio": 0.06,
            "price_fair": 45.5,
            "eps_avg_yearly": 1.3,
            "eps_latest_yearly": 1.12,
            "eps_growth_yearly": 3796
        },
        "20194": {
            "year_quarter": 20194,
            "year": 2019,
            "quarter": 4,
            "eps": -0.52,
            "eps_growth_year": -288.49,
            "eps_4q": -0.83,
            "eps_4q_growth_year": -181.58,
            "roe": -2.83,
            "roe_4q": -4.48,
            "gross_profit": 12558,
            "gross_margin": 2.42,
            "gross_margin_4q_avg": 2.62,
            "net_income": -36024,
            "net_income_4q": null,
            "revenue": 518940,
            "revenue_4q": null,
            "common_shares": 700000,
            "book_valuer_per_share": 18.05,
            "book_valuer_per_share_4q_avg": 18.72,
            "equity": 1254687,
            "current_ratio": 98.57,
            "debt_ratio": 57.28,
            "inventory_turnover_ratio": 0.94,
            "account_receivable_turnover_ratio": 1.15,
            "reinvestment_rate": 97.23,
            "research_to_sale_ratio": 0.12,
            "price_fair": 45.5,
            "eps_avg_yearly": 1.3,
            "eps_latest_yearly": 1.12,
            "eps_growth_yearly": 3796
        },
        "20201": {
            "year_quarter": 20201,
            "year": 2020,
            "quarter": 1,
            "eps": -0.65,
            "eps_growth_year": null,
            "eps_4q": -1.36,
            "eps_4q_growth_year": -252.65,
            "roe": -3.76,
            "roe_4q": -7.61,
            "gross_profit": -4738,
            "gross_margin": -1.14,
            "gross_margin_4q_avg": 1.84,
            "net_income": -45319,
            "net_income_4q": null,
            "revenue": 413945,
            "revenue_4q": null,
            "common_shares": 700000,
            "book_valuer_per_share": 16.66,
            "book_valuer_per_share_4q_avg": 17.98,
            "equity": 1155525,
            "current_ratio": 93.98,
            "debt_ratio": 60.1,
            "inventory_turnover_ratio": 0.91,
            "account_receivable_turnover_ratio": 0.97,
            "reinvestment_rate": 5.87,
            "research_to_sale_ratio": 0.09,
            "price_fair": 45.5,
            "eps_avg_yearly": 1.3,
            "eps_latest_yearly": 1.12,
            "eps_growth_yearly": 3796
        },
        "20202": {
            "year_quarter": 20202,
            "year": 2020,
            "quarter": 2,
            "eps": -0.58,
            "eps_growth_year": -1550,
            "eps_4q": -1.99,
            "eps_4q_growth_year": -960.88,
            "roe": -3.54,
            "roe_4q": -11.37,
            "gross_profit": -21833,
            "gross_margin": -6.57,
            "gross_margin_4q_avg": -1.14,
            "net_income": -40289,
            "net_income_4q": null,
            "revenue": 332232,
            "revenue_4q": null,
            "common_shares": 696300,
            "book_valuer_per_share": 16.19,
            "book_valuer_per_share_4q_avg": 17.35,
            "equity": 1119108,
            "current_ratio": 90.35,
            "debt_ratio": 59.54,
            "inventory_turnover_ratio": 0.8,
            "account_receivable_turnover_ratio": 0.92,
            "reinvestment_rate": -81.49,
            "research_to_sale_ratio": 0.08,
            "price_fair": 45.5,
            "eps_avg_yearly": 1.3,
            "eps_latest_yearly": 1.12,
            "eps_growth_yearly": 3796
        },
        "20203": {
            "year_quarter": 20203,
            "year": 2020,
            "quarter": 3,
            "eps": -0.45,
            "eps_growth_year": null,
            "eps_4q": -2.2,
            "eps_4q_growth_year": null,
            "roe": -2.84,
            "roe_4q": -12.97,
            "gross_profit": 10235,
            "gross_margin": 2.41,
            "gross_margin_4q_avg": -0.72,
            "net_income": -31254,
            "net_income_4q": null,
            "revenue": 424645,
            "revenue_4q": null,
            "common_shares": 696300,
            "book_valuer_per_share": 15.64,
            "book_valuer_per_share_4q_avg": 16.64,
            "equity": 1084728,
            "current_ratio": 89.53,
            "debt_ratio": 61.34,
            "inventory_turnover_ratio": 1.01,
            "account_receivable_turnover_ratio": 1.23,
            "reinvestment_rate": null,
            "research_to_sale_ratio": 0.06,
            "price_fair": 45.6,
            "eps_avg_yearly": 1.3,
            "eps_latest_yearly": 1.12,
            "eps_growth_yearly": 4365.94
        },
        "20204": {
            "year_quarter": 20204,
            "year": 2020,
            "quarter": 4,
            "eps": 0.19,
            "eps_growth_year": null,
            "eps_4q": -1.49,
            "eps_4q_growth_year": null,
            "roe": 1.21,
            "roe_4q": -8.93,
            "gross_profit": 38691,
            "gross_margin": 7.63,
            "gross_margin_4q_avg": 0.58,
            "net_income": 13174,
            "net_income_4q": null,
            "revenue": 506916,
            "revenue_4q": null,
            "common_shares": 696300,
            "book_valuer_per_share": 15.84,
            "book_valuer_per_share_4q_avg": 16.08,
            "equity": 1099064,
            "current_ratio": 64,
            "debt_ratio": 61.35,
            "inventory_turnover_ratio": 1.39,
            "account_receivable_turnover_ratio": 1.2,
            "reinvestment_rate": null,
            "research_to_sale_ratio": 0.04,
            "price_fair": 31.5,
            "eps_avg_yearly": 0.9,
            "eps_latest_yearly": 1.12,
            "eps_growth_yearly": 4966.51
        },
        "20211": {
            "year_quarter": 20211,
            "year": 2021,
            "quarter": 1,
            "eps": 0.26,
            "eps_growth_year": null,
            "eps_4q": -0.59,
            "eps_4q_growth_year": null,
            "roe": 1.63,
            "roe_4q": -3.54,
            "gross_profit": 51783,
            "gross_margin": 9,
            "gross_margin_4q_avg": 3.12,
            "net_income": 17796,
            "net_income_4q": null,
            "revenue": 575614,
            "revenue_4q": null,
            "common_shares": 696300,
            "book_valuer_per_share": 15.57,
            "book_valuer_per_share_4q_avg": 15.81,
            "equity": 1080157,
            "current_ratio": 69.81,
            "debt_ratio": 65.66,
            "inventory_turnover_ratio": 1.43,
            "account_receivable_turnover_ratio": 1.15,
            "reinvestment_rate": null,
            "research_to_sale_ratio": 0.07,
            "price_fair": 32.2,
            "eps_avg_yearly": 0.92,
            "eps_latest_yearly": 1.04,
            "eps_growth_yearly": 4278.06
        },
        "20212": {
            "year_quarter": 20212,
            "year": 2021,
            "quarter": 2,
            "eps": 0.38,
            "eps_growth_year": null,
            "eps_4q": 0.38,
            "eps_4q_growth_year": null,
            "roe": 2.44,
            "roe_4q": 2.4400000000000004,
            "gross_profit": 81462,
            "gross_margin": 11.44,
            "gross_margin_4q_avg": 7.62,
            "net_income": 26636,
            "net_income_4q": null,
            "revenue": 711811,
            "revenue_4q": null,
            "common_shares": 696300,
            "book_valuer_per_share": 15.9,
            "book_valuer_per_share_4q_avg": 15.74,
            "equity": 1103072,
            "current_ratio": 74.08,
            "debt_ratio": 66.73,
            "inventory_turnover_ratio": 1.46,
            "account_receivable_turnover_ratio": 1.2,
            "reinvestment_rate": null,
            "research_to_sale_ratio": 0.08,
            "price_fair": 34.83,
            "eps_avg_yearly": 1,
            "eps_latest_yearly": 1.52,
            "eps_growth_yearly": 3766.38
        },
        "20213": {
            "year_quarter": 20213,
            "year": 2021,
            "quarter": 3,
            "eps": 0.75,
            "eps_growth_year": null,
            "eps_4q": 1.58,
            "eps_4q_growth_year": null,
            "roe": 4.61,
            "roe_4q": 9.89,
            "gross_profit": 88520,
            "gross_margin": 11.65,
            "gross_margin_4q_avg": 9.93,
            "net_income": 52081,
            "net_income_4q": null,
            "revenue": 759665,
            "revenue_4q": null,
            "common_shares": 696300,
            "book_valuer_per_share": 16.63,
            "book_valuer_per_share_4q_avg": 15.99,
            "equity": 1154010,
            "current_ratio": 76.36,
            "debt_ratio": 65.59,
            "inventory_turnover_ratio": 1.52,
            "account_receivable_turnover_ratio": 1.14,
            "reinvestment_rate": -977.45,
            "research_to_sale_ratio": 0.11,
            "price_fair": 44.28,
            "eps_avg_yearly": 1.27,
            "eps_latest_yearly": 3,
            "eps_growth_yearly": 3841.73
        },
        "20214": {
            "year_quarter": 20214,
            "year": 2021,
            "quarter": 4,
            "eps": 0.42,
            "eps_growth_year": 122.99,
            "eps_4q": 1.81,
            "eps_4q_growth_year": null,
            "roe": 2.49,
            "roe_4q": 11.170000000000002,
            "gross_profit": 64069,
            "gross_margin": 9.87,
            "gross_margin_4q_avg": 10.49,
            "net_income": 29140,
            "net_income_4q": null,
            "revenue": 649076,
            "revenue_4q": null,
            "common_shares": 696300,
            "book_valuer_per_share": 17.06,
            "book_valuer_per_share_4q_avg": 16.29,
            "equity": 1183485,
            "current_ratio": 76.84,
            "debt_ratio": 64.93,
            "inventory_turnover_ratio": 1.04,
            "account_receivable_turnover_ratio": 1,
            "reinvestment_rate": -741.33,
            "research_to_sale_ratio": 0.1,
            "price_fair": 49.53,
            "eps_avg_yearly": 1.42,
            "eps_latest_yearly": 1.68,
            "eps_growth_yearly": 3841.16
        },
        "20221": {
            "year_quarter": 20221,
            "year": 2022,
            "quarter": 1,
            "eps": 0.57,
            "eps_growth_year": 119.23,
            "eps_4q": 2.12,
            "eps_4q_growth_year": null,
            "roe": 3.35,
            "roe_4q": 12.889999999999999,
            "gross_profit": 57080,
            "gross_margin": 8.89,
            "gross_margin_4q_avg": 10.46,
            "net_income": 39179,
            "net_income_4q": null,
            "revenue": 641732,
            "revenue_4q": null,
            "common_shares": 696300,
            "book_valuer_per_share": 16.65,
            "book_valuer_per_share_4q_avg": 16.56,
            "equity": 1155033,
            "current_ratio": 76.14,
            "debt_ratio": 65.58,
            "inventory_turnover_ratio": 0.84,
            "account_receivable_turnover_ratio": 1.06,
            "reinvestment_rate": -342.13,
            "research_to_sale_ratio": 0.11,
            "price_fair": 59.33,
            "eps_avg_yearly": 1.7,
            "eps_latest_yearly": 2.28,
            "eps_growth_yearly": 3904.85
        },
        "20222": {
            "year_quarter": 20222,
            "year": 2022,
            "quarter": 2,
            "eps": 0.55,
            "eps_growth_year": 44.74,
            "eps_4q": 2.29,
            "eps_4q_growth_year": 501.02,
            "roe": 3.27,
            "roe_4q": 13.719999999999999,
            "gross_profit": 61090,
            "gross_margin": 10.39,
            "gross_margin_4q_avg": 10.2,
            "net_income": 38335,
            "net_income_4q": null,
            "revenue": 588199,
            "revenue_4q": null,
            "common_shares": 696300,
            "book_valuer_per_share": 17.19,
            "book_valuer_per_share_4q_avg": 16.88,
            "equity": 1192341,
            "current_ratio": 82.84,
            "debt_ratio": 64.58,
            "inventory_turnover_ratio": 0.67,
            "account_receivable_turnover_ratio": 1.03,
            "reinvestment_rate": -381.07,
            "research_to_sale_ratio": 0.09,
            "price_fair": 56.7,
            "eps_avg_yearly": 1.62,
            "eps_latest_yearly": 2.2,
            "eps_growth_yearly": 453.09
        },
        "20223": {
            "year_quarter": 20223,
            "year": 2022,
            "quarter": 3,
            "eps": 0.42,
            "eps_growth_year": -44,
            "eps_4q": 1.96,
            "eps_4q_growth_year": 24.07,
            "roe": 2.42,
            "roe_4q": 11.53,
            "gross_profit": 35367,
            "gross_margin": 7.31,
            "gross_margin_4q_avg": 9.12,
            "net_income": 29166,
            "net_income_4q": null,
            "revenue": 483931,
            "revenue_4q": null,
            "common_shares": 696300,
            "book_valuer_per_share": 17.63,
            "book_valuer_per_share_4q_avg": 17.13,
            "equity": 1223051,
            "current_ratio": 93.57,
            "debt_ratio": 58.47,
            "inventory_turnover_ratio": 0.52,
            "account_receivable_turnover_ratio": 0.95,
            "reinvestment_rate": -268.34,
            "research_to_sale_ratio": 0.12,
            "price_fair": 63.53,
            "eps_avg_yearly": 1.82,
            "eps_latest_yearly": 1.68,
            "eps_growth_yearly": 489.13
        },
        "20224": {
            "year_quarter": 20224,
            "year": 2022,
            "quarter": 4,
            "eps": -0.4,
            "eps_growth_year": -194.85,
            "eps_4q": 1.14,
            "eps_4q_growth_year": -36.97,
            "roe": -2.29,
            "roe_4q": 6.75,
            "gross_profit": 27434,
            "gross_margin": 6.21,
            "gross_margin_4q_avg": 8.2,
            "net_income": -27688,
            "net_income_4q": null,
            "revenue": 441771,
            "revenue_4q": null,
            "common_shares": 696300,
            "book_valuer_per_share": 17.26,
            "book_valuer_per_share_4q_avg": 17.18,
            "equity": 1197045,
            "current_ratio": 90.44,
            "debt_ratio": 56.22,
            "inventory_turnover_ratio": 0.55,
            "account_receivable_turnover_ratio": 1.02,
            "reinvestment_rate": -322.23,
            "research_to_sale_ratio": 0.13,
            "price_fair": 67,
            "eps_avg_yearly": 1.91,
            "eps_latest_yearly": 1.68,
            "eps_growth_yearly": 82.82
        },
        "20231": {
            "year_quarter": 20231,
            "year": 2023,
            "quarter": 1,
            "eps": -0.63,
            "eps_growth_year": -210.53,
            "eps_4q": -0.06,
            "eps_4q_growth_year": -102.71,
            "roe": -3.85,
            "roe_4q": -0.4500000000000006,
            "gross_profit": -20479,
            "gross_margin": -5.57,
            "gross_margin_4q_avg": 4.59,
            "net_income": -43921,
            "net_income_4q": null,
            "revenue": 367482,
            "revenue_4q": null,
            "common_shares": 696300,
            "book_valuer_per_share": 15.62,
            "book_valuer_per_share_4q_avg": 16.93,
            "equity": 1083617,
            "current_ratio": 83.34,
            "debt_ratio": 58.25,
            "inventory_turnover_ratio": 0.66,
            "account_receivable_turnover_ratio": 0.98,
            "reinvestment_rate": -1365.94,
            "research_to_sale_ratio": 0.2,
            "price_fair": 67,
            "eps_avg_yearly": 1.91,
            "eps_latest_yearly": 1.68,
            "eps_growth_yearly": 82.82
        },
        "20232": {
            "year_quarter": 20232,
            "year": 2023,
            "quarter": 2,
            "eps": -0.08,
            "eps_growth_year": -114.55,
            "eps_4q": -0.69,
            "eps_4q_growth_year": -130.1,
            "roe": -0.49,
            "roe_4q": -4.21,
            "gross_profit": 10732,
            "gross_margin": 3.13,
            "gross_margin_4q_avg": 2.77,
            "net_income": -5341,
            "net_income_4q": null,
            "revenue": 342853,
            "revenue_4q": null,
            "common_shares": 696300,
            "book_valuer_per_share": 15.54,
            "book_valuer_per_share_4q_avg": 16.51,
            "equity": 1078386,
            "current_ratio": 82.11,
            "debt_ratio": 57.2,
            "inventory_turnover_ratio": 0.68,
            "account_receivable_turnover_ratio": 0.99,
            "reinvestment_rate": null,
            "research_to_sale_ratio": 0.37,
            "price_fair": 67,
            "eps_avg_yearly": 1.91,
            "eps_latest_yearly": 1.68,
            "eps_growth_yearly": 82.82
        },
        "20233": {
            "year_quarter": 20233,
            "year": 2023,
            "quarter": 3,
            "eps": -0.22,
            "eps_growth_year": -152.38,
            "eps_4q": -1.33,
            "eps_4q_growth_year": -167.99,
            "roe": -1.45,
            "roe_4q": -8.08,
            "gross_profit": 119,
            "gross_margin": 0.03,
            "gross_margin_4q_avg": 0.95,
            "net_income": -15489,
            "net_income_4q": null,
            "revenue": 352050,
            "revenue_4q": null,
            "common_shares": 696300,
            "book_valuer_per_share": 15.32,
            "book_valuer_per_share_4q_avg": 15.94,
            "equity": 1062902,
            "current_ratio": 81.48,
            "debt_ratio": 57.81,
            "inventory_turnover_ratio": 0.87,
            "account_receivable_turnover_ratio": 1.03,
            "reinvestment_rate": -19341.7,
            "research_to_sale_ratio": 0.53,
            "price_fair": 67,
            "eps_avg_yearly": 1.91,
            "eps_latest_yearly": 1.68,
            "eps_growth_yearly": 82.82
        }
    },
    "months": {
        "2011-10": {
            "month": "2011-10",
            "price": "21.27",
            "revenue": 267424
        },
        "2011-11": {
            "month": "2011-11",
            "price": "21.83",
            "revenue": 319660
        },
        "2011-12": {
            "month": "2011-12",
            "price": "21.64",
            "revenue": 292201
        },
        "2012-01": {
            "month": "2012-01",
            "price": "21.37",
            "revenue": 183641
        },
        "2012-02": {
            "month": "2012-02",
            "price": "22.12",
            "revenue": 309682
        },
        "2012-03": {
            "month": "2012-03",
            "price": "23.71",
            "revenue": 357619
        },
        "2012-04": {
            "month": "2012-04",
            "price": "24.50",
            "revenue": 273749
        },
        "2012-05": {
            "month": "2012-05",
            "price": "23.59",
            "revenue": 299445
        },
        "2012-06": {
            "month": "2012-06",
            "price": "22.07",
            "revenue": 272711
        },
        "2012-07": {
            "month": "2012-07",
            "price": "20.88",
            "revenue": 216730
        },
        "2012-08": {
            "month": "2012-08",
            "price": "20.48",
            "revenue": 261386
        },
        "2012-09": {
            "month": "2012-09",
            "price": "20.60",
            "revenue": 184964
        },
        "2012-10": {
            "month": "2012-10",
            "price": "20.25",
            "revenue": 225917
        },
        "2012-11": {
            "month": "2012-11",
            "price": "20.05",
            "revenue": 201509
        },
        "2012-12": {
            "month": "2012-12",
            "price": "20.10",
            "revenue": 212095
        },
        "2013-01": {
            "month": "2013-01",
            "price": "19.39",
            "revenue": 285462
        },
        "2013-02": {
            "month": "2013-02",
            "price": "19.32",
            "revenue": 178157
        },
        "2013-03": {
            "month": "2013-03",
            "price": "20.19",
            "revenue": 266917
        },
        "2013-04": {
            "month": "2013-04",
            "price": "19.58",
            "revenue": 236831
        },
        "2013-05": {
            "month": "2013-05",
            "price": "19.92",
            "revenue": 253961
        },
        "2013-06": {
            "month": "2013-06",
            "price": "19.79",
            "revenue": 219561
        },
        "2013-07": {
            "month": "2013-07",
            "price": "20.14",
            "revenue": 246698
        },
        "2013-08": {
            "month": "2013-08",
            "price": "19.74",
            "revenue": 232549
        },
        "2013-09": {
            "month": "2013-09",
            "price": "20.13",
            "revenue": 202933
        },
        "2013-10": {
            "month": "2013-10",
            "price": "19.37",
            "revenue": 249132
        },
        "2013-11": {
            "month": "2013-11",
            "price": "19.23",
            "revenue": 244925
        },
        "2013-12": {
            "month": "2013-12",
            "price": "20.21",
            "revenue": 229374
        },
        "2014-01": {
            "month": "2014-01",
            "price": "20.45",
            "revenue": 206774
        },
        "2014-02": {
            "month": "2014-02",
            "price": "21.63",
            "revenue": 206013
        },
        "2014-03": {
            "month": "2014-03",
            "price": "25.10",
            "revenue": 232827
        },
        "2014-04": {
            "month": "2014-04",
            "price": "26.31",
            "revenue": 232925
        },
        "2014-05": {
            "month": "2014-05",
            "price": "26.09",
            "revenue": 264166
        },
        "2014-06": {
            "month": "2014-06",
            "price": "26.38",
            "revenue": 239067
        },
        "2014-07": {
            "month": "2014-07",
            "price": "26.05",
            "revenue": 247214
        },
        "2014-08": {
            "month": "2014-08",
            "price": "27.17",
            "revenue": 225089
        },
        "2014-09": {
            "month": "2014-09",
            "price": "27.29",
            "revenue": 237372
        },
        "2014-10": {
            "month": "2014-10",
            "price": "26.43",
            "revenue": 255272
        },
        "2014-11": {
            "month": "2014-11",
            "price": "25.08",
            "revenue": 219745
        },
        "2014-12": {
            "month": "2014-12",
            "price": "22.92",
            "revenue": 233463
        },
        "2015-01": {
            "month": "2015-01",
            "price": "21.56",
            "revenue": 225085
        },
        "2015-02": {
            "month": "2015-02",
            "price": "21.44",
            "revenue": 152090
        },
        "2015-03": {
            "month": "2015-03",
            "price": "23.29",
            "revenue": 239668
        },
        "2015-04": {
            "month": "2015-04",
            "price": "24.57",
            "revenue": 250395
        },
        "2015-05": {
            "month": "2015-05",
            "price": "24.10",
            "revenue": 207093
        },
        "2015-06": {
            "month": "2015-06",
            "price": "21.18",
            "revenue": 205359
        },
        "2015-07": {
            "month": "2015-07",
            "price": "18.84",
            "revenue": 193581
        },
        "2015-08": {
            "month": "2015-08",
            "price": "16.65",
            "revenue": 149258
        },
        "2015-09": {
            "month": "2015-09",
            "price": "16.21",
            "revenue": 141925
        },
        "2015-10": {
            "month": "2015-10",
            "price": "16.94",
            "revenue": 192689
        },
        "2015-11": {
            "month": "2015-11",
            "price": "16.99",
            "revenue": 175542
        },
        "2015-12": {
            "month": "2015-12",
            "price": "16.82",
            "revenue": 173606
        },
        "2016-01": {
            "month": "2016-01",
            "price": "16.54",
            "revenue": 152009
        },
        "2016-02": {
            "month": "2016-02",
            "price": "17.19",
            "revenue": 113591
        },
        "2016-03": {
            "month": "2016-03",
            "price": "17.62",
            "revenue": 202994
        },
        "2016-04": {
            "month": "2016-04",
            "price": "17.41",
            "revenue": 203246
        },
        "2016-05": {
            "month": "2016-05",
            "price": "16.66",
            "revenue": 197905
        },
        "2016-06": {
            "month": "2016-06",
            "price": "16.64",
            "revenue": 144615
        },
        "2016-07": {
            "month": "2016-07",
            "price": "15.50",
            "revenue": 183343
        },
        "2016-08": {
            "month": "2016-08",
            "price": "15.79",
            "revenue": 172641
        },
        "2016-09": {
            "month": "2016-09",
            "price": "16.10",
            "revenue": 151156
        },
        "2016-10": {
            "month": "2016-10",
            "price": "15.96",
            "revenue": 190026
        },
        "2016-11": {
            "month": "2016-11",
            "price": "16.05",
            "revenue": 221887
        },
        "2016-12": {
            "month": "2016-12",
            "price": "16.57",
            "revenue": 213214
        },
        "2017-01": {
            "month": "2017-01",
            "price": "16.91",
            "revenue": 139646
        },
        "2017-02": {
            "month": "2017-02",
            "price": "17.01",
            "revenue": 187232
        },
        "2017-03": {
            "month": "2017-03",
            "price": "18.78",
            "revenue": 216626
        },
        "2017-04": {
            "month": "2017-04",
            "price": "19.71",
            "revenue": 184860
        },
        "2017-05": {
            "month": "2017-05",
            "price": "18.86",
            "revenue": 177930
        },
        "2017-06": {
            "month": "2017-06",
            "price": "18.62",
            "revenue": 191923
        },
        "2017-07": {
            "month": "2017-07",
            "price": "17.85",
            "revenue": 204023
        },
        "2017-08": {
            "month": "2017-08",
            "price": "17.32",
            "revenue": 228447
        },
        "2017-09": {
            "month": "2017-09",
            "price": "17.42",
            "revenue": 205262
        },
        "2017-10": {
            "month": "2017-10",
            "price": "17.83",
            "revenue": 215127
        },
        "2017-11": {
            "month": "2017-11",
            "price": "17.40",
            "revenue": 267322
        },
        "2017-12": {
            "month": "2017-12",
            "price": "17.02",
            "revenue": 261953
        },
        "2018-01": {
            "month": "2018-01",
            "price": "17.52",
            "revenue": 276475
        },
        "2018-02": {
            "month": "2018-02",
            "price": "17.67",
            "revenue": 184419
        },
        "2018-03": {
            "month": "2018-03",
            "price": "18.32",
            "revenue": 250522
        },
        "2018-04": {
            "month": "2018-04",
            "price": "18.03",
            "revenue": 203102
        },
        "2018-05": {
            "month": "2018-05",
            "price": "17.83",
            "revenue": 252971
        },
        "2018-06": {
            "month": "2018-06",
            "price": "17.83",
            "revenue": 236619
        },
        "2018-07": {
            "month": "2018-07",
            "price": "16.78",
            "revenue": 222791
        },
        "2018-08": {
            "month": "2018-08",
            "price": "16.76",
            "revenue": 260207
        },
        "2018-09": {
            "month": "2018-09",
            "price": "16.71",
            "revenue": 282583
        },
        "2018-10": {
            "month": "2018-10",
            "price": "16.72",
            "revenue": 202215
        },
        "2018-11": {
            "month": "2018-11",
            "price": "16.18",
            "revenue": 254705
        },
        "2018-12": {
            "month": "2018-12",
            "price": "15.57",
            "revenue": 183206
        },
        "2019-01": {
            "month": "2019-01",
            "price": "15.44",
            "revenue": 206032
        },
        "2019-02": {
            "month": "2019-02",
            "price": "15.63",
            "revenue": 112897
        },
        "2019-03": {
            "month": "2019-03",
            "price": "15.51",
            "revenue": 205739
        },
        "2019-04": {
            "month": "2019-04",
            "price": "14.44",
            "revenue": 199105
        },
        "2019-05": {
            "month": "2019-05",
            "price": "13.98",
            "revenue": 197992
        },
        "2019-06": {
            "month": "2019-06",
            "price": "13.62",
            "revenue": 163942
        },
        "2019-07": {
            "month": "2019-07",
            "price": "14.34",
            "revenue": 194404
        },
        "2019-08": {
            "month": "2019-08",
            "price": "14.04",
            "revenue": 189568
        },
        "2019-09": {
            "month": "2019-09",
            "price": "13.51",
            "revenue": 143472
        },
        "2019-10": {
            "month": "2019-10",
            "price": "13.11",
            "revenue": 179426
        },
        "2019-11": {
            "month": "2019-11",
            "price": "13.32",
            "revenue": 182922
        },
        "2019-12": {
            "month": "2019-12",
            "price": "13.64",
            "revenue": 155838
        },
        "2020-01": {
            "month": "2020-01",
            "price": "13.52",
            "revenue": 97826
        },
        "2020-02": {
            "month": "2020-02",
            "price": "13.26",
            "revenue": 166139
        },
        "2020-03": {
            "month": "2020-03",
            "price": "11.08",
            "revenue": 148580
        },
        "2020-04": {
            "month": "2020-04",
            "price": "11.51",
            "revenue": 131596
        },
        "2020-05": {
            "month": "2020-05",
            "price": "11.31",
            "revenue": 97680
        },
        "2020-06": {
            "month": "2020-06",
            "price": "11.20",
            "revenue": 102990
        },
        "2020-07": {
            "month": "2020-07",
            "price": "11.28",
            "revenue": 143312
        },
        "2020-08": {
            "month": "2020-08",
            "price": "11.42",
            "revenue": 136667
        },
        "2020-09": {
            "month": "2020-09",
            "price": "12.40",
            "revenue": 143673
        },
        "2020-10": {
            "month": "2020-10",
            "price": "12.67",
            "revenue": 152573
        },
        "2020-11": {
            "month": "2020-11",
            "price": "13.03",
            "revenue": 170666
        },
        "2020-12": {
            "month": "2020-12",
            "price": "13.73",
            "revenue": 185488
        },
        "2021-01": {
            "month": "2021-01",
            "price": "14.26",
            "revenue": 195414
        },
        "2021-02": {
            "month": "2021-02",
            "price": "13.92",
            "revenue": 145287
        },
        "2021-03": {
            "month": "2021-03",
            "price": "14.11",
            "revenue": 234792
        },
        "2021-04": {
            "month": "2021-04",
            "price": "16.63",
            "revenue": 206310
        },
        "2021-05": {
            "month": "2021-05",
            "price": "16.34",
            "revenue": 248612
        },
        "2021-06": {
            "month": "2021-06",
            "price": "16.88",
            "revenue": 259649
        },
        "2021-07": {
            "month": "2021-07",
            "price": "20.60",
            "revenue": 258222
        },
        "2021-08": {
            "month": "2021-08",
            "price": "18.75",
            "revenue": 261909
        },
        "2021-09": {
            "month": "2021-09",
            "price": "19.35",
            "revenue": 236895
        },
        "2021-10": {
            "month": "2021-10",
            "price": "18.50",
            "revenue": 211011
        },
        "2021-11": {
            "month": "2021-11",
            "price": "18.20",
            "revenue": 222373
        },
        "2021-12": {
            "month": "2021-12",
            "price": "18.19",
            "revenue": 215247
        },
        "2022-01": {
            "month": "2022-01",
            "price": "18.08",
            "revenue": 210941
        },
        "2022-02": {
            "month": "2022-02",
            "price": "18.66",
            "revenue": 153112
        },
        "2022-03": {
            "month": "2022-03",
            "price": "25.16",
            "revenue": 277678
        },
        "2022-04": {
            "month": "2022-04",
            "price": "27.18",
            "revenue": 208387
        },
        "2022-05": {
            "month": "2022-05",
            "price": "22.05",
            "revenue": 224272
        },
        "2022-06": {
            "month": "2022-06",
            "price": "18.81",
            "revenue": 155540
        },
        "2022-07": {
            "month": "2022-07",
            "price": "15.17",
            "revenue": 161297
        },
        "2022-08": {
            "month": "2022-08",
            "price": "16.68",
            "revenue": 157941
        },
        "2022-09": {
            "month": "2022-09",
            "price": "16.98",
            "revenue": 154471
        },
        "2022-10": {
            "month": "2022-10",
            "price": "16.11",
            "revenue": 167678
        },
        "2022-11": {
            "month": "2022-11",
            "price": "16.71",
            "revenue": 142193
        },
        "2022-12": {
            "month": "2022-12",
            "price": "17.36",
            "revenue": 132858
        },
        "2023-01": {
            "month": "2023-01",
            "price": "17.99",
            "revenue": 104999
        },
        "2023-02": {
            "month": "2023-02",
            "price": "18.53",
            "revenue": 116413
        },
        "2023-03": {
            "month": "2023-03",
            "price": "19.20",
            "revenue": 142102
        },
        "2023-04": {
            "month": "2023-04",
            "price": "18.26",
            "revenue": 106017
        },
        "2023-05": {
            "month": "2023-05",
            "price": "17.49",
            "revenue": 124932
        },
        "2023-06": {
            "month": "2023-06",
            "price": "17.04",
            "revenue": 115956
        },
        "2023-07": {
            "month": "2023-07",
            "price": "16.97",
            "revenue": 106701
        },
        "2023-08": {
            "month": "2023-08",
            "price": "16.56",
            "revenue": 129903
        },
        "2023-09": {
            "month": "2023-09",
            "price": "16.51",
            "revenue": 115640
        },
        "2023-10": {
            "month": "2023-10",
            "price": "16.19",
            "revenue": 123569
        },
        "2023-11": {
            "month": "2023-11",
            "price": "16.19",
            "revenue": 128516
        },
        "2023-12": {
            "month": "2023-12",
            "price": "16.39",
            "revenue": 115717
        }
    }
}
