{
    "summary": {
        "stock_name": "世豐",
        "stock_id": "2065",
        "category": "鋼鐵",
        "main_business": "各種螺絲、木質螺絲普通木螺釘及有關固定物製造加工買賣。<br>各種有關螺絲機械之製造及加工買賣。<br>表面處理、熱處理及伸線製造及買賣業務。",
        "website_url": "http://www.shehfung.com",
        "ceo": "陳駿彥",
        "pe_ratio": 13,
        "report_year_from": 2011,
        "report_year_to": 2023,
        "age": 13,
        "eps_negative_percentage": 0,
        "eps_growth_avg": {
            "last_all": 20.94,
            "last_2y": 12.47,
            "last_4y": 16.1,
            "last_8y": null,
            "last_12y": null,
            "last_16y": null,
            "last_20y": null,
            "at_2006_last_3y": null,
            "at_2007_last_3y": null,
            "at_2008_last_3y": null,
            "at_2009_last_3y": null,
            "at_2010_last_3y": null,
            "at_2011_last_3y": null,
            "at_2012_last_3y": null,
            "at_2013_last_3y": null,
            "at_2014_last_3y": null,
            "at_2015_last_3y": null,
            "at_2016_last_3y": null,
            "at_2017_last_3y": null,
            "at_2018_last_3y": null,
            "at_2019_last_3y": null,
            "at_2020_last_3y": 27.3,
            "at_2021_last_3y": 45.62,
            "at_2022_last_3y": 26.7,
            "at_2023_last_3y": 7.88,
            "at_2024_last_3y": 7.88,
            "at_2006_last_all": null,
            "at_2007_last_all": null,
            "at_2008_last_all": null,
            "at_2009_last_all": null,
            "at_2010_last_all": null,
            "at_2011_last_all": null,
            "at_2012_last_all": null,
            "at_2013_last_all": null,
            "at_2014_last_all": null,
            "at_2015_last_all": null,
            "at_2016_last_all": null,
            "at_2017_last_all": null,
            "at_2018_last_all": 33.06,
            "at_2019_last_all": 38.36,
            "at_2020_last_all": 27.3,
            "at_2021_last_all": 29.72,
            "at_2022_last_all": 28.82,
            "at_2023_last_all": 20.94,
            "at_2024_last_all": 20.94
        },
        "latest_eps": 4.99,
        "latest_price": 65.5,
        "latest_roe": 16.33,
        "latest_gross_margin": 22.15,
        "latest_equity": 1694394,
        "latest_revenue": 625622,
        "latest_gross_profit": 138590,
        "latest_net_income": 48314,
        "latest_debt_ratio": 50.08,
        "latest_current_ratio": 111.65,
        "latest_account_receivable_turnover_ratio": 1.47,
        "latest_inventory_turnover_ratio": 0.94,
        "latest_reinvestment_rate": 48.45,
        "latest_research_to_sale_ratio": 0.48
    },
    "eps_dividends": {
        "2001": {
            "cash": 0,
            "stock": 0,
            "eps": 0
        },
        "2002": {
            "cash": 0,
            "stock": 0,
            "eps": 0
        },
        "2003": {
            "cash": 0,
            "stock": 0,
            "eps": 0
        },
        "2004": {
            "cash": 0,
            "stock": 0,
            "eps": 0
        },
        "2005": {
            "cash": 0,
            "stock": 0,
            "eps": 0
        },
        "2006": {
            "cash": 0,
            "stock": 0,
            "eps": 0
        },
        "2007": {
            "cash": 0,
            "stock": 0,
            "eps": 0
        },
        "2008": {
            "cash": 0,
            "stock": 0,
            "eps": 0
        },
        "2009": {
            "cash": 0,
            "stock": 0,
            "eps": 0
        },
        "2010": {
            "cash": 0,
            "stock": 0,
            "eps": 0
        },
        "2011": {
            "cash": 0,
            "stock": 0,
            "eps": 0
        },
        "2012": {
            "cash": 2.5,
            "stock": 0,
            "eps": 0
        },
        "2013": {
            "cash": 1.5,
            "stock": 0,
            "eps": 0
        },
        "2014": {
            "cash": 2,
            "stock": 0,
            "eps": 0
        },
        "2015": {
            "cash": 1.5,
            "stock": 0,
            "eps": 0
        },
        "2016": {
            "cash": 2,
            "stock": 0,
            "eps": 1.83
        },
        "2017": {
            "cash": 3,
            "stock": 0,
            "eps": 1.21
        },
        "2018": {
            "cash": 1.58,
            "stock": 0,
            "eps": 2.86
        },
        "2019": {
            "cash": 2.7,
            "stock": 0,
            "eps": 4.26
        },
        "2020": {
            "cash": 0,
            "stock": 1,
            "eps": 4.01
        },
        "2021": {
            "cash": 2,
            "stock": 1,
            "eps": 5.59
        },
        "2022": {
            "cash": 5.2,
            "stock": 0,
            "eps": 6.95
        },
        "2023": {
            "cash": 5.5,
            "stock": 0,
            "eps": 5.12
        },
        "2024": {
            "cash": 4.5,
            "stock": 0,
            "eps": 0
        }
    },
    "dividends": {
        "2012-04-20": {
            "cash": 2.5,
            "stock": 0
        },
        "2013-06-26": {
            "cash": 1.5,
            "stock": 0
        },
        "2014-03-07": {
            "cash": 2,
            "stock": 0
        },
        "2015-04-16": {
            "cash": 1.5,
            "stock": 0
        },
        "2016-08-09": {
            "cash": 2,
            "stock": 0
        },
        "2017-07-21": {
            "cash": 3,
            "stock": 0
        },
        "2018-07-17": {
            "cash": 1.58,
            "stock": 0
        },
        "2019-08-16": {
            "cash": 2.7,
            "stock": 0
        },
        "2020-02-20": {
            "cash": 0,
            "stock": 1
        },
        "2021-01-14": {
            "cash": 1,
            "stock": 0
        },
        "2021-09-28": {
            "cash": 1,
            "stock": 1
        },
        "2022-01-21": {
            "cash": 1.2,
            "stock": 0
        },
        "2022-05-10": {
            "cash": 4,
            "stock": 0
        },
        "2023-01-12": {
            "cash": 1.5,
            "stock": 0
        },
        "2023-05-12": {
            "cash": 4,
            "stock": 0
        },
        "2024-01-25": {
            "cash": 1.5,
            "stock": 0
        },
        "2024-04-26": {
            "cash": 3,
            "stock": 0
        }
    },
    "prices": {
        "200101": "無",
        "200102": "無",
        "200103": "無",
        "200104": "無",
        "200105": "無",
        "200106": "無",
        "200107": "無",
        "200108": "無",
        "200109": "無",
        "200110": "無",
        "200111": "無",
        "200112": "無",
        "200201": "無",
        "200202": "無",
        "200203": "無",
        "200204": "無",
        "200205": "無",
        "200206": "無",
        "200207": "無",
        "200208": "無",
        "200209": "無",
        "200210": "無",
        "200211": "無",
        "200212": "無",
        "200301": "無",
        "200302": "無",
        "200303": "無",
        "200304": "無",
        "200305": "無",
        "200306": "無",
        "200307": "無",
        "200308": "無",
        "200309": "無",
        "200310": "無",
        "200311": "無",
        "200312": "無",
        "200401": "無",
        "200402": "無",
        "200403": "無",
        "200404": "無",
        "200405": "無",
        "200406": "無",
        "200407": "無",
        "200408": "無",
        "200409": "無",
        "200410": "無",
        "200411": "無",
        "200412": "無",
        "200501": "無",
        "200502": "無",
        "200503": "無",
        "200504": "無",
        "200505": "無",
        "200506": "無",
        "200507": "無",
        "200508": "無",
        "200509": "無",
        "200510": "無",
        "200511": "無",
        "200512": "無",
        "200601": "無",
        "200602": "無",
        "200603": "無",
        "200604": "無",
        "200605": "無",
        "200606": "無",
        "200607": "無",
        "200608": "無",
        "200609": "無",
        "200610": "無",
        "200611": "無",
        "200612": "無",
        "200701": "無",
        "200702": "無",
        "200703": "無",
        "200704": "無",
        "200705": "無",
        "200706": "無",
        "200707": "無",
        "200708": "無",
        "200709": "無",
        "200710": "無",
        "200711": "無",
        "200712": "無",
        "200801": "無",
        "200802": "無",
        "200803": "無",
        "200804": "無",
        "200805": "無",
        "200806": "無",
        "200807": "無",
        "200808": "無",
        "200809": "無",
        "200810": "無",
        "200811": "無",
        "200812": "無",
        "200901": "無",
        "200902": "無",
        "200903": "無",
        "200904": "無",
        "200905": "無",
        "200906": "無",
        "200907": "無",
        "200908": "無",
        "200909": "無",
        "200910": "無",
        "200911": "無",
        "200912": "無",
        "201001": "無",
        "201002": "無",
        "201003": "無",
        "201004": "無",
        "201005": "無",
        "201006": "無",
        "201007": "無",
        "201008": "無",
        "201009": "無",
        "201010": "無",
        "201011": "無",
        "201012": "無",
        "201101": "無",
        "201102": "無",
        "201103": "無",
        "201104": "無",
        "201105": "無",
        "201106": "無",
        "201107": "無",
        "201108": "無",
        "201109": "無",
        "201110": "無",
        "201111": "無",
        "201112": "無",
        "201201": "38.31",
        "201202": "39.28",
        "201203": "37.99",
        "201204": "38.31",
        "201205": "38.73",
        "201206": "37.03",
        "201207": "34.21",
        "201208": "33.11",
        "201209": "30.06",
        "201210": "27.05",
        "201211": "27.96",
        "201212": "28.44",
        "201301": "28.51",
        "201302": "28.60",
        "201303": "28.68",
        "201304": "29.49",
        "201305": "33.58",
        "201306": "無",
        "201307": "34.34",
        "201308": "34.66",
        "201309": "35.90",
        "201310": "35.85",
        "201311": "36.84",
        "201312": "36.75",
        "201401": "37.31",
        "201402": "32.95",
        "201403": "32.50",
        "201404": "無",
        "201405": "無",
        "201406": "無",
        "201407": "無",
        "201408": "無",
        "201409": "無",
        "201410": "無",
        "201411": "無",
        "201412": "無",
        "201501": "無",
        "201502": "無",
        "201503": "無",
        "201504": "無",
        "201505": "無",
        "201506": "無",
        "201507": "無",
        "201508": "無",
        "201509": "無",
        "201510": "無",
        "201511": "無",
        "201512": "無",
        "201601": "無",
        "201602": "無",
        "201603": "30.89",
        "201604": "31.04",
        "201605": "33.07",
        "201606": "34.32",
        "201607": "38.16",
        "201608": "43.25",
        "201609": "40.34",
        "201610": "39.62",
        "201611": "39.43",
        "201612": "39.83",
        "201701": "40.42",
        "201702": "44.24",
        "201703": "49.55",
        "201704": "44.07",
        "201705": "38.43",
        "201706": "38.18",
        "201707": "35.26",
        "201708": "29.02",
        "201709": "27.36",
        "201710": "29.51",
        "201711": "28.72",
        "201712": "25.92",
        "201801": "26.40",
        "201802": "26.40",
        "201803": "26.95",
        "201804": "27.51",
        "201805": "27.32",
        "201806": "27.64",
        "201807": "27.03",
        "201808": "27.39",
        "201809": "27.72",
        "201810": "27.39",
        "201811": "27.69",
        "201812": "29.02",
        "201901": "30.16",
        "201902": "32.92",
        "201903": "34.70",
        "201904": "35.80",
        "201905": "39.18",
        "201906": "42.36",
        "201907": "41.92",
        "201908": "40.50",
        "201909": "42.69",
        "201910": "41.27",
        "201911": "42.28",
        "201912": "41.51",
        "202001": "42.47",
        "202002": "46.39",
        "202003": "48.80",
        "202004": "50.14",
        "202005": "56.62",
        "202006": "56.24",
        "202007": "55.21",
        "202008": "55.79",
        "202009": "52.96",
        "202010": "44.67",
        "202011": "44.14",
        "202012": "45.93",
        "202101": "44.79",
        "202102": "44.85",
        "202103": "47.08",
        "202104": "53.81",
        "202105": "48.20",
        "202106": "49.26",
        "202107": "52.36",
        "202108": "52.22",
        "202109": "47.68",
        "202110": "44.84",
        "202111": "47.48",
        "202112": "47.81",
        "202201": "46.79",
        "202202": "48.10",
        "202203": "52.54",
        "202204": "48.06",
        "202205": "46.56",
        "202206": "45.70",
        "202207": "43.96",
        "202208": "49.87",
        "202209": "50.17",
        "202210": "48.32",
        "202211": "51.80",
        "202212": "52.29",
        "202301": "53.24",
        "202302": "56.42",
        "202303": "61.64",
        "202304": "60.26",
        "202305": "59.19",
        "202306": "59.46",
        "202307": "58.74",
        "202308": "57.06",
        "202309": "57.47",
        "202310": "57.80",
        "202311": "59.97",
        "202312": "61.62"
    },
    "quarters": {
        "20011": {
            "year_quarter": 20011,
            "year": 2001,
            "quarter": 1,
            "eps": null,
            "eps_growth_year": null,
            "eps_4q": null,
            "eps_4q_growth_year": null,
            "roe": null,
            "roe_4q": 0,
            "gross_profit": null,
            "gross_margin": null,
            "gross_margin_4q_avg": 0,
            "net_income": null,
            "net_income_4q": null,
            "revenue": null,
            "revenue_4q": null,
            "common_shares": null,
            "book_valuer_per_share": null,
            "book_valuer_per_share_4q_avg": 0,
            "equity": null,
            "current_ratio": null,
            "debt_ratio": null,
            "inventory_turnover_ratio": null,
            "account_receivable_turnover_ratio": null,
            "reinvestment_rate": null,
            "research_to_sale_ratio": null,
            "price_fair": 0,
            "eps_avg_yearly": 0,
            "eps_latest_yearly": 0,
            "eps_growth_yearly": 0
        },
        "20012": {
            "year_quarter": 20012,
            "year": 2001,
            "quarter": 2,
            "eps": null,
            "eps_growth_year": null,
            "eps_4q": null,
            "eps_4q_growth_year": null,
            "roe": null,
            "roe_4q": 0,
            "gross_profit": null,
            "gross_margin": null,
            "gross_margin_4q_avg": 0,
            "net_income": null,
            "net_income_4q": null,
            "revenue": null,
            "revenue_4q": null,
            "common_shares": null,
            "book_valuer_per_share": null,
            "book_valuer_per_share_4q_avg": 0,
            "equity": null,
            "current_ratio": null,
            "debt_ratio": null,
            "inventory_turnover_ratio": null,
            "account_receivable_turnover_ratio": null,
            "reinvestment_rate": null,
            "research_to_sale_ratio": null,
            "price_fair": 0,
            "eps_avg_yearly": 0,
            "eps_latest_yearly": 0,
            "eps_growth_yearly": 0
        },
        "20013": {
            "year_quarter": 20013,
            "year": 2001,
            "quarter": 3,
            "eps": null,
            "eps_growth_year": null,
            "eps_4q": null,
            "eps_4q_growth_year": null,
            "roe": null,
            "roe_4q": 0,
            "gross_profit": null,
            "gross_margin": null,
            "gross_margin_4q_avg": 0,
            "net_income": null,
            "net_income_4q": null,
            "revenue": null,
            "revenue_4q": null,
            "common_shares": null,
            "book_valuer_per_share": null,
            "book_valuer_per_share_4q_avg": 0,
            "equity": null,
            "current_ratio": null,
            "debt_ratio": null,
            "inventory_turnover_ratio": null,
            "account_receivable_turnover_ratio": null,
            "reinvestment_rate": null,
            "research_to_sale_ratio": null,
            "price_fair": 0,
            "eps_avg_yearly": 0,
            "eps_latest_yearly": 0,
            "eps_growth_yearly": 0
        },
        "20014": {
            "year_quarter": 20014,
            "year": 2001,
            "quarter": 4,
            "eps": null,
            "eps_growth_year": null,
            "eps_4q": null,
            "eps_4q_growth_year": null,
            "roe": null,
            "roe_4q": 0,
            "gross_profit": null,
            "gross_margin": null,
            "gross_margin_4q_avg": 0,
            "net_income": null,
            "net_income_4q": null,
            "revenue": null,
            "revenue_4q": null,
            "common_shares": null,
            "book_valuer_per_share": null,
            "book_valuer_per_share_4q_avg": 0,
            "equity": null,
            "current_ratio": null,
            "debt_ratio": null,
            "inventory_turnover_ratio": null,
            "account_receivable_turnover_ratio": null,
            "reinvestment_rate": null,
            "research_to_sale_ratio": null,
            "price_fair": 0,
            "eps_avg_yearly": 0,
            "eps_latest_yearly": 0,
            "eps_growth_yearly": 0
        },
        "20021": {
            "year_quarter": 20021,
            "year": 2002,
            "quarter": 1,
            "eps": null,
            "eps_growth_year": null,
            "eps_4q": null,
            "eps_4q_growth_year": null,
            "roe": null,
            "roe_4q": 0,
            "gross_profit": null,
            "gross_margin": null,
            "gross_margin_4q_avg": 0,
            "net_income": null,
            "net_income_4q": null,
            "revenue": null,
            "revenue_4q": null,
            "common_shares": null,
            "book_valuer_per_share": null,
            "book_valuer_per_share_4q_avg": 0,
            "equity": null,
            "current_ratio": null,
            "debt_ratio": null,
            "inventory_turnover_ratio": null,
            "account_receivable_turnover_ratio": null,
            "reinvestment_rate": null,
            "research_to_sale_ratio": null,
            "price_fair": 0,
            "eps_avg_yearly": 0,
            "eps_latest_yearly": 0,
            "eps_growth_yearly": 0
        },
        "20022": {
            "year_quarter": 20022,
            "year": 2002,
            "quarter": 2,
            "eps": null,
            "eps_growth_year": null,
            "eps_4q": null,
            "eps_4q_growth_year": null,
            "roe": null,
            "roe_4q": 0,
            "gross_profit": null,
            "gross_margin": null,
            "gross_margin_4q_avg": 0,
            "net_income": null,
            "net_income_4q": null,
            "revenue": null,
            "revenue_4q": null,
            "common_shares": null,
            "book_valuer_per_share": null,
            "book_valuer_per_share_4q_avg": 0,
            "equity": null,
            "current_ratio": null,
            "debt_ratio": null,
            "inventory_turnover_ratio": null,
            "account_receivable_turnover_ratio": null,
            "reinvestment_rate": null,
            "research_to_sale_ratio": null,
            "price_fair": 0,
            "eps_avg_yearly": 0,
            "eps_latest_yearly": 0,
            "eps_growth_yearly": 0
        },
        "20023": {
            "year_quarter": 20023,
            "year": 2002,
            "quarter": 3,
            "eps": null,
            "eps_growth_year": null,
            "eps_4q": null,
            "eps_4q_growth_year": null,
            "roe": null,
            "roe_4q": 0,
            "gross_profit": null,
            "gross_margin": null,
            "gross_margin_4q_avg": 0,
            "net_income": null,
            "net_income_4q": null,
            "revenue": null,
            "revenue_4q": null,
            "common_shares": null,
            "book_valuer_per_share": null,
            "book_valuer_per_share_4q_avg": 0,
            "equity": null,
            "current_ratio": null,
            "debt_ratio": null,
            "inventory_turnover_ratio": null,
            "account_receivable_turnover_ratio": null,
            "reinvestment_rate": null,
            "research_to_sale_ratio": null,
            "price_fair": 0,
            "eps_avg_yearly": 0,
            "eps_latest_yearly": 0,
            "eps_growth_yearly": 0
        },
        "20024": {
            "year_quarter": 20024,
            "year": 2002,
            "quarter": 4,
            "eps": null,
            "eps_growth_year": null,
            "eps_4q": null,
            "eps_4q_growth_year": null,
            "roe": null,
            "roe_4q": 0,
            "gross_profit": null,
            "gross_margin": null,
            "gross_margin_4q_avg": 0,
            "net_income": null,
            "net_income_4q": null,
            "revenue": null,
            "revenue_4q": null,
            "common_shares": null,
            "book_valuer_per_share": null,
            "book_valuer_per_share_4q_avg": 0,
            "equity": null,
            "current_ratio": null,
            "debt_ratio": null,
            "inventory_turnover_ratio": null,
            "account_receivable_turnover_ratio": null,
            "reinvestment_rate": null,
            "research_to_sale_ratio": null,
            "price_fair": 0,
            "eps_avg_yearly": 0,
            "eps_latest_yearly": 0,
            "eps_growth_yearly": 0
        },
        "20031": {
            "year_quarter": 20031,
            "year": 2003,
            "quarter": 1,
            "eps": null,
            "eps_growth_year": null,
            "eps_4q": null,
            "eps_4q_growth_year": null,
            "roe": null,
            "roe_4q": 0,
            "gross_profit": null,
            "gross_margin": null,
            "gross_margin_4q_avg": 0,
            "net_income": null,
            "net_income_4q": null,
            "revenue": null,
            "revenue_4q": null,
            "common_shares": null,
            "book_valuer_per_share": null,
            "book_valuer_per_share_4q_avg": 0,
            "equity": null,
            "current_ratio": null,
            "debt_ratio": null,
            "inventory_turnover_ratio": null,
            "account_receivable_turnover_ratio": null,
            "reinvestment_rate": null,
            "research_to_sale_ratio": null,
            "price_fair": 0,
            "eps_avg_yearly": 0,
            "eps_latest_yearly": 0,
            "eps_growth_yearly": 0
        },
        "20032": {
            "year_quarter": 20032,
            "year": 2003,
            "quarter": 2,
            "eps": null,
            "eps_growth_year": null,
            "eps_4q": null,
            "eps_4q_growth_year": null,
            "roe": null,
            "roe_4q": 0,
            "gross_profit": null,
            "gross_margin": null,
            "gross_margin_4q_avg": 0,
            "net_income": null,
            "net_income_4q": null,
            "revenue": null,
            "revenue_4q": null,
            "common_shares": null,
            "book_valuer_per_share": null,
            "book_valuer_per_share_4q_avg": 0,
            "equity": null,
            "current_ratio": null,
            "debt_ratio": null,
            "inventory_turnover_ratio": null,
            "account_receivable_turnover_ratio": null,
            "reinvestment_rate": null,
            "research_to_sale_ratio": null,
            "price_fair": 0,
            "eps_avg_yearly": 0,
            "eps_latest_yearly": 0,
            "eps_growth_yearly": 0
        },
        "20033": {
            "year_quarter": 20033,
            "year": 2003,
            "quarter": 3,
            "eps": null,
            "eps_growth_year": null,
            "eps_4q": null,
            "eps_4q_growth_year": null,
            "roe": null,
            "roe_4q": 0,
            "gross_profit": null,
            "gross_margin": null,
            "gross_margin_4q_avg": 0,
            "net_income": null,
            "net_income_4q": null,
            "revenue": null,
            "revenue_4q": null,
            "common_shares": null,
            "book_valuer_per_share": null,
            "book_valuer_per_share_4q_avg": 0,
            "equity": null,
            "current_ratio": null,
            "debt_ratio": null,
            "inventory_turnover_ratio": null,
            "account_receivable_turnover_ratio": null,
            "reinvestment_rate": null,
            "research_to_sale_ratio": null,
            "price_fair": 0,
            "eps_avg_yearly": 0,
            "eps_latest_yearly": 0,
            "eps_growth_yearly": 0
        },
        "20034": {
            "year_quarter": 20034,
            "year": 2003,
            "quarter": 4,
            "eps": null,
            "eps_growth_year": null,
            "eps_4q": null,
            "eps_4q_growth_year": null,
            "roe": null,
            "roe_4q": 0,
            "gross_profit": null,
            "gross_margin": null,
            "gross_margin_4q_avg": 0,
            "net_income": null,
            "net_income_4q": null,
            "revenue": null,
            "revenue_4q": null,
            "common_shares": null,
            "book_valuer_per_share": null,
            "book_valuer_per_share_4q_avg": 0,
            "equity": null,
            "current_ratio": null,
            "debt_ratio": null,
            "inventory_turnover_ratio": null,
            "account_receivable_turnover_ratio": null,
            "reinvestment_rate": null,
            "research_to_sale_ratio": null,
            "price_fair": 0,
            "eps_avg_yearly": 0,
            "eps_latest_yearly": 0,
            "eps_growth_yearly": 0
        },
        "20041": {
            "year_quarter": 20041,
            "year": 2004,
            "quarter": 1,
            "eps": null,
            "eps_growth_year": null,
            "eps_4q": null,
            "eps_4q_growth_year": null,
            "roe": null,
            "roe_4q": 0,
            "gross_profit": null,
            "gross_margin": null,
            "gross_margin_4q_avg": 0,
            "net_income": null,
            "net_income_4q": null,
            "revenue": null,
            "revenue_4q": null,
            "common_shares": null,
            "book_valuer_per_share": null,
            "book_valuer_per_share_4q_avg": 0,
            "equity": null,
            "current_ratio": null,
            "debt_ratio": null,
            "inventory_turnover_ratio": null,
            "account_receivable_turnover_ratio": null,
            "reinvestment_rate": null,
            "research_to_sale_ratio": null,
            "price_fair": 0,
            "eps_avg_yearly": 0,
            "eps_latest_yearly": 0,
            "eps_growth_yearly": 0
        },
        "20042": {
            "year_quarter": 20042,
            "year": 2004,
            "quarter": 2,
            "eps": null,
            "eps_growth_year": null,
            "eps_4q": null,
            "eps_4q_growth_year": null,
            "roe": null,
            "roe_4q": 0,
            "gross_profit": null,
            "gross_margin": null,
            "gross_margin_4q_avg": 0,
            "net_income": null,
            "net_income_4q": null,
            "revenue": null,
            "revenue_4q": null,
            "common_shares": null,
            "book_valuer_per_share": null,
            "book_valuer_per_share_4q_avg": 0,
            "equity": null,
            "current_ratio": null,
            "debt_ratio": null,
            "inventory_turnover_ratio": null,
            "account_receivable_turnover_ratio": null,
            "reinvestment_rate": null,
            "research_to_sale_ratio": null,
            "price_fair": 0,
            "eps_avg_yearly": 0,
            "eps_latest_yearly": 0,
            "eps_growth_yearly": 0
        },
        "20043": {
            "year_quarter": 20043,
            "year": 2004,
            "quarter": 3,
            "eps": null,
            "eps_growth_year": null,
            "eps_4q": null,
            "eps_4q_growth_year": null,
            "roe": null,
            "roe_4q": 0,
            "gross_profit": null,
            "gross_margin": null,
            "gross_margin_4q_avg": 0,
            "net_income": null,
            "net_income_4q": null,
            "revenue": null,
            "revenue_4q": null,
            "common_shares": null,
            "book_valuer_per_share": null,
            "book_valuer_per_share_4q_avg": 0,
            "equity": null,
            "current_ratio": null,
            "debt_ratio": null,
            "inventory_turnover_ratio": null,
            "account_receivable_turnover_ratio": null,
            "reinvestment_rate": null,
            "research_to_sale_ratio": null,
            "price_fair": 0,
            "eps_avg_yearly": 0,
            "eps_latest_yearly": 0,
            "eps_growth_yearly": 0
        },
        "20044": {
            "year_quarter": 20044,
            "year": 2004,
            "quarter": 4,
            "eps": null,
            "eps_growth_year": null,
            "eps_4q": null,
            "eps_4q_growth_year": null,
            "roe": null,
            "roe_4q": 0,
            "gross_profit": null,
            "gross_margin": null,
            "gross_margin_4q_avg": 0,
            "net_income": null,
            "net_income_4q": null,
            "revenue": null,
            "revenue_4q": null,
            "common_shares": null,
            "book_valuer_per_share": null,
            "book_valuer_per_share_4q_avg": 0,
            "equity": null,
            "current_ratio": null,
            "debt_ratio": null,
            "inventory_turnover_ratio": null,
            "account_receivable_turnover_ratio": null,
            "reinvestment_rate": null,
            "research_to_sale_ratio": null,
            "price_fair": 0,
            "eps_avg_yearly": 0,
            "eps_latest_yearly": 0,
            "eps_growth_yearly": 0
        },
        "20051": {
            "year_quarter": 20051,
            "year": 2005,
            "quarter": 1,
            "eps": null,
            "eps_growth_year": null,
            "eps_4q": null,
            "eps_4q_growth_year": null,
            "roe": null,
            "roe_4q": 0,
            "gross_profit": null,
            "gross_margin": null,
            "gross_margin_4q_avg": 0,
            "net_income": null,
            "net_income_4q": null,
            "revenue": null,
            "revenue_4q": null,
            "common_shares": null,
            "book_valuer_per_share": null,
            "book_valuer_per_share_4q_avg": 0,
            "equity": null,
            "current_ratio": null,
            "debt_ratio": null,
            "inventory_turnover_ratio": null,
            "account_receivable_turnover_ratio": null,
            "reinvestment_rate": null,
            "research_to_sale_ratio": null,
            "price_fair": 0,
            "eps_avg_yearly": 0,
            "eps_latest_yearly": 0,
            "eps_growth_yearly": 0
        },
        "20052": {
            "year_quarter": 20052,
            "year": 2005,
            "quarter": 2,
            "eps": null,
            "eps_growth_year": null,
            "eps_4q": null,
            "eps_4q_growth_year": null,
            "roe": null,
            "roe_4q": 0,
            "gross_profit": null,
            "gross_margin": null,
            "gross_margin_4q_avg": 0,
            "net_income": null,
            "net_income_4q": null,
            "revenue": null,
            "revenue_4q": null,
            "common_shares": null,
            "book_valuer_per_share": null,
            "book_valuer_per_share_4q_avg": 0,
            "equity": null,
            "current_ratio": null,
            "debt_ratio": null,
            "inventory_turnover_ratio": null,
            "account_receivable_turnover_ratio": null,
            "reinvestment_rate": null,
            "research_to_sale_ratio": null,
            "price_fair": 0,
            "eps_avg_yearly": 0,
            "eps_latest_yearly": 0,
            "eps_growth_yearly": 0
        },
        "20053": {
            "year_quarter": 20053,
            "year": 2005,
            "quarter": 3,
            "eps": null,
            "eps_growth_year": null,
            "eps_4q": null,
            "eps_4q_growth_year": null,
            "roe": null,
            "roe_4q": 0,
            "gross_profit": null,
            "gross_margin": null,
            "gross_margin_4q_avg": 0,
            "net_income": null,
            "net_income_4q": null,
            "revenue": null,
            "revenue_4q": null,
            "common_shares": null,
            "book_valuer_per_share": null,
            "book_valuer_per_share_4q_avg": 0,
            "equity": null,
            "current_ratio": null,
            "debt_ratio": null,
            "inventory_turnover_ratio": null,
            "account_receivable_turnover_ratio": null,
            "reinvestment_rate": null,
            "research_to_sale_ratio": null,
            "price_fair": 0,
            "eps_avg_yearly": 0,
            "eps_latest_yearly": 0,
            "eps_growth_yearly": 0
        },
        "20054": {
            "year_quarter": 20054,
            "year": 2005,
            "quarter": 4,
            "eps": null,
            "eps_growth_year": null,
            "eps_4q": null,
            "eps_4q_growth_year": null,
            "roe": null,
            "roe_4q": 0,
            "gross_profit": null,
            "gross_margin": null,
            "gross_margin_4q_avg": 0,
            "net_income": null,
            "net_income_4q": null,
            "revenue": null,
            "revenue_4q": null,
            "common_shares": null,
            "book_valuer_per_share": null,
            "book_valuer_per_share_4q_avg": 0,
            "equity": null,
            "current_ratio": null,
            "debt_ratio": null,
            "inventory_turnover_ratio": null,
            "account_receivable_turnover_ratio": null,
            "reinvestment_rate": null,
            "research_to_sale_ratio": null,
            "price_fair": 0,
            "eps_avg_yearly": 0,
            "eps_latest_yearly": 0,
            "eps_growth_yearly": 0
        },
        "20061": {
            "year_quarter": 20061,
            "year": 2006,
            "quarter": 1,
            "eps": null,
            "eps_growth_year": null,
            "eps_4q": null,
            "eps_4q_growth_year": null,
            "roe": null,
            "roe_4q": 0,
            "gross_profit": null,
            "gross_margin": null,
            "gross_margin_4q_avg": 0,
            "net_income": null,
            "net_income_4q": null,
            "revenue": null,
            "revenue_4q": null,
            "common_shares": null,
            "book_valuer_per_share": null,
            "book_valuer_per_share_4q_avg": 0,
            "equity": null,
            "current_ratio": null,
            "debt_ratio": null,
            "inventory_turnover_ratio": null,
            "account_receivable_turnover_ratio": null,
            "reinvestment_rate": null,
            "research_to_sale_ratio": null,
            "price_fair": 0,
            "eps_avg_yearly": 0,
            "eps_latest_yearly": 0,
            "eps_growth_yearly": 0
        },
        "20062": {
            "year_quarter": 20062,
            "year": 2006,
            "quarter": 2,
            "eps": null,
            "eps_growth_year": null,
            "eps_4q": null,
            "eps_4q_growth_year": null,
            "roe": null,
            "roe_4q": 0,
            "gross_profit": null,
            "gross_margin": null,
            "gross_margin_4q_avg": 0,
            "net_income": null,
            "net_income_4q": null,
            "revenue": null,
            "revenue_4q": null,
            "common_shares": null,
            "book_valuer_per_share": null,
            "book_valuer_per_share_4q_avg": 0,
            "equity": null,
            "current_ratio": null,
            "debt_ratio": null,
            "inventory_turnover_ratio": null,
            "account_receivable_turnover_ratio": null,
            "reinvestment_rate": null,
            "research_to_sale_ratio": null,
            "price_fair": 0,
            "eps_avg_yearly": 0,
            "eps_latest_yearly": 0,
            "eps_growth_yearly": 0
        },
        "20063": {
            "year_quarter": 20063,
            "year": 2006,
            "quarter": 3,
            "eps": null,
            "eps_growth_year": null,
            "eps_4q": null,
            "eps_4q_growth_year": null,
            "roe": null,
            "roe_4q": 0,
            "gross_profit": null,
            "gross_margin": null,
            "gross_margin_4q_avg": 0,
            "net_income": null,
            "net_income_4q": null,
            "revenue": null,
            "revenue_4q": null,
            "common_shares": null,
            "book_valuer_per_share": null,
            "book_valuer_per_share_4q_avg": 0,
            "equity": null,
            "current_ratio": null,
            "debt_ratio": null,
            "inventory_turnover_ratio": null,
            "account_receivable_turnover_ratio": null,
            "reinvestment_rate": null,
            "research_to_sale_ratio": null,
            "price_fair": 0,
            "eps_avg_yearly": 0,
            "eps_latest_yearly": 0,
            "eps_growth_yearly": 0
        },
        "20064": {
            "year_quarter": 20064,
            "year": 2006,
            "quarter": 4,
            "eps": null,
            "eps_growth_year": null,
            "eps_4q": null,
            "eps_4q_growth_year": null,
            "roe": null,
            "roe_4q": 0,
            "gross_profit": null,
            "gross_margin": null,
            "gross_margin_4q_avg": 0,
            "net_income": null,
            "net_income_4q": null,
            "revenue": null,
            "revenue_4q": null,
            "common_shares": null,
            "book_valuer_per_share": null,
            "book_valuer_per_share_4q_avg": 0,
            "equity": null,
            "current_ratio": null,
            "debt_ratio": null,
            "inventory_turnover_ratio": null,
            "account_receivable_turnover_ratio": null,
            "reinvestment_rate": null,
            "research_to_sale_ratio": null,
            "price_fair": 0,
            "eps_avg_yearly": 0,
            "eps_latest_yearly": 0,
            "eps_growth_yearly": 0
        },
        "20071": {
            "year_quarter": 20071,
            "year": 2007,
            "quarter": 1,
            "eps": null,
            "eps_growth_year": null,
            "eps_4q": null,
            "eps_4q_growth_year": null,
            "roe": null,
            "roe_4q": 0,
            "gross_profit": null,
            "gross_margin": null,
            "gross_margin_4q_avg": 0,
            "net_income": null,
            "net_income_4q": null,
            "revenue": null,
            "revenue_4q": null,
            "common_shares": null,
            "book_valuer_per_share": null,
            "book_valuer_per_share_4q_avg": 0,
            "equity": null,
            "current_ratio": null,
            "debt_ratio": null,
            "inventory_turnover_ratio": null,
            "account_receivable_turnover_ratio": null,
            "reinvestment_rate": null,
            "research_to_sale_ratio": null,
            "price_fair": 0,
            "eps_avg_yearly": 0,
            "eps_latest_yearly": 0,
            "eps_growth_yearly": 0
        },
        "20072": {
            "year_quarter": 20072,
            "year": 2007,
            "quarter": 2,
            "eps": null,
            "eps_growth_year": null,
            "eps_4q": null,
            "eps_4q_growth_year": null,
            "roe": null,
            "roe_4q": 0,
            "gross_profit": null,
            "gross_margin": null,
            "gross_margin_4q_avg": 0,
            "net_income": null,
            "net_income_4q": null,
            "revenue": null,
            "revenue_4q": null,
            "common_shares": null,
            "book_valuer_per_share": null,
            "book_valuer_per_share_4q_avg": 0,
            "equity": null,
            "current_ratio": null,
            "debt_ratio": null,
            "inventory_turnover_ratio": null,
            "account_receivable_turnover_ratio": null,
            "reinvestment_rate": null,
            "research_to_sale_ratio": null,
            "price_fair": 0,
            "eps_avg_yearly": 0,
            "eps_latest_yearly": 0,
            "eps_growth_yearly": 0
        },
        "20073": {
            "year_quarter": 20073,
            "year": 2007,
            "quarter": 3,
            "eps": null,
            "eps_growth_year": null,
            "eps_4q": null,
            "eps_4q_growth_year": null,
            "roe": null,
            "roe_4q": 0,
            "gross_profit": null,
            "gross_margin": null,
            "gross_margin_4q_avg": 0,
            "net_income": null,
            "net_income_4q": null,
            "revenue": null,
            "revenue_4q": null,
            "common_shares": null,
            "book_valuer_per_share": null,
            "book_valuer_per_share_4q_avg": 0,
            "equity": null,
            "current_ratio": null,
            "debt_ratio": null,
            "inventory_turnover_ratio": null,
            "account_receivable_turnover_ratio": null,
            "reinvestment_rate": null,
            "research_to_sale_ratio": null,
            "price_fair": 0,
            "eps_avg_yearly": 0,
            "eps_latest_yearly": 0,
            "eps_growth_yearly": 0
        },
        "20074": {
            "year_quarter": 20074,
            "year": 2007,
            "quarter": 4,
            "eps": null,
            "eps_growth_year": null,
            "eps_4q": null,
            "eps_4q_growth_year": null,
            "roe": null,
            "roe_4q": 0,
            "gross_profit": null,
            "gross_margin": null,
            "gross_margin_4q_avg": 0,
            "net_income": null,
            "net_income_4q": null,
            "revenue": null,
            "revenue_4q": null,
            "common_shares": null,
            "book_valuer_per_share": null,
            "book_valuer_per_share_4q_avg": 0,
            "equity": null,
            "current_ratio": null,
            "debt_ratio": null,
            "inventory_turnover_ratio": null,
            "account_receivable_turnover_ratio": null,
            "reinvestment_rate": null,
            "research_to_sale_ratio": null,
            "price_fair": 0,
            "eps_avg_yearly": 0,
            "eps_latest_yearly": 0,
            "eps_growth_yearly": 0
        },
        "20081": {
            "year_quarter": 20081,
            "year": 2008,
            "quarter": 1,
            "eps": null,
            "eps_growth_year": null,
            "eps_4q": null,
            "eps_4q_growth_year": null,
            "roe": null,
            "roe_4q": 0,
            "gross_profit": null,
            "gross_margin": null,
            "gross_margin_4q_avg": 0,
            "net_income": null,
            "net_income_4q": null,
            "revenue": null,
            "revenue_4q": null,
            "common_shares": null,
            "book_valuer_per_share": null,
            "book_valuer_per_share_4q_avg": 0,
            "equity": null,
            "current_ratio": null,
            "debt_ratio": null,
            "inventory_turnover_ratio": null,
            "account_receivable_turnover_ratio": null,
            "reinvestment_rate": null,
            "research_to_sale_ratio": null,
            "price_fair": 0,
            "eps_avg_yearly": 0,
            "eps_latest_yearly": 0,
            "eps_growth_yearly": 0
        },
        "20082": {
            "year_quarter": 20082,
            "year": 2008,
            "quarter": 2,
            "eps": null,
            "eps_growth_year": null,
            "eps_4q": null,
            "eps_4q_growth_year": null,
            "roe": null,
            "roe_4q": 0,
            "gross_profit": null,
            "gross_margin": null,
            "gross_margin_4q_avg": 0,
            "net_income": null,
            "net_income_4q": null,
            "revenue": null,
            "revenue_4q": null,
            "common_shares": null,
            "book_valuer_per_share": null,
            "book_valuer_per_share_4q_avg": 0,
            "equity": null,
            "current_ratio": null,
            "debt_ratio": null,
            "inventory_turnover_ratio": null,
            "account_receivable_turnover_ratio": null,
            "reinvestment_rate": null,
            "research_to_sale_ratio": null,
            "price_fair": 0,
            "eps_avg_yearly": 0,
            "eps_latest_yearly": 0,
            "eps_growth_yearly": 0
        },
        "20083": {
            "year_quarter": 20083,
            "year": 2008,
            "quarter": 3,
            "eps": null,
            "eps_growth_year": null,
            "eps_4q": null,
            "eps_4q_growth_year": null,
            "roe": null,
            "roe_4q": 0,
            "gross_profit": null,
            "gross_margin": null,
            "gross_margin_4q_avg": 0,
            "net_income": null,
            "net_income_4q": null,
            "revenue": null,
            "revenue_4q": null,
            "common_shares": null,
            "book_valuer_per_share": null,
            "book_valuer_per_share_4q_avg": 0,
            "equity": null,
            "current_ratio": null,
            "debt_ratio": null,
            "inventory_turnover_ratio": null,
            "account_receivable_turnover_ratio": null,
            "reinvestment_rate": null,
            "research_to_sale_ratio": null,
            "price_fair": 0,
            "eps_avg_yearly": 0,
            "eps_latest_yearly": 0,
            "eps_growth_yearly": 0
        },
        "20084": {
            "year_quarter": 20084,
            "year": 2008,
            "quarter": 4,
            "eps": null,
            "eps_growth_year": null,
            "eps_4q": null,
            "eps_4q_growth_year": null,
            "roe": null,
            "roe_4q": 0,
            "gross_profit": null,
            "gross_margin": null,
            "gross_margin_4q_avg": 0,
            "net_income": null,
            "net_income_4q": null,
            "revenue": null,
            "revenue_4q": null,
            "common_shares": null,
            "book_valuer_per_share": null,
            "book_valuer_per_share_4q_avg": 0,
            "equity": null,
            "current_ratio": null,
            "debt_ratio": null,
            "inventory_turnover_ratio": null,
            "account_receivable_turnover_ratio": null,
            "reinvestment_rate": null,
            "research_to_sale_ratio": null,
            "price_fair": 0,
            "eps_avg_yearly": 0,
            "eps_latest_yearly": 0,
            "eps_growth_yearly": 0
        },
        "20091": {
            "year_quarter": 20091,
            "year": 2009,
            "quarter": 1,
            "eps": null,
            "eps_growth_year": null,
            "eps_4q": null,
            "eps_4q_growth_year": null,
            "roe": null,
            "roe_4q": 0,
            "gross_profit": null,
            "gross_margin": null,
            "gross_margin_4q_avg": 0,
            "net_income": null,
            "net_income_4q": null,
            "revenue": null,
            "revenue_4q": null,
            "common_shares": null,
            "book_valuer_per_share": null,
            "book_valuer_per_share_4q_avg": 0,
            "equity": null,
            "current_ratio": null,
            "debt_ratio": null,
            "inventory_turnover_ratio": null,
            "account_receivable_turnover_ratio": null,
            "reinvestment_rate": null,
            "research_to_sale_ratio": null,
            "price_fair": 0,
            "eps_avg_yearly": 0,
            "eps_latest_yearly": 0,
            "eps_growth_yearly": 0
        },
        "20092": {
            "year_quarter": 20092,
            "year": 2009,
            "quarter": 2,
            "eps": null,
            "eps_growth_year": null,
            "eps_4q": null,
            "eps_4q_growth_year": null,
            "roe": null,
            "roe_4q": 0,
            "gross_profit": null,
            "gross_margin": null,
            "gross_margin_4q_avg": 0,
            "net_income": null,
            "net_income_4q": null,
            "revenue": null,
            "revenue_4q": null,
            "common_shares": null,
            "book_valuer_per_share": null,
            "book_valuer_per_share_4q_avg": 0,
            "equity": null,
            "current_ratio": null,
            "debt_ratio": null,
            "inventory_turnover_ratio": null,
            "account_receivable_turnover_ratio": null,
            "reinvestment_rate": null,
            "research_to_sale_ratio": null,
            "price_fair": 0,
            "eps_avg_yearly": 0,
            "eps_latest_yearly": 0,
            "eps_growth_yearly": 0
        },
        "20093": {
            "year_quarter": 20093,
            "year": 2009,
            "quarter": 3,
            "eps": null,
            "eps_growth_year": null,
            "eps_4q": null,
            "eps_4q_growth_year": null,
            "roe": null,
            "roe_4q": 0,
            "gross_profit": null,
            "gross_margin": null,
            "gross_margin_4q_avg": 0,
            "net_income": null,
            "net_income_4q": null,
            "revenue": null,
            "revenue_4q": null,
            "common_shares": null,
            "book_valuer_per_share": null,
            "book_valuer_per_share_4q_avg": 0,
            "equity": null,
            "current_ratio": null,
            "debt_ratio": null,
            "inventory_turnover_ratio": null,
            "account_receivable_turnover_ratio": null,
            "reinvestment_rate": null,
            "research_to_sale_ratio": null,
            "price_fair": 0,
            "eps_avg_yearly": 0,
            "eps_latest_yearly": 0,
            "eps_growth_yearly": 0
        },
        "20094": {
            "year_quarter": 20094,
            "year": 2009,
            "quarter": 4,
            "eps": null,
            "eps_growth_year": null,
            "eps_4q": null,
            "eps_4q_growth_year": null,
            "roe": null,
            "roe_4q": 0,
            "gross_profit": null,
            "gross_margin": null,
            "gross_margin_4q_avg": 0,
            "net_income": null,
            "net_income_4q": null,
            "revenue": null,
            "revenue_4q": null,
            "common_shares": 300000,
            "book_valuer_per_share": null,
            "book_valuer_per_share_4q_avg": 0,
            "equity": 871910,
            "current_ratio": null,
            "debt_ratio": null,
            "inventory_turnover_ratio": null,
            "account_receivable_turnover_ratio": null,
            "reinvestment_rate": null,
            "research_to_sale_ratio": null,
            "price_fair": 0,
            "eps_avg_yearly": 0,
            "eps_latest_yearly": 0,
            "eps_growth_yearly": 0
        },
        "20101": {
            "year_quarter": 20101,
            "year": 2010,
            "quarter": 1,
            "eps": null,
            "eps_growth_year": null,
            "eps_4q": null,
            "eps_4q_growth_year": null,
            "roe": null,
            "roe_4q": 0,
            "gross_profit": null,
            "gross_margin": null,
            "gross_margin_4q_avg": 0,
            "net_income": null,
            "net_income_4q": null,
            "revenue": null,
            "revenue_4q": null,
            "common_shares": null,
            "book_valuer_per_share": null,
            "book_valuer_per_share_4q_avg": 0,
            "equity": null,
            "current_ratio": null,
            "debt_ratio": null,
            "inventory_turnover_ratio": null,
            "account_receivable_turnover_ratio": null,
            "reinvestment_rate": null,
            "research_to_sale_ratio": null,
            "price_fair": 0,
            "eps_avg_yearly": 0,
            "eps_latest_yearly": 0,
            "eps_growth_yearly": 0
        },
        "20102": {
            "year_quarter": 20102,
            "year": 2010,
            "quarter": 2,
            "eps": null,
            "eps_growth_year": null,
            "eps_4q": null,
            "eps_4q_growth_year": null,
            "roe": null,
            "roe_4q": 0,
            "gross_profit": null,
            "gross_margin": null,
            "gross_margin_4q_avg": 0,
            "net_income": null,
            "net_income_4q": null,
            "revenue": null,
            "revenue_4q": null,
            "common_shares": null,
            "book_valuer_per_share": null,
            "book_valuer_per_share_4q_avg": 0,
            "equity": null,
            "current_ratio": null,
            "debt_ratio": null,
            "inventory_turnover_ratio": null,
            "account_receivable_turnover_ratio": null,
            "reinvestment_rate": null,
            "research_to_sale_ratio": null,
            "price_fair": 0,
            "eps_avg_yearly": 0,
            "eps_latest_yearly": 0,
            "eps_growth_yearly": 0
        },
        "20103": {
            "year_quarter": 20103,
            "year": 2010,
            "quarter": 3,
            "eps": null,
            "eps_growth_year": null,
            "eps_4q": null,
            "eps_4q_growth_year": null,
            "roe": null,
            "roe_4q": 0,
            "gross_profit": null,
            "gross_margin": null,
            "gross_margin_4q_avg": 0,
            "net_income": null,
            "net_income_4q": null,
            "revenue": null,
            "revenue_4q": null,
            "common_shares": null,
            "book_valuer_per_share": null,
            "book_valuer_per_share_4q_avg": 0,
            "equity": null,
            "current_ratio": null,
            "debt_ratio": null,
            "inventory_turnover_ratio": null,
            "account_receivable_turnover_ratio": null,
            "reinvestment_rate": null,
            "research_to_sale_ratio": null,
            "price_fair": 0,
            "eps_avg_yearly": 0,
            "eps_latest_yearly": 0,
            "eps_growth_yearly": 0
        },
        "20104": {
            "year_quarter": 20104,
            "year": 2010,
            "quarter": 4,
            "eps": null,
            "eps_growth_year": null,
            "eps_4q": null,
            "eps_4q_growth_year": null,
            "roe": null,
            "roe_4q": 0,
            "gross_profit": null,
            "gross_margin": null,
            "gross_margin_4q_avg": 0,
            "net_income": null,
            "net_income_4q": null,
            "revenue": null,
            "revenue_4q": null,
            "common_shares": 300000,
            "book_valuer_per_share": 24.82,
            "book_valuer_per_share_4q_avg": 6.21,
            "equity": 744746,
            "current_ratio": 197.51,
            "debt_ratio": 27.07,
            "inventory_turnover_ratio": null,
            "account_receivable_turnover_ratio": null,
            "reinvestment_rate": null,
            "research_to_sale_ratio": null,
            "price_fair": 0,
            "eps_avg_yearly": 0,
            "eps_latest_yearly": 0,
            "eps_growth_yearly": 0
        },
        "20111": {
            "year_quarter": 20111,
            "year": 2011,
            "quarter": 1,
            "eps": null,
            "eps_growth_year": null,
            "eps_4q": null,
            "eps_4q_growth_year": null,
            "roe": null,
            "roe_4q": 0,
            "gross_profit": null,
            "gross_margin": null,
            "gross_margin_4q_avg": 0,
            "net_income": null,
            "net_income_4q": null,
            "revenue": null,
            "revenue_4q": null,
            "common_shares": null,
            "book_valuer_per_share": null,
            "book_valuer_per_share_4q_avg": 6.21,
            "equity": null,
            "current_ratio": null,
            "debt_ratio": null,
            "inventory_turnover_ratio": null,
            "account_receivable_turnover_ratio": null,
            "reinvestment_rate": null,
            "research_to_sale_ratio": null,
            "price_fair": 0,
            "eps_avg_yearly": 0,
            "eps_latest_yearly": 0,
            "eps_growth_yearly": 0
        },
        "20112": {
            "year_quarter": 20112,
            "year": 2011,
            "quarter": 2,
            "eps": null,
            "eps_growth_year": null,
            "eps_4q": null,
            "eps_4q_growth_year": null,
            "roe": null,
            "roe_4q": 0,
            "gross_profit": null,
            "gross_margin": null,
            "gross_margin_4q_avg": 0,
            "net_income": null,
            "net_income_4q": null,
            "revenue": null,
            "revenue_4q": null,
            "common_shares": 300000,
            "book_valuer_per_share": null,
            "book_valuer_per_share_4q_avg": 6.21,
            "equity": 741800,
            "current_ratio": null,
            "debt_ratio": null,
            "inventory_turnover_ratio": null,
            "account_receivable_turnover_ratio": null,
            "reinvestment_rate": null,
            "research_to_sale_ratio": null,
            "price_fair": 0,
            "eps_avg_yearly": 0,
            "eps_latest_yearly": 0,
            "eps_growth_yearly": 0
        },
        "20113": {
            "year_quarter": 20113,
            "year": 2011,
            "quarter": 3,
            "eps": null,
            "eps_growth_year": null,
            "eps_4q": null,
            "eps_4q_growth_year": null,
            "roe": null,
            "roe_4q": 0,
            "gross_profit": null,
            "gross_margin": null,
            "gross_margin_4q_avg": 0,
            "net_income": null,
            "net_income_4q": null,
            "revenue": null,
            "revenue_4q": null,
            "common_shares": null,
            "book_valuer_per_share": null,
            "book_valuer_per_share_4q_avg": 6.21,
            "equity": null,
            "current_ratio": null,
            "debt_ratio": null,
            "inventory_turnover_ratio": null,
            "account_receivable_turnover_ratio": null,
            "reinvestment_rate": null,
            "research_to_sale_ratio": null,
            "price_fair": 0,
            "eps_avg_yearly": 0,
            "eps_latest_yearly": 0,
            "eps_growth_yearly": 0
        },
        "20114": {
            "year_quarter": 20114,
            "year": 2011,
            "quarter": 4,
            "eps": null,
            "eps_growth_year": null,
            "eps_4q": null,
            "eps_4q_growth_year": null,
            "roe": null,
            "roe_4q": 0,
            "gross_profit": null,
            "gross_margin": null,
            "gross_margin_4q_avg": 0,
            "net_income": null,
            "net_income_4q": null,
            "revenue": null,
            "revenue_4q": null,
            "common_shares": 300000,
            "book_valuer_per_share": 26.47,
            "book_valuer_per_share_4q_avg": 6.62,
            "equity": 794123,
            "current_ratio": 340.47,
            "debt_ratio": 27.42,
            "inventory_turnover_ratio": null,
            "account_receivable_turnover_ratio": null,
            "reinvestment_rate": null,
            "research_to_sale_ratio": null,
            "price_fair": 0,
            "eps_avg_yearly": 0,
            "eps_latest_yearly": 0,
            "eps_growth_yearly": 0
        },
        "20121": {
            "year_quarter": 20121,
            "year": 2012,
            "quarter": 1,
            "eps": null,
            "eps_growth_year": null,
            "eps_4q": null,
            "eps_4q_growth_year": null,
            "roe": null,
            "roe_4q": 0,
            "gross_profit": null,
            "gross_margin": null,
            "gross_margin_4q_avg": 0,
            "net_income": null,
            "net_income_4q": null,
            "revenue": null,
            "revenue_4q": null,
            "common_shares": null,
            "book_valuer_per_share": null,
            "book_valuer_per_share_4q_avg": 6.62,
            "equity": null,
            "current_ratio": null,
            "debt_ratio": null,
            "inventory_turnover_ratio": null,
            "account_receivable_turnover_ratio": null,
            "reinvestment_rate": null,
            "research_to_sale_ratio": null,
            "price_fair": 0,
            "eps_avg_yearly": 0,
            "eps_latest_yearly": 0,
            "eps_growth_yearly": 0
        },
        "20122": {
            "year_quarter": 20122,
            "year": 2012,
            "quarter": 2,
            "eps": null,
            "eps_growth_year": null,
            "eps_4q": null,
            "eps_4q_growth_year": null,
            "roe": null,
            "roe_4q": 0,
            "gross_profit": null,
            "gross_margin": null,
            "gross_margin_4q_avg": 0,
            "net_income": null,
            "net_income_4q": null,
            "revenue": null,
            "revenue_4q": null,
            "common_shares": 300000,
            "book_valuer_per_share": 24.76,
            "book_valuer_per_share_4q_avg": 12.81,
            "equity": 742650,
            "current_ratio": 232.25,
            "debt_ratio": 35.27,
            "inventory_turnover_ratio": null,
            "account_receivable_turnover_ratio": null,
            "reinvestment_rate": null,
            "research_to_sale_ratio": null,
            "price_fair": 0,
            "eps_avg_yearly": 0,
            "eps_latest_yearly": 0,
            "eps_growth_yearly": 0
        },
        "20123": {
            "year_quarter": 20123,
            "year": 2012,
            "quarter": 3,
            "eps": null,
            "eps_growth_year": null,
            "eps_4q": null,
            "eps_4q_growth_year": null,
            "roe": null,
            "roe_4q": 0,
            "gross_profit": null,
            "gross_margin": null,
            "gross_margin_4q_avg": 0,
            "net_income": null,
            "net_income_4q": null,
            "revenue": null,
            "revenue_4q": null,
            "common_shares": null,
            "book_valuer_per_share": null,
            "book_valuer_per_share_4q_avg": 12.81,
            "equity": null,
            "current_ratio": null,
            "debt_ratio": null,
            "inventory_turnover_ratio": null,
            "account_receivable_turnover_ratio": null,
            "reinvestment_rate": null,
            "research_to_sale_ratio": null,
            "price_fair": 0,
            "eps_avg_yearly": 0,
            "eps_latest_yearly": 0,
            "eps_growth_yearly": 0
        },
        "20124": {
            "year_quarter": 20124,
            "year": 2012,
            "quarter": 4,
            "eps": null,
            "eps_growth_year": null,
            "eps_4q": null,
            "eps_4q_growth_year": null,
            "roe": null,
            "roe_4q": 0,
            "gross_profit": null,
            "gross_margin": null,
            "gross_margin_4q_avg": 0,
            "net_income": null,
            "net_income_4q": null,
            "revenue": null,
            "revenue_4q": null,
            "common_shares": 300000,
            "book_valuer_per_share": 25.1,
            "book_valuer_per_share_4q_avg": 12.47,
            "equity": 753137,
            "current_ratio": 353.42,
            "debt_ratio": 24.69,
            "inventory_turnover_ratio": null,
            "account_receivable_turnover_ratio": null,
            "reinvestment_rate": null,
            "research_to_sale_ratio": null,
            "price_fair": 0,
            "eps_avg_yearly": 0,
            "eps_latest_yearly": 0,
            "eps_growth_yearly": 0
        },
        "20131": {
            "year_quarter": 20131,
            "year": 2013,
            "quarter": 1,
            "eps": null,
            "eps_growth_year": null,
            "eps_4q": null,
            "eps_4q_growth_year": null,
            "roe": null,
            "roe_4q": 0,
            "gross_profit": null,
            "gross_margin": null,
            "gross_margin_4q_avg": 0,
            "net_income": null,
            "net_income_4q": null,
            "revenue": null,
            "revenue_4q": null,
            "common_shares": null,
            "book_valuer_per_share": null,
            "book_valuer_per_share_4q_avg": 12.47,
            "equity": null,
            "current_ratio": null,
            "debt_ratio": null,
            "inventory_turnover_ratio": null,
            "account_receivable_turnover_ratio": null,
            "reinvestment_rate": null,
            "research_to_sale_ratio": null,
            "price_fair": 0,
            "eps_avg_yearly": 0,
            "eps_latest_yearly": 0,
            "eps_growth_yearly": 0
        },
        "20132": {
            "year_quarter": 20132,
            "year": 2013,
            "quarter": 2,
            "eps": null,
            "eps_growth_year": null,
            "eps_4q": null,
            "eps_4q_growth_year": null,
            "roe": null,
            "roe_4q": 0,
            "gross_profit": null,
            "gross_margin": null,
            "gross_margin_4q_avg": 0,
            "net_income": null,
            "net_income_4q": null,
            "revenue": null,
            "revenue_4q": null,
            "common_shares": 300000,
            "book_valuer_per_share": 25.14,
            "book_valuer_per_share_4q_avg": 12.56,
            "equity": 754266,
            "current_ratio": 267.59,
            "debt_ratio": 30.56,
            "inventory_turnover_ratio": null,
            "account_receivable_turnover_ratio": null,
            "reinvestment_rate": null,
            "research_to_sale_ratio": null,
            "price_fair": 0,
            "eps_avg_yearly": 0,
            "eps_latest_yearly": 0,
            "eps_growth_yearly": 0
        },
        "20133": {
            "year_quarter": 20133,
            "year": 2013,
            "quarter": 3,
            "eps": null,
            "eps_growth_year": null,
            "eps_4q": null,
            "eps_4q_growth_year": null,
            "roe": null,
            "roe_4q": 0,
            "gross_profit": null,
            "gross_margin": null,
            "gross_margin_4q_avg": 0,
            "net_income": null,
            "net_income_4q": null,
            "revenue": null,
            "revenue_4q": null,
            "common_shares": null,
            "book_valuer_per_share": null,
            "book_valuer_per_share_4q_avg": 12.56,
            "equity": null,
            "current_ratio": null,
            "debt_ratio": null,
            "inventory_turnover_ratio": null,
            "account_receivable_turnover_ratio": null,
            "reinvestment_rate": null,
            "research_to_sale_ratio": null,
            "price_fair": 0,
            "eps_avg_yearly": 0,
            "eps_latest_yearly": 0,
            "eps_growth_yearly": 0
        },
        "20134": {
            "year_quarter": 20134,
            "year": 2013,
            "quarter": 4,
            "eps": null,
            "eps_growth_year": null,
            "eps_4q": null,
            "eps_4q_growth_year": null,
            "roe": null,
            "roe_4q": 0,
            "gross_profit": null,
            "gross_margin": null,
            "gross_margin_4q_avg": 0,
            "net_income": null,
            "net_income_4q": null,
            "revenue": null,
            "revenue_4q": null,
            "common_shares": 300000,
            "book_valuer_per_share": 26.11,
            "book_valuer_per_share_4q_avg": 12.81,
            "equity": 783354,
            "current_ratio": 313.27,
            "debt_ratio": 22.55,
            "inventory_turnover_ratio": null,
            "account_receivable_turnover_ratio": null,
            "reinvestment_rate": null,
            "research_to_sale_ratio": null,
            "price_fair": 0,
            "eps_avg_yearly": 0,
            "eps_latest_yearly": 0,
            "eps_growth_yearly": 0
        },
        "20141": {
            "year_quarter": 20141,
            "year": 2014,
            "quarter": 1,
            "eps": null,
            "eps_growth_year": null,
            "eps_4q": null,
            "eps_4q_growth_year": null,
            "roe": null,
            "roe_4q": 0,
            "gross_profit": null,
            "gross_margin": null,
            "gross_margin_4q_avg": 0,
            "net_income": null,
            "net_income_4q": null,
            "revenue": null,
            "revenue_4q": null,
            "common_shares": null,
            "book_valuer_per_share": null,
            "book_valuer_per_share_4q_avg": 12.81,
            "equity": null,
            "current_ratio": null,
            "debt_ratio": null,
            "inventory_turnover_ratio": null,
            "account_receivable_turnover_ratio": null,
            "reinvestment_rate": null,
            "research_to_sale_ratio": null,
            "price_fair": 0,
            "eps_avg_yearly": 0,
            "eps_latest_yearly": 0,
            "eps_growth_yearly": 0
        },
        "20142": {
            "year_quarter": 20142,
            "year": 2014,
            "quarter": 2,
            "eps": null,
            "eps_growth_year": null,
            "eps_4q": null,
            "eps_4q_growth_year": null,
            "roe": null,
            "roe_4q": 0,
            "gross_profit": null,
            "gross_margin": null,
            "gross_margin_4q_avg": 0,
            "net_income": null,
            "net_income_4q": null,
            "revenue": null,
            "revenue_4q": null,
            "common_shares": 300000,
            "book_valuer_per_share": 24.94,
            "book_valuer_per_share_4q_avg": 12.76,
            "equity": 728079,
            "current_ratio": 237.99,
            "debt_ratio": 33.83,
            "inventory_turnover_ratio": null,
            "account_receivable_turnover_ratio": null,
            "reinvestment_rate": null,
            "research_to_sale_ratio": null,
            "price_fair": 0,
            "eps_avg_yearly": 0,
            "eps_latest_yearly": 0,
            "eps_growth_yearly": 0
        },
        "20143": {
            "year_quarter": 20143,
            "year": 2014,
            "quarter": 3,
            "eps": null,
            "eps_growth_year": null,
            "eps_4q": null,
            "eps_4q_growth_year": null,
            "roe": null,
            "roe_4q": 0,
            "gross_profit": null,
            "gross_margin": null,
            "gross_margin_4q_avg": 0,
            "net_income": null,
            "net_income_4q": null,
            "revenue": null,
            "revenue_4q": null,
            "common_shares": null,
            "book_valuer_per_share": null,
            "book_valuer_per_share_4q_avg": 12.76,
            "equity": null,
            "current_ratio": null,
            "debt_ratio": null,
            "inventory_turnover_ratio": null,
            "account_receivable_turnover_ratio": null,
            "reinvestment_rate": null,
            "research_to_sale_ratio": null,
            "price_fair": 0,
            "eps_avg_yearly": 0,
            "eps_latest_yearly": 0,
            "eps_growth_yearly": 0
        },
        "20144": {
            "year_quarter": 20144,
            "year": 2014,
            "quarter": 4,
            "eps": null,
            "eps_growth_year": null,
            "eps_4q": null,
            "eps_4q_growth_year": null,
            "roe": null,
            "roe_4q": 0,
            "gross_profit": null,
            "gross_margin": null,
            "gross_margin_4q_avg": 0,
            "net_income": null,
            "net_income_4q": null,
            "revenue": null,
            "revenue_4q": null,
            "common_shares": 300000,
            "book_valuer_per_share": 26.23,
            "book_valuer_per_share_4q_avg": 12.79,
            "equity": 765636,
            "current_ratio": 250.89,
            "debt_ratio": 31.28,
            "inventory_turnover_ratio": null,
            "account_receivable_turnover_ratio": null,
            "reinvestment_rate": null,
            "research_to_sale_ratio": null,
            "price_fair": 0,
            "eps_avg_yearly": 0,
            "eps_latest_yearly": 0,
            "eps_growth_yearly": 0
        },
        "20151": {
            "year_quarter": 20151,
            "year": 2015,
            "quarter": 1,
            "eps": null,
            "eps_growth_year": null,
            "eps_4q": null,
            "eps_4q_growth_year": null,
            "roe": null,
            "roe_4q": 0,
            "gross_profit": null,
            "gross_margin": null,
            "gross_margin_4q_avg": 0,
            "net_income": null,
            "net_income_4q": null,
            "revenue": null,
            "revenue_4q": null,
            "common_shares": null,
            "book_valuer_per_share": null,
            "book_valuer_per_share_4q_avg": 12.79,
            "equity": null,
            "current_ratio": null,
            "debt_ratio": null,
            "inventory_turnover_ratio": null,
            "account_receivable_turnover_ratio": null,
            "reinvestment_rate": null,
            "research_to_sale_ratio": null,
            "price_fair": 0,
            "eps_avg_yearly": 0,
            "eps_latest_yearly": 0,
            "eps_growth_yearly": 0
        },
        "20152": {
            "year_quarter": 20152,
            "year": 2015,
            "quarter": 2,
            "eps": null,
            "eps_growth_year": null,
            "eps_4q": null,
            "eps_4q_growth_year": null,
            "roe": null,
            "roe_4q": 0,
            "gross_profit": null,
            "gross_margin": null,
            "gross_margin_4q_avg": 0,
            "net_income": null,
            "net_income_4q": null,
            "revenue": null,
            "revenue_4q": null,
            "common_shares": 300000,
            "book_valuer_per_share": 27.16,
            "book_valuer_per_share_4q_avg": 13.35,
            "equity": 792931,
            "current_ratio": 155.04,
            "debt_ratio": 39.77,
            "inventory_turnover_ratio": null,
            "account_receivable_turnover_ratio": null,
            "reinvestment_rate": null,
            "research_to_sale_ratio": null,
            "price_fair": 0,
            "eps_avg_yearly": 0,
            "eps_latest_yearly": 0,
            "eps_growth_yearly": 0
        },
        "20153": {
            "year_quarter": 20153,
            "year": 2015,
            "quarter": 3,
            "eps": null,
            "eps_growth_year": null,
            "eps_4q": null,
            "eps_4q_growth_year": null,
            "roe": null,
            "roe_4q": 0,
            "gross_profit": 48144,
            "gross_margin": null,
            "gross_margin_4q_avg": 0,
            "net_income": 24898,
            "net_income_4q": null,
            "revenue": 299337,
            "revenue_4q": null,
            "common_shares": 300000,
            "book_valuer_per_share": null,
            "book_valuer_per_share_4q_avg": 13.35,
            "equity": 836709,
            "current_ratio": null,
            "debt_ratio": null,
            "inventory_turnover_ratio": null,
            "account_receivable_turnover_ratio": null,
            "reinvestment_rate": null,
            "research_to_sale_ratio": null,
            "price_fair": 0,
            "eps_avg_yearly": 0,
            "eps_latest_yearly": 0,
            "eps_growth_yearly": 0
        },
        "20154": {
            "year_quarter": 20154,
            "year": 2015,
            "quarter": 4,
            "eps": null,
            "eps_growth_year": null,
            "eps_4q": null,
            "eps_4q_growth_year": null,
            "roe": null,
            "roe_4q": 0,
            "gross_profit": 42145,
            "gross_margin": null,
            "gross_margin_4q_avg": 0,
            "net_income": 11399,
            "net_income_4q": null,
            "revenue": 264269,
            "revenue_4q": null,
            "common_shares": 300000,
            "book_valuer_per_share": 29.53,
            "book_valuer_per_share_4q_avg": 14.17,
            "equity": 862018,
            "current_ratio": 179.03,
            "debt_ratio": 31.89,
            "inventory_turnover_ratio": null,
            "account_receivable_turnover_ratio": null,
            "reinvestment_rate": null,
            "research_to_sale_ratio": null,
            "price_fair": 0,
            "eps_avg_yearly": 0,
            "eps_latest_yearly": 0,
            "eps_growth_yearly": 0
        },
        "20161": {
            "year_quarter": 20161,
            "year": 2016,
            "quarter": 1,
            "eps": null,
            "eps_growth_year": null,
            "eps_4q": null,
            "eps_4q_growth_year": null,
            "roe": null,
            "roe_4q": 0,
            "gross_profit": null,
            "gross_margin": null,
            "gross_margin_4q_avg": 0,
            "net_income": null,
            "net_income_4q": null,
            "revenue": null,
            "revenue_4q": null,
            "common_shares": null,
            "book_valuer_per_share": null,
            "book_valuer_per_share_4q_avg": 14.17,
            "equity": null,
            "current_ratio": null,
            "debt_ratio": null,
            "inventory_turnover_ratio": null,
            "account_receivable_turnover_ratio": null,
            "reinvestment_rate": null,
            "research_to_sale_ratio": null,
            "price_fair": 0,
            "eps_avg_yearly": 0,
            "eps_latest_yearly": 0,
            "eps_growth_yearly": 0
        },
        "20162": {
            "year_quarter": 20162,
            "year": 2016,
            "quarter": 2,
            "eps": null,
            "eps_growth_year": null,
            "eps_4q": null,
            "eps_4q_growth_year": null,
            "roe": null,
            "roe_4q": 0,
            "gross_profit": null,
            "gross_margin": null,
            "gross_margin_4q_avg": 0,
            "net_income": null,
            "net_income_4q": null,
            "revenue": null,
            "revenue_4q": null,
            "common_shares": 300000,
            "book_valuer_per_share": 32.99,
            "book_valuer_per_share_4q_avg": 15.63,
            "equity": 962974,
            "current_ratio": 153.52,
            "debt_ratio": 30.39,
            "inventory_turnover_ratio": null,
            "account_receivable_turnover_ratio": null,
            "reinvestment_rate": null,
            "research_to_sale_ratio": null,
            "price_fair": 0,
            "eps_avg_yearly": 0,
            "eps_latest_yearly": 0,
            "eps_growth_yearly": 0
        },
        "20163": {
            "year_quarter": 20163,
            "year": 2016,
            "quarter": 3,
            "eps": 1.06,
            "eps_growth_year": null,
            "eps_4q": null,
            "eps_4q_growth_year": null,
            "roe": 3.08,
            "roe_4q": 3.08,
            "gross_profit": 49521,
            "gross_margin": 16.49,
            "gross_margin_4q_avg": 4.12,
            "net_income": 30915,
            "net_income_4q": null,
            "revenue": 300290,
            "revenue_4q": null,
            "common_shares": 300000,
            "book_valuer_per_share": 35.81,
            "book_valuer_per_share_4q_avg": 24.58,
            "equity": 1045529,
            "current_ratio": 188.24,
            "debt_ratio": 26.1,
            "inventory_turnover_ratio": 1.3,
            "account_receivable_turnover_ratio": 1.83,
            "reinvestment_rate": null,
            "research_to_sale_ratio": 0.47,
            "price_fair": 0,
            "eps_avg_yearly": 0,
            "eps_latest_yearly": 0,
            "eps_growth_yearly": 0
        },
        "20164": {
            "year_quarter": 20164,
            "year": 2016,
            "quarter": 4,
            "eps": 0.77,
            "eps_growth_year": null,
            "eps_4q": null,
            "eps_4q_growth_year": null,
            "roe": 2.12,
            "roe_4q": 5.2,
            "gross_profit": 46099,
            "gross_margin": 16.49,
            "gross_margin_4q_avg": 8.25,
            "net_income": 22716,
            "net_income_4q": null,
            "revenue": 279511,
            "revenue_4q": null,
            "common_shares": 300000,
            "book_valuer_per_share": 36.85,
            "book_valuer_per_share_4q_avg": 26.41,
            "equity": 1094251,
            "current_ratio": 188.27,
            "debt_ratio": 25.09,
            "inventory_turnover_ratio": 1.25,
            "account_receivable_turnover_ratio": 1.61,
            "reinvestment_rate": null,
            "research_to_sale_ratio": 0.69,
            "price_fair": 9.24,
            "eps_avg_yearly": 3.08,
            "eps_latest_yearly": 3.08,
            "eps_growth_yearly": -109.43
        },
        "20171": {
            "year_quarter": 20171,
            "year": 2017,
            "quarter": 1,
            "eps": 0.52,
            "eps_growth_year": null,
            "eps_4q": null,
            "eps_4q_growth_year": null,
            "roe": 1.44,
            "roe_4q": 6.640000000000001,
            "gross_profit": 42630,
            "gross_margin": 14.24,
            "gross_margin_4q_avg": 11.81,
            "net_income": 15527,
            "net_income_4q": null,
            "revenue": 299303,
            "revenue_4q": null,
            "common_shares": 296932,
            "book_valuer_per_share": 35.9,
            "book_valuer_per_share_4q_avg": 35.39,
            "equity": 1065871,
            "current_ratio": 173.79,
            "debt_ratio": 27.86,
            "inventory_turnover_ratio": 1.43,
            "account_receivable_turnover_ratio": 1.55,
            "reinvestment_rate": null,
            "research_to_sale_ratio": 0.9,
            "price_fair": 7.74,
            "eps_avg_yearly": 2.58,
            "eps_latest_yearly": 2.08,
            "eps_growth_yearly": -119.65
        },
        "20172": {
            "year_quarter": 20172,
            "year": 2017,
            "quarter": 2,
            "eps": -0.1,
            "eps_growth_year": null,
            "eps_4q": 2.02,
            "eps_4q_growth_year": null,
            "roe": -0.29,
            "roe_4q": 6.35,
            "gross_profit": 28062,
            "gross_margin": 11.15,
            "gross_margin_4q_avg": 14.59,
            "net_income": -3090,
            "net_income_4q": null,
            "revenue": 251728,
            "revenue_4q": null,
            "common_shares": 326792,
            "book_valuer_per_share": 32.33,
            "book_valuer_per_share_4q_avg": 35.22,
            "equity": 1056549,
            "current_ratio": 154.99,
            "debt_ratio": 21.12,
            "inventory_turnover_ratio": 1.32,
            "account_receivable_turnover_ratio": 1.38,
            "reinvestment_rate": null,
            "research_to_sale_ratio": 1.07,
            "price_fair": 7.74,
            "eps_avg_yearly": 2.58,
            "eps_latest_yearly": 2.08,
            "eps_growth_yearly": -119.65
        },
        "20173": {
            "year_quarter": 20173,
            "year": 2017,
            "quarter": 3,
            "eps": 0.43,
            "eps_growth_year": -59.43,
            "eps_4q": 1.5,
            "eps_4q_growth_year": null,
            "roe": 1.32,
            "roe_4q": 4.59,
            "gross_profit": 38526,
            "gross_margin": 13.58,
            "gross_margin_4q_avg": 13.87,
            "net_income": 13931,
            "net_income_4q": null,
            "revenue": 283771,
            "revenue_4q": null,
            "common_shares": 326792,
            "book_valuer_per_share": 32.44,
            "book_valuer_per_share_4q_avg": 34.38,
            "equity": 1060070,
            "current_ratio": 203.2,
            "debt_ratio": 23.93,
            "inventory_turnover_ratio": 1.35,
            "account_receivable_turnover_ratio": 1.6,
            "reinvestment_rate": null,
            "research_to_sale_ratio": 0.8,
            "price_fair": 7.74,
            "eps_avg_yearly": 2.58,
            "eps_latest_yearly": 2.08,
            "eps_growth_yearly": -119.65
        },
        "20174": {
            "year_quarter": 20174,
            "year": 2017,
            "quarter": 4,
            "eps": 0.36,
            "eps_growth_year": -52.79,
            "eps_4q": 1.17,
            "eps_4q_growth_year": null,
            "roe": 1.11,
            "roe_4q": 3.58,
            "gross_profit": 34347,
            "gross_margin": 13.61,
            "gross_margin_4q_avg": 13.15,
            "net_income": 11802,
            "net_income_4q": null,
            "revenue": 252439,
            "revenue_4q": null,
            "common_shares": 326792,
            "book_valuer_per_share": 32.67,
            "book_valuer_per_share_4q_avg": 33.34,
            "equity": 1067742,
            "current_ratio": 190.06,
            "debt_ratio": 25.66,
            "inventory_turnover_ratio": 1,
            "account_receivable_turnover_ratio": 1.36,
            "reinvestment_rate": null,
            "research_to_sale_ratio": 0.94,
            "price_fair": 6.6,
            "eps_avg_yearly": 2.2,
            "eps_latest_yearly": 1.44,
            "eps_growth_yearly": -101.47
        },
        "20181": {
            "year_quarter": 20181,
            "year": 2018,
            "quarter": 1,
            "eps": 0.35,
            "eps_growth_year": -32.69,
            "eps_4q": 1.04,
            "eps_4q_growth_year": null,
            "roe": 1.06,
            "roe_4q": 3.2,
            "gross_profit": 46880,
            "gross_margin": 14.85,
            "gross_margin_4q_avg": 13.3,
            "net_income": 11343,
            "net_income_4q": null,
            "revenue": 315638,
            "revenue_4q": null,
            "common_shares": 326792,
            "book_valuer_per_share": 32.66,
            "book_valuer_per_share_4q_avg": 32.53,
            "equity": 1067348,
            "current_ratio": 174.06,
            "debt_ratio": 29.45,
            "inventory_turnover_ratio": 1.08,
            "account_receivable_turnover_ratio": 1.53,
            "reinvestment_rate": null,
            "research_to_sale_ratio": 0.52,
            "price_fair": 6,
            "eps_avg_yearly": 2,
            "eps_latest_yearly": 1.4,
            "eps_growth_yearly": -78.88
        },
        "20182": {
            "year_quarter": 20182,
            "year": 2018,
            "quarter": 2,
            "eps": 0.73,
            "eps_growth_year": null,
            "eps_4q": 1.87,
            "eps_4q_growth_year": -7.65,
            "roe": 2.28,
            "roe_4q": 5.7700000000000005,
            "gross_profit": 51323,
            "gross_margin": 14.41,
            "gross_margin_4q_avg": 14.11,
            "net_income": 23939,
            "net_income_4q": null,
            "revenue": 356043,
            "revenue_4q": null,
            "common_shares": 326792,
            "book_valuer_per_share": 31.46,
            "book_valuer_per_share_4q_avg": 32.31,
            "equity": 1027955,
            "current_ratio": 168.29,
            "debt_ratio": 28.28,
            "inventory_turnover_ratio": 1.23,
            "account_receivable_turnover_ratio": 1.53,
            "reinvestment_rate": null,
            "research_to_sale_ratio": 0.42,
            "price_fair": 73.71,
            "eps_avg_yearly": 2.18,
            "eps_latest_yearly": 2.92,
            "eps_growth_yearly": 23.75
        },
        "20183": {
            "year_quarter": 20183,
            "year": 2018,
            "quarter": 3,
            "eps": 1.14,
            "eps_growth_year": 165.12,
            "eps_4q": 2.58,
            "eps_4q_growth_year": 72.02,
            "roe": 3.62,
            "roe_4q": 8.07,
            "gross_profit": 74257,
            "gross_margin": 20.08,
            "gross_margin_4q_avg": 15.74,
            "net_income": 37350,
            "net_income_4q": null,
            "revenue": 369773,
            "revenue_4q": null,
            "common_shares": 326792,
            "book_valuer_per_share": 31.6,
            "book_valuer_per_share_4q_avg": 32.1,
            "equity": 1032816,
            "current_ratio": 178.66,
            "debt_ratio": 28.37,
            "inventory_turnover_ratio": 1.17,
            "account_receivable_turnover_ratio": 1.49,
            "reinvestment_rate": null,
            "research_to_sale_ratio": 0.83,
            "price_fair": 90.3,
            "eps_avg_yearly": 2.58,
            "eps_latest_yearly": 4.56,
            "eps_growth_yearly": 57.24
        },
        "20184": {
            "year_quarter": 20184,
            "year": 2018,
            "quarter": 4,
            "eps": 0.64,
            "eps_growth_year": 77.97,
            "eps_4q": 2.87,
            "eps_4q_growth_year": 145.31,
            "roe": 2.04,
            "roe_4q": 9,
            "gross_profit": 58151,
            "gross_margin": 16.21,
            "gross_margin_4q_avg": 16.39,
            "net_income": 21004,
            "net_income_4q": null,
            "revenue": 358828,
            "revenue_4q": null,
            "common_shares": 326792,
            "book_valuer_per_share": 31.53,
            "book_valuer_per_share_4q_avg": 31.81,
            "equity": 1030391,
            "current_ratio": 183.99,
            "debt_ratio": 28.7,
            "inventory_turnover_ratio": 1.05,
            "account_receivable_turnover_ratio": 1.36,
            "reinvestment_rate": null,
            "research_to_sale_ratio": 0.79,
            "price_fair": 87.61,
            "eps_avg_yearly": 2.58,
            "eps_latest_yearly": 2.56,
            "eps_growth_yearly": 24
        },
        "20191": {
            "year_quarter": 20191,
            "year": 2019,
            "quarter": 1,
            "eps": 0.83,
            "eps_growth_year": 137.14,
            "eps_4q": 3.35,
            "eps_4q_growth_year": 222.06,
            "roe": 2.64,
            "roe_4q": 10.58,
            "gross_profit": 73478,
            "gross_margin": 19.2,
            "gross_margin_4q_avg": 17.48,
            "net_income": 27162,
            "net_income_4q": null,
            "revenue": 382643,
            "revenue_4q": null,
            "common_shares": 326792,
            "book_valuer_per_share": 31.49,
            "book_valuer_per_share_4q_avg": 31.52,
            "equity": 1029114,
            "current_ratio": 170.98,
            "debt_ratio": 32.6,
            "inventory_turnover_ratio": 0.9,
            "account_receivable_turnover_ratio": 1.39,
            "reinvestment_rate": null,
            "research_to_sale_ratio": 0.72,
            "price_fair": 93.45,
            "eps_avg_yearly": 2.67,
            "eps_latest_yearly": 3.32,
            "eps_growth_yearly": 35.84
        },
        "20192": {
            "year_quarter": 20192,
            "year": 2019,
            "quarter": 2,
            "eps": 1.65,
            "eps_growth_year": 126.03,
            "eps_4q": 4.27,
            "eps_4q_growth_year": 128.45,
            "roe": 5.3,
            "roe_4q": 13.600000000000001,
            "gross_profit": 110859,
            "gross_margin": 20.39,
            "gross_margin_4q_avg": 18.97,
            "net_income": 53873,
            "net_income_4q": null,
            "revenue": 543660,
            "revenue_4q": null,
            "common_shares": 326792,
            "book_valuer_per_share": 30.72,
            "book_valuer_per_share_4q_avg": 31.34,
            "equity": 1003885,
            "current_ratio": 148.63,
            "debt_ratio": 39.87,
            "inventory_turnover_ratio": 1.2,
            "account_receivable_turnover_ratio": 1.8,
            "reinvestment_rate": null,
            "research_to_sale_ratio": 0.33,
            "price_fair": 108.73,
            "eps_avg_yearly": 3.11,
            "eps_latest_yearly": 6.6,
            "eps_growth_yearly": 75.77
        },
        "20193": {
            "year_quarter": 20193,
            "year": 2019,
            "quarter": 3,
            "eps": 1.28,
            "eps_growth_year": 12.28,
            "eps_4q": 4.4,
            "eps_4q_growth_year": 70.26,
            "roe": 4.09,
            "roe_4q": 14.07,
            "gross_profit": 87834,
            "gross_margin": 18.97,
            "gross_margin_4q_avg": 18.69,
            "net_income": 41717,
            "net_income_4q": null,
            "revenue": 463012,
            "revenue_4q": null,
            "common_shares": 326792,
            "book_valuer_per_share": 31.63,
            "book_valuer_per_share_4q_avg": 31.34,
            "equity": 1033790,
            "current_ratio": 164.63,
            "debt_ratio": 37.74,
            "inventory_turnover_ratio": 1.07,
            "account_receivable_turnover_ratio": 1.51,
            "reinvestment_rate": null,
            "research_to_sale_ratio": 0.38,
            "price_fair": 115.78,
            "eps_avg_yearly": 3.31,
            "eps_latest_yearly": 5.12,
            "eps_growth_yearly": 59.22
        },
        "20194": {
            "year_quarter": 20194,
            "year": 2019,
            "quarter": 4,
            "eps": 0.5,
            "eps_growth_year": -22.18,
            "eps_4q": 4.26,
            "eps_4q_growth_year": 48.55,
            "roe": 1.58,
            "roe_4q": 13.61,
            "gross_profit": 70901,
            "gross_margin": 16.58,
            "gross_margin_4q_avg": 18.79,
            "net_income": 16346,
            "net_income_4q": null,
            "revenue": 427704,
            "revenue_4q": null,
            "common_shares": 326792,
            "book_valuer_per_share": 31.59,
            "book_valuer_per_share_4q_avg": 31.36,
            "equity": 1032222,
            "current_ratio": 186.19,
            "debt_ratio": 47.05,
            "inventory_turnover_ratio": 0.97,
            "account_receivable_turnover_ratio": 1.45,
            "reinvestment_rate": null,
            "research_to_sale_ratio": 0.49,
            "price_fair": 111.62,
            "eps_avg_yearly": 3.19,
            "eps_latest_yearly": 2,
            "eps_growth_yearly": 31.68
        },
        "20201": {
            "year_quarter": 20201,
            "year": 2020,
            "quarter": 1,
            "eps": 1.14,
            "eps_growth_year": 37.35,
            "eps_4q": 4.54,
            "eps_4q_growth_year": 35.44,
            "roe": 3.82,
            "roe_4q": 14.79,
            "gross_profit": 78481,
            "gross_margin": 16.36,
            "gross_margin_4q_avg": 18.08,
            "net_income": 37403,
            "net_income_4q": null,
            "revenue": 479704,
            "revenue_4q": null,
            "common_shares": 329196,
            "book_valuer_per_share": 28.15,
            "book_valuer_per_share_4q_avg": 30.52,
            "equity": 926735,
            "current_ratio": 153.66,
            "debt_ratio": 52.52,
            "inventory_turnover_ratio": 1.09,
            "account_receivable_turnover_ratio": 1.42,
            "reinvestment_rate": null,
            "research_to_sale_ratio": 0.45,
            "price_fair": 115.62,
            "eps_avg_yearly": 3.3,
            "eps_latest_yearly": 4.56,
            "eps_growth_yearly": 71.7
        },
        "20202": {
            "year_quarter": 20202,
            "year": 2020,
            "quarter": 2,
            "eps": 0.94,
            "eps_growth_year": -43.03,
            "eps_4q": 3.72,
            "eps_4q_growth_year": -12.8,
            "roe": 3.17,
            "roe_4q": 12.66,
            "gross_profit": 80968,
            "gross_margin": 16.63,
            "gross_margin_4q_avg": 17.14,
            "net_income": 31189,
            "net_income_4q": null,
            "revenue": 486968,
            "revenue_4q": null,
            "common_shares": 340526,
            "book_valuer_per_share": 30.58,
            "book_valuer_per_share_4q_avg": 30.49,
            "equity": 1041488,
            "current_ratio": 155.06,
            "debt_ratio": 50.02,
            "inventory_turnover_ratio": 1.12,
            "account_receivable_turnover_ratio": 1.4,
            "reinvestment_rate": -76.31,
            "research_to_sale_ratio": 0.57,
            "price_fair": 116.85,
            "eps_avg_yearly": 3.34,
            "eps_latest_yearly": 3.76,
            "eps_growth_yearly": 60.79
        },
        "20203": {
            "year_quarter": 20203,
            "year": 2020,
            "quarter": 3,
            "eps": 0.96,
            "eps_growth_year": -25,
            "eps_4q": 2.96,
            "eps_4q_growth_year": -32.63,
            "roe": 3.62,
            "roe_4q": 12.19,
            "gross_profit": 100143,
            "gross_margin": 16.87,
            "gross_margin_4q_avg": 16.61,
            "net_income": 39813,
            "net_income_4q": null,
            "revenue": 593773,
            "revenue_4q": null,
            "common_shares": 420956,
            "book_valuer_per_share": 27.47,
            "book_valuer_per_share_4q_avg": 29.45,
            "equity": 1156258,
            "current_ratio": 197.39,
            "debt_ratio": 50.91,
            "inventory_turnover_ratio": 1.21,
            "account_receivable_turnover_ratio": 1.72,
            "reinvestment_rate": -92.22,
            "research_to_sale_ratio": 0.48,
            "price_fair": 118.1,
            "eps_avg_yearly": 3.37,
            "eps_latest_yearly": 3.84,
            "eps_growth_yearly": 57.06
        },
        "20204": {
            "year_quarter": 20204,
            "year": 2020,
            "quarter": 4,
            "eps": 0.97,
            "eps_growth_year": 94.13,
            "eps_4q": 3.38,
            "eps_4q_growth_year": -20.58,
            "roe": 3.63,
            "roe_4q": 14.24,
            "gross_profit": 113243,
            "gross_margin": 16.34,
            "gross_margin_4q_avg": 16.55,
            "net_income": 43686,
            "net_income_4q": null,
            "revenue": 693076,
            "revenue_4q": null,
            "common_shares": 449893,
            "book_valuer_per_share": 27.83,
            "book_valuer_per_share_4q_avg": 28.51,
            "equity": 1252065,
            "current_ratio": 156.08,
            "debt_ratio": 51.96,
            "inventory_turnover_ratio": 1.13,
            "account_receivable_turnover_ratio": 1.59,
            "reinvestment_rate": -87.01,
            "research_to_sale_ratio": 0.42,
            "price_fair": 120.1,
            "eps_avg_yearly": 3.43,
            "eps_latest_yearly": 3.88,
            "eps_growth_yearly": 65.17
        },
        "20211": {
            "year_quarter": 20211,
            "year": 2021,
            "quarter": 1,
            "eps": 1.19,
            "eps_growth_year": 4.39,
            "eps_4q": 3.72,
            "eps_4q_growth_year": -17.94,
            "roe": 4.24,
            "roe_4q": 14.66,
            "gross_profit": 121876,
            "gross_margin": 16.42,
            "gross_margin_4q_avg": 16.57,
            "net_income": 54033,
            "net_income_4q": null,
            "revenue": 742162,
            "revenue_4q": null,
            "common_shares": 453235,
            "book_valuer_per_share": 28.67,
            "book_valuer_per_share_4q_avg": 28.64,
            "equity": 1299518,
            "current_ratio": 162.06,
            "debt_ratio": 52.79,
            "inventory_turnover_ratio": 1.05,
            "account_receivable_turnover_ratio": 1.43,
            "reinvestment_rate": -70.54,
            "research_to_sale_ratio": 0.29,
            "price_fair": 126.8,
            "eps_avg_yearly": 3.62,
            "eps_latest_yearly": 4.76,
            "eps_growth_yearly": 80.93
        },
        "20212": {
            "year_quarter": 20212,
            "year": 2021,
            "quarter": 2,
            "eps": 1.29,
            "eps_growth_year": 37.23,
            "eps_4q": 3.9,
            "eps_4q_growth_year": 4.75,
            "roe": 4.38,
            "roe_4q": 15.870000000000001,
            "gross_profit": 133107,
            "gross_margin": 18.77,
            "gross_margin_4q_avg": 17.1,
            "net_income": 58582,
            "net_income_4q": null,
            "revenue": 709233,
            "revenue_4q": null,
            "common_shares": 503375,
            "book_valuer_per_share": 27.31,
            "book_valuer_per_share_4q_avg": 27.82,
            "equity": 1374832,
            "current_ratio": 168.62,
            "debt_ratio": 49.77,
            "inventory_turnover_ratio": 0.92,
            "account_receivable_turnover_ratio": 1.4,
            "reinvestment_rate": -50.77,
            "research_to_sale_ratio": 0.28,
            "price_fair": 130.39,
            "eps_avg_yearly": 3.73,
            "eps_latest_yearly": 5.16,
            "eps_growth_yearly": 77.77
        },
        "20213": {
            "year_quarter": 20213,
            "year": 2021,
            "quarter": 3,
            "eps": 1.63,
            "eps_growth_year": 69.79,
            "eps_4q": 4.64,
            "eps_4q_growth_year": 56.45,
            "roe": 5.74,
            "roe_4q": 17.990000000000002,
            "gross_profit": 150548,
            "gross_margin": 22.72,
            "gross_margin_4q_avg": 18.56,
            "net_income": 82538,
            "net_income_4q": null,
            "revenue": 662699,
            "revenue_4q": null,
            "common_shares": 515122,
            "book_valuer_per_share": 29.15,
            "book_valuer_per_share_4q_avg": 28.24,
            "equity": 1501440,
            "current_ratio": 183.18,
            "debt_ratio": 46.4,
            "inventory_turnover_ratio": 0.72,
            "account_receivable_turnover_ratio": 1.44,
            "reinvestment_rate": -41.63,
            "research_to_sale_ratio": 0.41,
            "price_fair": 136.5,
            "eps_avg_yearly": 3.9,
            "eps_latest_yearly": 6.52,
            "eps_growth_yearly": 79.5
        },
        "20214": {
            "year_quarter": 20214,
            "year": 2021,
            "quarter": 4,
            "eps": 1.48,
            "eps_growth_year": 52.92,
            "eps_4q": 5.07,
            "eps_4q_growth_year": 50.09,
            "roe": 5.04,
            "roe_4q": 19.4,
            "gross_profit": 163709,
            "gross_margin": 21.97,
            "gross_margin_4q_avg": 19.97,
            "net_income": 80747,
            "net_income_4q": null,
            "revenue": 745291,
            "revenue_4q": null,
            "common_shares": 543772,
            "book_valuer_per_share": 31.37,
            "book_valuer_per_share_4q_avg": 29.13,
            "equity": 1705644,
            "current_ratio": 210.99,
            "debt_ratio": 41.71,
            "inventory_turnover_ratio": 0.76,
            "account_receivable_turnover_ratio": 1.59,
            "reinvestment_rate": -35.27,
            "research_to_sale_ratio": 0.36,
            "price_fair": 146.3,
            "eps_avg_yearly": 4.18,
            "eps_latest_yearly": 5.92,
            "eps_growth_yearly": 81.27
        },
        "20221": {
            "year_quarter": 20221,
            "year": 2022,
            "quarter": 1,
            "eps": 1.51,
            "eps_growth_year": 26.89,
            "eps_4q": 5.59,
            "eps_4q_growth_year": 50.17,
            "roe": 5.01,
            "roe_4q": 20.17,
            "gross_profit": 132979,
            "gross_margin": 20.42,
            "gross_margin_4q_avg": 20.97,
            "net_income": 82105,
            "net_income_4q": null,
            "revenue": 651126,
            "revenue_4q": null,
            "common_shares": 543772,
            "book_valuer_per_share": 28.86,
            "book_valuer_per_share_4q_avg": 29.17,
            "equity": 1569304,
            "current_ratio": 281.16,
            "debt_ratio": 50.09,
            "inventory_turnover_ratio": 0.71,
            "account_receivable_turnover_ratio": 1.36,
            "reinvestment_rate": 3.95,
            "research_to_sale_ratio": 0.32,
            "price_fair": 156.45,
            "eps_avg_yearly": 4.47,
            "eps_latest_yearly": 6.04,
            "eps_growth_yearly": 82.47
        },
        "20222": {
            "year_quarter": 20222,
            "year": 2022,
            "quarter": 2,
            "eps": 1.72,
            "eps_growth_year": 33.33,
            "eps_4q": 6.23,
            "eps_4q_growth_year": 59.88,
            "roe": 5.9,
            "roe_4q": 21.689999999999998,
            "gross_profit": 142043,
            "gross_margin": 23.15,
            "gross_margin_4q_avg": 22.07,
            "net_income": 93327,
            "net_income_4q": null,
            "revenue": 613638,
            "revenue_4q": null,
            "common_shares": 543772,
            "book_valuer_per_share": 29.29,
            "book_valuer_per_share_4q_avg": 29.67,
            "equity": 1592797,
            "current_ratio": 397.45,
            "debt_ratio": 42.06,
            "inventory_turnover_ratio": 0.66,
            "account_receivable_turnover_ratio": 1.37,
            "reinvestment_rate": 7.01,
            "research_to_sale_ratio": 0.48,
            "price_fair": 165.11,
            "eps_avg_yearly": 4.72,
            "eps_latest_yearly": 6.88,
            "eps_growth_yearly": 58.81
        },
        "20223": {
            "year_quarter": 20223,
            "year": 2022,
            "quarter": 3,
            "eps": 2.14,
            "eps_growth_year": 31.29,
            "eps_4q": 7.2,
            "eps_4q_growth_year": 55.26,
            "roe": 7.2,
            "roe_4q": 23.15,
            "gross_profit": 154770,
            "gross_margin": 24.05,
            "gross_margin_4q_avg": 22.4,
            "net_income": 113671,
            "net_income_4q": null,
            "revenue": 643490,
            "revenue_4q": null,
            "common_shares": 543772,
            "book_valuer_per_share": 30.49,
            "book_valuer_per_share_4q_avg": 30,
            "equity": 1566420,
            "current_ratio": 356.49,
            "debt_ratio": 45.2,
            "inventory_turnover_ratio": 0.66,
            "account_receivable_turnover_ratio": 1.37,
            "reinvestment_rate": 7.19,
            "research_to_sale_ratio": 0.42,
            "price_fair": 173.86,
            "eps_avg_yearly": 4.97,
            "eps_latest_yearly": 8.56,
            "eps_growth_yearly": 50.87
        },
        "20224": {
            "year_quarter": 20224,
            "year": 2022,
            "quarter": 4,
            "eps": 1.58,
            "eps_growth_year": 6.27,
            "eps_4q": 7.21,
            "eps_4q_growth_year": 42.01,
            "roe": 5.17,
            "roe_4q": 23.28,
            "gross_profit": 161948,
            "gross_margin": 23.72,
            "gross_margin_4q_avg": 22.84,
            "net_income": 81074,
            "net_income_4q": null,
            "revenue": 682868,
            "revenue_4q": null,
            "common_shares": 513772,
            "book_valuer_per_share": 30.61,
            "book_valuer_per_share_4q_avg": 29.81,
            "equity": 1572407,
            "current_ratio": 292.77,
            "debt_ratio": 47.86,
            "inventory_turnover_ratio": 0.69,
            "account_receivable_turnover_ratio": 1.43,
            "reinvestment_rate": 11.35,
            "research_to_sale_ratio": 0.51,
            "price_fair": 182.09,
            "eps_avg_yearly": 5.2,
            "eps_latest_yearly": 6.32,
            "eps_growth_yearly": 55.29
        },
        "20231": {
            "year_quarter": 20231,
            "year": 2023,
            "quarter": 1,
            "eps": 1.68,
            "eps_growth_year": 11.26,
            "eps_4q": 7.28,
            "eps_4q_growth_year": 30.24,
            "roe": 5.65,
            "roe_4q": 23.92,
            "gross_profit": 148103,
            "gross_margin": 22,
            "gross_margin_4q_avg": 23.23,
            "net_income": 86193,
            "net_income_4q": null,
            "revenue": 673253,
            "revenue_4q": null,
            "common_shares": 514046,
            "book_valuer_per_share": 28.75,
            "book_valuer_per_share_4q_avg": 29.79,
            "equity": 1478047,
            "current_ratio": 133.36,
            "debt_ratio": 49.68,
            "inventory_turnover_ratio": 0.78,
            "account_receivable_turnover_ratio": 1.51,
            "reinvestment_rate": 13.5,
            "research_to_sale_ratio": 0.38,
            "price_fair": 189.53,
            "eps_avg_yearly": 5.42,
            "eps_latest_yearly": 6.72,
            "eps_growth_yearly": 49.45
        },
        "20232": {
            "year_quarter": 20232,
            "year": 2023,
            "quarter": 2,
            "eps": 1.08,
            "eps_growth_year": -37.21,
            "eps_4q": 6.43,
            "eps_4q_growth_year": 3.21,
            "roe": 3.62,
            "roe_4q": 21.64,
            "gross_profit": 95383,
            "gross_margin": 18.44,
            "gross_margin_4q_avg": 22.05,
            "net_income": 55637,
            "net_income_4q": null,
            "revenue": 517161,
            "revenue_4q": null,
            "common_shares": 523538,
            "book_valuer_per_share": 30.45,
            "book_valuer_per_share_4q_avg": 30.08,
            "equity": 1594070,
            "current_ratio": 128.06,
            "debt_ratio": 44.35,
            "inventory_turnover_ratio": 0.74,
            "account_receivable_turnover_ratio": 1.22,
            "reinvestment_rate": 22.81,
            "research_to_sale_ratio": 0.42,
            "price_fair": 136.16,
            "eps_avg_yearly": 5.27,
            "eps_latest_yearly": 4.32,
            "eps_growth_yearly": 15.83
        },
        "20233": {
            "year_quarter": 20233,
            "year": 2023,
            "quarter": 3,
            "eps": 1.46,
            "eps_growth_year": -31.78,
            "eps_4q": 5.71,
            "eps_4q_growth_year": -20.67,
            "roe": 4.68,
            "roe_4q": 19.12,
            "gross_profit": 113191,
            "gross_margin": 22.3,
            "gross_margin_4q_avg": 21.62,
            "net_income": 76539,
            "net_income_4q": null,
            "revenue": 507569,
            "revenue_4q": null,
            "common_shares": 524339,
            "book_valuer_per_share": 31.94,
            "book_valuer_per_share_4q_avg": 30.44,
            "equity": 1674746,
            "current_ratio": 116.8,
            "debt_ratio": 45.89,
            "inventory_turnover_ratio": 0.73,
            "account_receivable_turnover_ratio": 1.31,
            "reinvestment_rate": 47.04,
            "research_to_sale_ratio": 0.56,
            "price_fair": 186.11,
            "eps_avg_yearly": 5.32,
            "eps_latest_yearly": 5.84,
            "eps_growth_yearly": 30.23
        },
        "20234": {
            "year_quarter": 20234,
            "year": 2023,
            "quarter": 4,
            "eps": 0.9,
            "eps_growth_year": -42.66,
            "eps_4q": 4.99,
            "eps_4q_growth_year": -30.69,
            "roe": 2.87,
            "roe_4q": 16.82,
            "gross_profit": 138590,
            "gross_margin": 22.15,
            "gross_margin_4q_avg": 21.22,
            "net_income": 48314,
            "net_income_4q": null,
            "revenue": 625622,
            "revenue_4q": null,
            "common_shares": 533998,
            "book_valuer_per_share": 31.73,
            "book_valuer_per_share_4q_avg": 30.72,
            "equity": 1694394,
            "current_ratio": 111.65,
            "debt_ratio": 50.08,
            "inventory_turnover_ratio": 0.94,
            "account_receivable_turnover_ratio": 1.47,
            "reinvestment_rate": 48.45,
            "research_to_sale_ratio": 0.48,
            "price_fair": 189.61,
            "eps_avg_yearly": 5.42,
            "eps_latest_yearly": 3.6,
            "eps_growth_yearly": 35.87
        }
    },
    "months": {
        "2013-01": {
            "month": "2013-01",
            "price": "28.51",
            "revenue": 114395
        },
        "2013-02": {
            "month": "2013-02",
            "price": "28.60",
            "revenue": 82224
        },
        "2013-03": {
            "month": "2013-03",
            "price": "28.68",
            "revenue": 122070
        },
        "2013-04": {
            "month": "2013-04",
            "price": "29.49",
            "revenue": 94490
        },
        "2013-05": {
            "month": "2013-05",
            "price": "33.58",
            "revenue": 103955
        },
        "2013-07": {
            "month": "2013-07",
            "price": "34.34",
            "revenue": 96606
        },
        "2013-09": {
            "month": "2013-09",
            "price": "35.90",
            "revenue": 85574
        },
        "2013-10": {
            "month": "2013-10",
            "price": "35.85",
            "revenue": 88857
        },
        "2013-11": {
            "month": "2013-11",
            "price": "36.84",
            "revenue": 62721
        },
        "2013-12": {
            "month": "2013-12",
            "price": "36.75",
            "revenue": 77068
        },
        "2014-01": {
            "month": "2014-01",
            "price": "37.31",
            "revenue": 82624
        },
        "2014-02": {
            "month": "2014-02",
            "price": "32.95",
            "revenue": 68554
        },
        "2014-03": {
            "month": "2014-03",
            "price": "32.50",
            "revenue": 69262
        },
        "2016-03": {
            "month": "2016-03",
            "price": "30.89",
            "revenue": 135280
        },
        "2016-04": {
            "month": "2016-04",
            "price": "31.04",
            "revenue": 69964
        },
        "2016-05": {
            "month": "2016-05",
            "price": "33.07",
            "revenue": 86730
        },
        "2016-06": {
            "month": "2016-06",
            "price": "34.32",
            "revenue": 101044
        },
        "2016-07": {
            "month": "2016-07",
            "price": "38.16",
            "revenue": 100915
        },
        "2016-08": {
            "month": "2016-08",
            "price": "43.25",
            "revenue": 101499
        },
        "2016-09": {
            "month": "2016-09",
            "price": "40.34",
            "revenue": 97876
        },
        "2016-10": {
            "month": "2016-10",
            "price": "39.62",
            "revenue": 103812
        },
        "2016-11": {
            "month": "2016-11",
            "price": "39.43",
            "revenue": 93809
        },
        "2016-12": {
            "month": "2016-12",
            "price": "39.83",
            "revenue": 81889
        },
        "2017-01": {
            "month": "2017-01",
            "price": "40.42",
            "revenue": 91126
        },
        "2017-02": {
            "month": "2017-02",
            "price": "44.24",
            "revenue": 100421
        },
        "2017-03": {
            "month": "2017-03",
            "price": "49.55",
            "revenue": 107756
        },
        "2017-04": {
            "month": "2017-04",
            "price": "44.07",
            "revenue": 84479
        },
        "2017-05": {
            "month": "2017-05",
            "price": "38.43",
            "revenue": 82043
        },
        "2017-06": {
            "month": "2017-06",
            "price": "38.18",
            "revenue": 85207
        },
        "2017-07": {
            "month": "2017-07",
            "price": "35.26",
            "revenue": 88042
        },
        "2017-08": {
            "month": "2017-08",
            "price": "29.02",
            "revenue": 83145
        },
        "2017-09": {
            "month": "2017-09",
            "price": "27.36",
            "revenue": 112583
        },
        "2017-10": {
            "month": "2017-10",
            "price": "29.51",
            "revenue": 84277
        },
        "2017-11": {
            "month": "2017-11",
            "price": "28.72",
            "revenue": 80072
        },
        "2017-12": {
            "month": "2017-12",
            "price": "25.92",
            "revenue": 88089
        },
        "2018-01": {
            "month": "2018-01",
            "price": "26.40",
            "revenue": 104439
        },
        "2018-02": {
            "month": "2018-02",
            "price": "26.40",
            "revenue": 85898
        },
        "2018-03": {
            "month": "2018-03",
            "price": "26.95",
            "revenue": 125301
        },
        "2018-04": {
            "month": "2018-04",
            "price": "27.51",
            "revenue": 119015
        },
        "2018-05": {
            "month": "2018-05",
            "price": "27.32",
            "revenue": 119762
        },
        "2018-06": {
            "month": "2018-06",
            "price": "27.64",
            "revenue": 117265
        },
        "2018-07": {
            "month": "2018-07",
            "price": "27.03",
            "revenue": 122359
        },
        "2018-08": {
            "month": "2018-08",
            "price": "27.39",
            "revenue": 117648
        },
        "2018-09": {
            "month": "2018-09",
            "price": "27.72",
            "revenue": 129767
        },
        "2018-10": {
            "month": "2018-10",
            "price": "27.39",
            "revenue": 116650
        },
        "2018-11": {
            "month": "2018-11",
            "price": "27.69",
            "revenue": 109913
        },
        "2018-12": {
            "month": "2018-12",
            "price": "29.02",
            "revenue": 132265
        },
        "2019-01": {
            "month": "2019-01",
            "price": "30.16",
            "revenue": 135547
        },
        "2019-02": {
            "month": "2019-02",
            "price": "32.92",
            "revenue": 103702
        },
        "2019-03": {
            "month": "2019-03",
            "price": "34.70",
            "revenue": 143394
        },
        "2019-04": {
            "month": "2019-04",
            "price": "35.80",
            "revenue": 172456
        },
        "2019-05": {
            "month": "2019-05",
            "price": "39.18",
            "revenue": 190845
        },
        "2019-06": {
            "month": "2019-06",
            "price": "42.36",
            "revenue": 180359
        },
        "2019-07": {
            "month": "2019-07",
            "price": "41.92",
            "revenue": 164401
        },
        "2019-08": {
            "month": "2019-08",
            "price": "40.50",
            "revenue": 165486
        },
        "2019-09": {
            "month": "2019-09",
            "price": "42.69",
            "revenue": 133125
        },
        "2019-10": {
            "month": "2019-10",
            "price": "41.27",
            "revenue": 136732
        },
        "2019-11": {
            "month": "2019-11",
            "price": "42.28",
            "revenue": 113043
        },
        "2019-12": {
            "month": "2019-12",
            "price": "41.51",
            "revenue": 177929
        },
        "2020-01": {
            "month": "2020-01",
            "price": "42.47",
            "revenue": 122187
        },
        "2020-02": {
            "month": "2020-02",
            "price": "46.39",
            "revenue": 174853
        },
        "2020-03": {
            "month": "2020-03",
            "price": "48.80",
            "revenue": 182664
        },
        "2020-04": {
            "month": "2020-04",
            "price": "50.14",
            "revenue": 190490
        },
        "2020-05": {
            "month": "2020-05",
            "price": "56.62",
            "revenue": 141912
        },
        "2020-06": {
            "month": "2020-06",
            "price": "56.24",
            "revenue": 154566
        },
        "2020-07": {
            "month": "2020-07",
            "price": "55.21",
            "revenue": 190166
        },
        "2020-08": {
            "month": "2020-08",
            "price": "55.79",
            "revenue": 196250
        },
        "2020-09": {
            "month": "2020-09",
            "price": "52.96",
            "revenue": 207357
        },
        "2020-10": {
            "month": "2020-10",
            "price": "44.67",
            "revenue": 209801
        },
        "2020-11": {
            "month": "2020-11",
            "price": "44.14",
            "revenue": 228898
        },
        "2020-12": {
            "month": "2020-12",
            "price": "45.93",
            "revenue": 254377
        },
        "2021-01": {
            "month": "2021-01",
            "price": "44.79",
            "revenue": 234306
        },
        "2021-02": {
            "month": "2021-02",
            "price": "44.85",
            "revenue": 208789
        },
        "2021-03": {
            "month": "2021-03",
            "price": "47.08",
            "revenue": 299067
        },
        "2021-04": {
            "month": "2021-04",
            "price": "53.81",
            "revenue": 233964
        },
        "2021-05": {
            "month": "2021-05",
            "price": "48.20",
            "revenue": 243895
        },
        "2021-06": {
            "month": "2021-06",
            "price": "49.26",
            "revenue": 231374
        },
        "2021-07": {
            "month": "2021-07",
            "price": "52.36",
            "revenue": 234949
        },
        "2021-08": {
            "month": "2021-08",
            "price": "52.22",
            "revenue": 220287
        },
        "2021-09": {
            "month": "2021-09",
            "price": "47.68",
            "revenue": 207464
        },
        "2021-10": {
            "month": "2021-10",
            "price": "44.84",
            "revenue": 247243
        },
        "2021-11": {
            "month": "2021-11",
            "price": "47.48",
            "revenue": 243155
        },
        "2021-12": {
            "month": "2021-12",
            "price": "47.81",
            "revenue": 254893
        },
        "2022-01": {
            "month": "2022-01",
            "price": "46.79",
            "revenue": 249211
        },
        "2022-02": {
            "month": "2022-02",
            "price": "48.10",
            "revenue": 180772
        },
        "2022-03": {
            "month": "2022-03",
            "price": "52.54",
            "revenue": 221142
        },
        "2022-04": {
            "month": "2022-04",
            "price": "48.06",
            "revenue": 212710
        },
        "2022-05": {
            "month": "2022-05",
            "price": "46.56",
            "revenue": 200859
        },
        "2022-06": {
            "month": "2022-06",
            "price": "45.70",
            "revenue": 200070
        },
        "2022-07": {
            "month": "2022-07",
            "price": "43.96",
            "revenue": 206878
        },
        "2022-08": {
            "month": "2022-08",
            "price": "49.87",
            "revenue": 208305
        },
        "2022-09": {
            "month": "2022-09",
            "price": "50.17",
            "revenue": 228306
        },
        "2022-10": {
            "month": "2022-10",
            "price": "48.32",
            "revenue": 234026
        },
        "2022-11": {
            "month": "2022-11",
            "price": "51.80",
            "revenue": 223523
        },
        "2022-12": {
            "month": "2022-12",
            "price": "52.29",
            "revenue": 225319
        },
        "2023-01": {
            "month": "2023-01",
            "price": "53.24",
            "revenue": 199358
        },
        "2023-02": {
            "month": "2023-02",
            "price": "56.42",
            "revenue": 222392
        },
        "2023-03": {
            "month": "2023-03",
            "price": "61.64",
            "revenue": 251503
        },
        "2023-04": {
            "month": "2023-04",
            "price": "60.26",
            "revenue": 194707
        },
        "2023-05": {
            "month": "2023-05",
            "price": "59.19",
            "revenue": 171239
        },
        "2023-06": {
            "month": "2023-06",
            "price": "59.46",
            "revenue": 151215
        },
        "2023-07": {
            "month": "2023-07",
            "price": "58.74",
            "revenue": 152947
        },
        "2023-08": {
            "month": "2023-08",
            "price": "57.06",
            "revenue": 162804
        },
        "2023-09": {
            "month": "2023-09",
            "price": "57.47",
            "revenue": 191818
        },
        "2023-10": {
            "month": "2023-10",
            "price": "57.80",
            "revenue": 206582
        },
        "2023-11": {
            "month": "2023-11",
            "price": "59.97",
            "revenue": 209363
        },
        "2023-12": {
            "month": "2023-12",
            "price": "61.62",
            "revenue": 209677
        }
    }
}
