{
    "summary": {
        "stock_name": "世德",
        "stock_id": "2066",
        "category": "電機機械",
        "main_business": "汽車、機械用之特殊零件、配件生產及研發<br>汽車用之標準扣件(有螺紋及無螺紋產品)<br>電子、建築、家具及其他產業用之有螺紋扣件產品",
        "website_url": "http://www.sumeeko.com",
        "ceo": "曾飛誠",
        "pe_ratio": 12,
        "report_year_from": 2009,
        "report_year_to": 2023,
        "age": 14,
        "eps_negative_percentage": 0,
        "eps_growth_avg": {
            "last_all": 11.45,
            "last_2y": 38.21,
            "last_4y": 22.52,
            "last_8y": 11.45,
            "last_12y": null,
            "last_16y": null,
            "last_20y": null,
            "at_2006_last_3y": null,
            "at_2007_last_3y": null,
            "at_2008_last_3y": null,
            "at_2009_last_3y": null,
            "at_2010_last_3y": null,
            "at_2011_last_3y": null,
            "at_2012_last_3y": null,
            "at_2013_last_3y": null,
            "at_2014_last_3y": null,
            "at_2015_last_3y": null,
            "at_2016_last_3y": null,
            "at_2017_last_3y": -2.39,
            "at_2018_last_3y": -10.5,
            "at_2019_last_3y": -9.91,
            "at_2020_last_3y": -17.15,
            "at_2021_last_3y": 3.15,
            "at_2022_last_3y": 30.61,
            "at_2023_last_3y": 30.61,
            "at_2006_last_all": null,
            "at_2007_last_all": null,
            "at_2008_last_all": null,
            "at_2009_last_all": null,
            "at_2010_last_all": null,
            "at_2011_last_all": null,
            "at_2012_last_all": null,
            "at_2013_last_all": null,
            "at_2014_last_all": null,
            "at_2015_last_all": 14.04,
            "at_2016_last_all": 4.24,
            "at_2017_last_all": -2.39,
            "at_2018_last_all": -3.88,
            "at_2019_last_all": -1.93,
            "at_2020_last_all": -7.98,
            "at_2021_last_all": 0.38,
            "at_2022_last_all": 11.45,
            "at_2023_last_all": 11.45
        },
        "latest_eps": 7.99,
        "latest_price": 95.4,
        "latest_roe": 19.56,
        "latest_gross_margin": 32.42,
        "latest_equity": 1901981,
        "latest_revenue": 734256,
        "latest_gross_profit": 238052,
        "latest_net_income": 85293,
        "latest_debt_ratio": 42.23,
        "latest_current_ratio": 268.5,
        "latest_account_receivable_turnover_ratio": 1.75,
        "latest_inventory_turnover_ratio": 0.41,
        "latest_reinvestment_rate": -10.17,
        "latest_research_to_sale_ratio": 0.35
    },
    "eps_dividends": {
        "2001": {
            "cash": 0,
            "stock": 0,
            "eps": 0
        },
        "2002": {
            "cash": 0,
            "stock": 0,
            "eps": 0
        },
        "2003": {
            "cash": 0,
            "stock": 0,
            "eps": 0
        },
        "2004": {
            "cash": 0,
            "stock": 0,
            "eps": 0
        },
        "2005": {
            "cash": 0,
            "stock": 0,
            "eps": 0
        },
        "2006": {
            "cash": 0,
            "stock": 0,
            "eps": 0
        },
        "2007": {
            "cash": 0,
            "stock": 0,
            "eps": 0
        },
        "2008": {
            "cash": 0,
            "stock": 0,
            "eps": 0
        },
        "2009": {
            "cash": 0,
            "stock": 0,
            "eps": 0
        },
        "2010": {
            "cash": 0,
            "stock": 0,
            "eps": 0
        },
        "2011": {
            "cash": 0,
            "stock": 0,
            "eps": 0
        },
        "2012": {
            "cash": 1,
            "stock": 0,
            "eps": 0
        },
        "2013": {
            "cash": 1.5,
            "stock": 0,
            "eps": 5.49
        },
        "2014": {
            "cash": 4.5,
            "stock": 0.5,
            "eps": 6.73
        },
        "2015": {
            "cash": 5.5,
            "stock": 0,
            "eps": 7.1
        },
        "2016": {
            "cash": 6,
            "stock": 0,
            "eps": 6.01
        },
        "2017": {
            "cash": 5,
            "stock": 0,
            "eps": 4.67
        },
        "2018": {
            "cash": 3,
            "stock": 0,
            "eps": 4.21
        },
        "2019": {
            "cash": 3,
            "stock": 0,
            "eps": 4.54
        },
        "2020": {
            "cash": 2.3,
            "stock": 0,
            "eps": 2.53
        },
        "2021": {
            "cash": 1.7,
            "stock": 0,
            "eps": 4.02
        },
        "2022": {
            "cash": 2,
            "stock": 0,
            "eps": 8.05
        },
        "2023": {
            "cash": 4.5,
            "stock": 0,
            "eps": 2.05
        }
    },
    "dividends": {
        "2012-04-25": {
            "cash": 1,
            "stock": 0
        },
        "2013-06-25": {
            "cash": 1.5,
            "stock": 0
        },
        "2014-09-05": {
            "cash": 4.5,
            "stock": 0.5
        },
        "2015-09-03": {
            "cash": 5.5,
            "stock": 0
        },
        "2016-09-08": {
            "cash": 6,
            "stock": 0
        },
        "2017-09-22": {
            "cash": 5,
            "stock": 0
        },
        "2018-09-20": {
            "cash": 3,
            "stock": 0
        },
        "2019-09-20": {
            "cash": 3,
            "stock": 0
        },
        "2020-09-23": {
            "cash": 2.3,
            "stock": 0
        },
        "2021-09-24": {
            "cash": 1.7,
            "stock": 0
        },
        "2022-09-20": {
            "cash": 2,
            "stock": 0
        },
        "2023-05-11": {
            "cash": 4.5,
            "stock": 0
        }
    },
    "prices": {
        "200101": "無",
        "200102": "無",
        "200103": "無",
        "200104": "無",
        "200105": "無",
        "200106": "無",
        "200107": "無",
        "200108": "無",
        "200109": "無",
        "200110": "無",
        "200111": "無",
        "200112": "無",
        "200201": "無",
        "200202": "無",
        "200203": "無",
        "200204": "無",
        "200205": "無",
        "200206": "無",
        "200207": "無",
        "200208": "無",
        "200209": "無",
        "200210": "無",
        "200211": "無",
        "200212": "無",
        "200301": "無",
        "200302": "無",
        "200303": "無",
        "200304": "無",
        "200305": "無",
        "200306": "無",
        "200307": "無",
        "200308": "無",
        "200309": "無",
        "200310": "無",
        "200311": "無",
        "200312": "無",
        "200401": "無",
        "200402": "無",
        "200403": "無",
        "200404": "無",
        "200405": "無",
        "200406": "無",
        "200407": "無",
        "200408": "無",
        "200409": "無",
        "200410": "無",
        "200411": "無",
        "200412": "無",
        "200501": "無",
        "200502": "無",
        "200503": "無",
        "200504": "無",
        "200505": "無",
        "200506": "無",
        "200507": "無",
        "200508": "無",
        "200509": "無",
        "200510": "無",
        "200511": "無",
        "200512": "無",
        "200601": "無",
        "200602": "無",
        "200603": "無",
        "200604": "無",
        "200605": "無",
        "200606": "無",
        "200607": "無",
        "200608": "無",
        "200609": "無",
        "200610": "無",
        "200611": "無",
        "200612": "無",
        "200701": "無",
        "200702": "無",
        "200703": "無",
        "200704": "無",
        "200705": "無",
        "200706": "無",
        "200707": "無",
        "200708": "無",
        "200709": "無",
        "200710": "無",
        "200711": "無",
        "200712": "無",
        "200801": "無",
        "200802": "無",
        "200803": "無",
        "200804": "無",
        "200805": "無",
        "200806": "無",
        "200807": "無",
        "200808": "無",
        "200809": "無",
        "200810": "無",
        "200811": "無",
        "200812": "無",
        "200901": "無",
        "200902": "無",
        "200903": "無",
        "200904": "無",
        "200905": "無",
        "200906": "無",
        "200907": "無",
        "200908": "無",
        "200909": "無",
        "200910": "無",
        "200911": "無",
        "200912": "無",
        "201001": "無",
        "201002": "無",
        "201003": "無",
        "201004": "無",
        "201005": "無",
        "201006": "無",
        "201007": "無",
        "201008": "無",
        "201009": "無",
        "201010": "無",
        "201011": "無",
        "201012": "無",
        "201101": "無",
        "201102": "無",
        "201103": "無",
        "201104": "無",
        "201105": "無",
        "201106": "無",
        "201107": "無",
        "201108": "無",
        "201109": "無",
        "201110": "無",
        "201111": "44.22",
        "201112": "44.04",
        "201201": "44.00",
        "201202": "44.12",
        "201203": "45.75",
        "201204": "43.38",
        "201205": "44.50",
        "201206": "無",
        "201207": "無",
        "201208": "44.70",
        "201209": "無",
        "201210": "無",
        "201211": "無",
        "201212": "42.75",
        "201301": "40.51",
        "201302": "38.16",
        "201303": "37.66",
        "201304": "41.11",
        "201305": "47.62",
        "201306": "49.65",
        "201307": "56.10",
        "201308": "72.22",
        "201309": "122.70",
        "201310": "123.75",
        "201311": "107.33",
        "201312": "129.11",
        "201401": "119.11",
        "201402": "129.32",
        "201403": "134.55",
        "201404": "132.88",
        "201405": "127.98",
        "201406": "128.72",
        "201407": "138.61",
        "201408": "129.26",
        "201409": "132.93",
        "201410": "121.66",
        "201411": "102.88",
        "201412": "106.60",
        "201501": "106.00",
        "201502": "104.04",
        "201503": "105.59",
        "201504": "124.25",
        "201505": "115.98",
        "201506": "111.07",
        "201507": "119.86",
        "201508": "105.69",
        "201509": "101.45",
        "201510": "98.82",
        "201511": "110.75",
        "201512": "104.07",
        "201601": "100.21",
        "201602": "104.62",
        "201603": "109.59",
        "201604": "117.45",
        "201605": "116.24",
        "201606": "117.24",
        "201607": "119.78",
        "201608": "115.33",
        "201609": "115.95",
        "201610": "115.25",
        "201611": "110.45",
        "201612": "109.89",
        "201701": "109.50",
        "201702": "107.97",
        "201703": "105.20",
        "201704": "102.08",
        "201705": "102.56",
        "201706": "101.75",
        "201707": "101.93",
        "201708": "100.71",
        "201709": "100.80",
        "201710": "99.86",
        "201711": "98.45",
        "201712": "96.01",
        "201801": "94.20",
        "201802": "93.46",
        "201803": "87.65",
        "201804": "80.21",
        "201805": "76.32",
        "201806": "82.86",
        "201807": "79.50",
        "201808": "81.76",
        "201809": "80.42",
        "201810": "82.56",
        "201811": "83.53",
        "201812": "80.76",
        "201901": "78.58",
        "201902": "80.66",
        "201903": "80.57",
        "201904": "77.98",
        "201905": "76.85",
        "201906": "75.21",
        "201907": "77.80",
        "201908": "80.99",
        "201909": "78.26",
        "201910": "75.82",
        "201911": "73.02",
        "201912": "70.64",
        "202001": "67.84",
        "202002": "59.99",
        "202003": "49.80",
        "202004": "47.94",
        "202005": "54.55",
        "202006": "55.96",
        "202007": "52.07",
        "202008": "50.06",
        "202009": "50.63",
        "202010": "50.30",
        "202011": "53.90",
        "202012": "56.03",
        "202101": "55.90",
        "202102": "52.38",
        "202103": "53.46",
        "202104": "58.02",
        "202105": "53.22",
        "202106": "52.64",
        "202107": "53.76",
        "202108": "52.19",
        "202109": "51.42",
        "202110": "51.16",
        "202111": "56.99",
        "202112": "61.82",
        "202201": "60.31",
        "202202": "59.26",
        "202203": "59.99",
        "202204": "59.31",
        "202205": "58.53",
        "202206": "62.57",
        "202207": "63.66",
        "202208": "73.34",
        "202209": "83.95",
        "202210": "77.88",
        "202211": "76.01",
        "202212": "78.80",
        "202301": "74.56",
        "202302": "84.38",
        "202303": "87.10",
        "202304": "94.72",
        "202305": "94.14",
        "202306": "94.39"
    },
    "quarters": {
        "20011": {
            "year_quarter": 20011,
            "year": 2001,
            "quarter": 1,
            "eps": null,
            "eps_growth_year": null,
            "eps_4q": null,
            "eps_4q_growth_year": null,
            "roe": null,
            "roe_4q": 0,
            "gross_profit": null,
            "gross_margin": null,
            "gross_margin_4q_avg": 0,
            "net_income": null,
            "revenue": null,
            "common_shares": null,
            "book_valuer_per_share": null,
            "book_valuer_per_share_4q_avg": 0,
            "equity": null,
            "current_ratio": null,
            "debt_ratio": null,
            "inventory_turnover_ratio": null,
            "account_receivable_turnover_ratio": null,
            "reinvestment_rate": null,
            "research_to_sale_ratio": null,
            "price_fair": 0,
            "eps_avg_yearly": 0,
            "eps_latest_yearly": 0,
            "eps_growth_yearly": 0
        },
        "20012": {
            "year_quarter": 20012,
            "year": 2001,
            "quarter": 2,
            "eps": null,
            "eps_growth_year": null,
            "eps_4q": null,
            "eps_4q_growth_year": null,
            "roe": null,
            "roe_4q": 0,
            "gross_profit": null,
            "gross_margin": null,
            "gross_margin_4q_avg": 0,
            "net_income": null,
            "revenue": null,
            "common_shares": null,
            "book_valuer_per_share": null,
            "book_valuer_per_share_4q_avg": 0,
            "equity": null,
            "current_ratio": null,
            "debt_ratio": null,
            "inventory_turnover_ratio": null,
            "account_receivable_turnover_ratio": null,
            "reinvestment_rate": null,
            "research_to_sale_ratio": null,
            "price_fair": 0,
            "eps_avg_yearly": 0,
            "eps_latest_yearly": 0,
            "eps_growth_yearly": 0
        },
        "20013": {
            "year_quarter": 20013,
            "year": 2001,
            "quarter": 3,
            "eps": null,
            "eps_growth_year": null,
            "eps_4q": null,
            "eps_4q_growth_year": null,
            "roe": null,
            "roe_4q": 0,
            "gross_profit": null,
            "gross_margin": null,
            "gross_margin_4q_avg": 0,
            "net_income": null,
            "revenue": null,
            "common_shares": null,
            "book_valuer_per_share": null,
            "book_valuer_per_share_4q_avg": 0,
            "equity": null,
            "current_ratio": null,
            "debt_ratio": null,
            "inventory_turnover_ratio": null,
            "account_receivable_turnover_ratio": null,
            "reinvestment_rate": null,
            "research_to_sale_ratio": null,
            "price_fair": 0,
            "eps_avg_yearly": 0,
            "eps_latest_yearly": 0,
            "eps_growth_yearly": 0
        },
        "20014": {
            "year_quarter": 20014,
            "year": 2001,
            "quarter": 4,
            "eps": null,
            "eps_growth_year": null,
            "eps_4q": null,
            "eps_4q_growth_year": null,
            "roe": null,
            "roe_4q": 0,
            "gross_profit": null,
            "gross_margin": null,
            "gross_margin_4q_avg": 0,
            "net_income": null,
            "revenue": null,
            "common_shares": null,
            "book_valuer_per_share": null,
            "book_valuer_per_share_4q_avg": 0,
            "equity": null,
            "current_ratio": null,
            "debt_ratio": null,
            "inventory_turnover_ratio": null,
            "account_receivable_turnover_ratio": null,
            "reinvestment_rate": null,
            "research_to_sale_ratio": null,
            "price_fair": 0,
            "eps_avg_yearly": 0,
            "eps_latest_yearly": 0,
            "eps_growth_yearly": 0
        },
        "20021": {
            "year_quarter": 20021,
            "year": 2002,
            "quarter": 1,
            "eps": null,
            "eps_growth_year": null,
            "eps_4q": null,
            "eps_4q_growth_year": null,
            "roe": null,
            "roe_4q": 0,
            "gross_profit": null,
            "gross_margin": null,
            "gross_margin_4q_avg": 0,
            "net_income": null,
            "revenue": null,
            "common_shares": null,
            "book_valuer_per_share": null,
            "book_valuer_per_share_4q_avg": 0,
            "equity": null,
            "current_ratio": null,
            "debt_ratio": null,
            "inventory_turnover_ratio": null,
            "account_receivable_turnover_ratio": null,
            "reinvestment_rate": null,
            "research_to_sale_ratio": null,
            "price_fair": 0,
            "eps_avg_yearly": 0,
            "eps_latest_yearly": 0,
            "eps_growth_yearly": 0
        },
        "20022": {
            "year_quarter": 20022,
            "year": 2002,
            "quarter": 2,
            "eps": null,
            "eps_growth_year": null,
            "eps_4q": null,
            "eps_4q_growth_year": null,
            "roe": null,
            "roe_4q": 0,
            "gross_profit": null,
            "gross_margin": null,
            "gross_margin_4q_avg": 0,
            "net_income": null,
            "revenue": null,
            "common_shares": null,
            "book_valuer_per_share": null,
            "book_valuer_per_share_4q_avg": 0,
            "equity": null,
            "current_ratio": null,
            "debt_ratio": null,
            "inventory_turnover_ratio": null,
            "account_receivable_turnover_ratio": null,
            "reinvestment_rate": null,
            "research_to_sale_ratio": null,
            "price_fair": 0,
            "eps_avg_yearly": 0,
            "eps_latest_yearly": 0,
            "eps_growth_yearly": 0
        },
        "20023": {
            "year_quarter": 20023,
            "year": 2002,
            "quarter": 3,
            "eps": null,
            "eps_growth_year": null,
            "eps_4q": null,
            "eps_4q_growth_year": null,
            "roe": null,
            "roe_4q": 0,
            "gross_profit": null,
            "gross_margin": null,
            "gross_margin_4q_avg": 0,
            "net_income": null,
            "revenue": null,
            "common_shares": null,
            "book_valuer_per_share": null,
            "book_valuer_per_share_4q_avg": 0,
            "equity": null,
            "current_ratio": null,
            "debt_ratio": null,
            "inventory_turnover_ratio": null,
            "account_receivable_turnover_ratio": null,
            "reinvestment_rate": null,
            "research_to_sale_ratio": null,
            "price_fair": 0,
            "eps_avg_yearly": 0,
            "eps_latest_yearly": 0,
            "eps_growth_yearly": 0
        },
        "20024": {
            "year_quarter": 20024,
            "year": 2002,
            "quarter": 4,
            "eps": null,
            "eps_growth_year": null,
            "eps_4q": null,
            "eps_4q_growth_year": null,
            "roe": null,
            "roe_4q": 0,
            "gross_profit": null,
            "gross_margin": null,
            "gross_margin_4q_avg": 0,
            "net_income": null,
            "revenue": null,
            "common_shares": null,
            "book_valuer_per_share": null,
            "book_valuer_per_share_4q_avg": 0,
            "equity": null,
            "current_ratio": null,
            "debt_ratio": null,
            "inventory_turnover_ratio": null,
            "account_receivable_turnover_ratio": null,
            "reinvestment_rate": null,
            "research_to_sale_ratio": null,
            "price_fair": 0,
            "eps_avg_yearly": 0,
            "eps_latest_yearly": 0,
            "eps_growth_yearly": 0
        },
        "20031": {
            "year_quarter": 20031,
            "year": 2003,
            "quarter": 1,
            "eps": null,
            "eps_growth_year": null,
            "eps_4q": null,
            "eps_4q_growth_year": null,
            "roe": null,
            "roe_4q": 0,
            "gross_profit": null,
            "gross_margin": null,
            "gross_margin_4q_avg": 0,
            "net_income": null,
            "revenue": null,
            "common_shares": null,
            "book_valuer_per_share": null,
            "book_valuer_per_share_4q_avg": 0,
            "equity": null,
            "current_ratio": null,
            "debt_ratio": null,
            "inventory_turnover_ratio": null,
            "account_receivable_turnover_ratio": null,
            "reinvestment_rate": null,
            "research_to_sale_ratio": null,
            "price_fair": 0,
            "eps_avg_yearly": 0,
            "eps_latest_yearly": 0,
            "eps_growth_yearly": 0
        },
        "20032": {
            "year_quarter": 20032,
            "year": 2003,
            "quarter": 2,
            "eps": null,
            "eps_growth_year": null,
            "eps_4q": null,
            "eps_4q_growth_year": null,
            "roe": null,
            "roe_4q": 0,
            "gross_profit": null,
            "gross_margin": null,
            "gross_margin_4q_avg": 0,
            "net_income": null,
            "revenue": null,
            "common_shares": null,
            "book_valuer_per_share": null,
            "book_valuer_per_share_4q_avg": 0,
            "equity": null,
            "current_ratio": null,
            "debt_ratio": null,
            "inventory_turnover_ratio": null,
            "account_receivable_turnover_ratio": null,
            "reinvestment_rate": null,
            "research_to_sale_ratio": null,
            "price_fair": 0,
            "eps_avg_yearly": 0,
            "eps_latest_yearly": 0,
            "eps_growth_yearly": 0
        },
        "20033": {
            "year_quarter": 20033,
            "year": 2003,
            "quarter": 3,
            "eps": null,
            "eps_growth_year": null,
            "eps_4q": null,
            "eps_4q_growth_year": null,
            "roe": null,
            "roe_4q": 0,
            "gross_profit": null,
            "gross_margin": null,
            "gross_margin_4q_avg": 0,
            "net_income": null,
            "revenue": null,
            "common_shares": null,
            "book_valuer_per_share": null,
            "book_valuer_per_share_4q_avg": 0,
            "equity": null,
            "current_ratio": null,
            "debt_ratio": null,
            "inventory_turnover_ratio": null,
            "account_receivable_turnover_ratio": null,
            "reinvestment_rate": null,
            "research_to_sale_ratio": null,
            "price_fair": 0,
            "eps_avg_yearly": 0,
            "eps_latest_yearly": 0,
            "eps_growth_yearly": 0
        },
        "20034": {
            "year_quarter": 20034,
            "year": 2003,
            "quarter": 4,
            "eps": null,
            "eps_growth_year": null,
            "eps_4q": null,
            "eps_4q_growth_year": null,
            "roe": null,
            "roe_4q": 0,
            "gross_profit": null,
            "gross_margin": null,
            "gross_margin_4q_avg": 0,
            "net_income": null,
            "revenue": null,
            "common_shares": null,
            "book_valuer_per_share": null,
            "book_valuer_per_share_4q_avg": 0,
            "equity": null,
            "current_ratio": null,
            "debt_ratio": null,
            "inventory_turnover_ratio": null,
            "account_receivable_turnover_ratio": null,
            "reinvestment_rate": null,
            "research_to_sale_ratio": null,
            "price_fair": 0,
            "eps_avg_yearly": 0,
            "eps_latest_yearly": 0,
            "eps_growth_yearly": 0
        },
        "20041": {
            "year_quarter": 20041,
            "year": 2004,
            "quarter": 1,
            "eps": null,
            "eps_growth_year": null,
            "eps_4q": null,
            "eps_4q_growth_year": null,
            "roe": null,
            "roe_4q": 0,
            "gross_profit": null,
            "gross_margin": null,
            "gross_margin_4q_avg": 0,
            "net_income": null,
            "revenue": null,
            "common_shares": null,
            "book_valuer_per_share": null,
            "book_valuer_per_share_4q_avg": 0,
            "equity": null,
            "current_ratio": null,
            "debt_ratio": null,
            "inventory_turnover_ratio": null,
            "account_receivable_turnover_ratio": null,
            "reinvestment_rate": null,
            "research_to_sale_ratio": null,
            "price_fair": 0,
            "eps_avg_yearly": 0,
            "eps_latest_yearly": 0,
            "eps_growth_yearly": 0
        },
        "20042": {
            "year_quarter": 20042,
            "year": 2004,
            "quarter": 2,
            "eps": null,
            "eps_growth_year": null,
            "eps_4q": null,
            "eps_4q_growth_year": null,
            "roe": null,
            "roe_4q": 0,
            "gross_profit": null,
            "gross_margin": null,
            "gross_margin_4q_avg": 0,
            "net_income": null,
            "revenue": null,
            "common_shares": null,
            "book_valuer_per_share": null,
            "book_valuer_per_share_4q_avg": 0,
            "equity": null,
            "current_ratio": null,
            "debt_ratio": null,
            "inventory_turnover_ratio": null,
            "account_receivable_turnover_ratio": null,
            "reinvestment_rate": null,
            "research_to_sale_ratio": null,
            "price_fair": 0,
            "eps_avg_yearly": 0,
            "eps_latest_yearly": 0,
            "eps_growth_yearly": 0
        },
        "20043": {
            "year_quarter": 20043,
            "year": 2004,
            "quarter": 3,
            "eps": null,
            "eps_growth_year": null,
            "eps_4q": null,
            "eps_4q_growth_year": null,
            "roe": null,
            "roe_4q": 0,
            "gross_profit": null,
            "gross_margin": null,
            "gross_margin_4q_avg": 0,
            "net_income": null,
            "revenue": null,
            "common_shares": null,
            "book_valuer_per_share": null,
            "book_valuer_per_share_4q_avg": 0,
            "equity": null,
            "current_ratio": null,
            "debt_ratio": null,
            "inventory_turnover_ratio": null,
            "account_receivable_turnover_ratio": null,
            "reinvestment_rate": null,
            "research_to_sale_ratio": null,
            "price_fair": 0,
            "eps_avg_yearly": 0,
            "eps_latest_yearly": 0,
            "eps_growth_yearly": 0
        },
        "20044": {
            "year_quarter": 20044,
            "year": 2004,
            "quarter": 4,
            "eps": null,
            "eps_growth_year": null,
            "eps_4q": null,
            "eps_4q_growth_year": null,
            "roe": null,
            "roe_4q": 0,
            "gross_profit": null,
            "gross_margin": null,
            "gross_margin_4q_avg": 0,
            "net_income": null,
            "revenue": null,
            "common_shares": null,
            "book_valuer_per_share": null,
            "book_valuer_per_share_4q_avg": 0,
            "equity": null,
            "current_ratio": null,
            "debt_ratio": null,
            "inventory_turnover_ratio": null,
            "account_receivable_turnover_ratio": null,
            "reinvestment_rate": null,
            "research_to_sale_ratio": null,
            "price_fair": 0,
            "eps_avg_yearly": 0,
            "eps_latest_yearly": 0,
            "eps_growth_yearly": 0
        },
        "20051": {
            "year_quarter": 20051,
            "year": 2005,
            "quarter": 1,
            "eps": null,
            "eps_growth_year": null,
            "eps_4q": null,
            "eps_4q_growth_year": null,
            "roe": null,
            "roe_4q": 0,
            "gross_profit": null,
            "gross_margin": null,
            "gross_margin_4q_avg": 0,
            "net_income": null,
            "revenue": null,
            "common_shares": null,
            "book_valuer_per_share": null,
            "book_valuer_per_share_4q_avg": 0,
            "equity": null,
            "current_ratio": null,
            "debt_ratio": null,
            "inventory_turnover_ratio": null,
            "account_receivable_turnover_ratio": null,
            "reinvestment_rate": null,
            "research_to_sale_ratio": null,
            "price_fair": 0,
            "eps_avg_yearly": 0,
            "eps_latest_yearly": 0,
            "eps_growth_yearly": 0
        },
        "20052": {
            "year_quarter": 20052,
            "year": 2005,
            "quarter": 2,
            "eps": null,
            "eps_growth_year": null,
            "eps_4q": null,
            "eps_4q_growth_year": null,
            "roe": null,
            "roe_4q": 0,
            "gross_profit": null,
            "gross_margin": null,
            "gross_margin_4q_avg": 0,
            "net_income": null,
            "revenue": null,
            "common_shares": null,
            "book_valuer_per_share": null,
            "book_valuer_per_share_4q_avg": 0,
            "equity": null,
            "current_ratio": null,
            "debt_ratio": null,
            "inventory_turnover_ratio": null,
            "account_receivable_turnover_ratio": null,
            "reinvestment_rate": null,
            "research_to_sale_ratio": null,
            "price_fair": 0,
            "eps_avg_yearly": 0,
            "eps_latest_yearly": 0,
            "eps_growth_yearly": 0
        },
        "20053": {
            "year_quarter": 20053,
            "year": 2005,
            "quarter": 3,
            "eps": null,
            "eps_growth_year": null,
            "eps_4q": null,
            "eps_4q_growth_year": null,
            "roe": null,
            "roe_4q": 0,
            "gross_profit": null,
            "gross_margin": null,
            "gross_margin_4q_avg": 0,
            "net_income": null,
            "revenue": null,
            "common_shares": null,
            "book_valuer_per_share": null,
            "book_valuer_per_share_4q_avg": 0,
            "equity": null,
            "current_ratio": null,
            "debt_ratio": null,
            "inventory_turnover_ratio": null,
            "account_receivable_turnover_ratio": null,
            "reinvestment_rate": null,
            "research_to_sale_ratio": null,
            "price_fair": 0,
            "eps_avg_yearly": 0,
            "eps_latest_yearly": 0,
            "eps_growth_yearly": 0
        },
        "20054": {
            "year_quarter": 20054,
            "year": 2005,
            "quarter": 4,
            "eps": null,
            "eps_growth_year": null,
            "eps_4q": null,
            "eps_4q_growth_year": null,
            "roe": null,
            "roe_4q": 0,
            "gross_profit": null,
            "gross_margin": null,
            "gross_margin_4q_avg": 0,
            "net_income": null,
            "revenue": null,
            "common_shares": null,
            "book_valuer_per_share": null,
            "book_valuer_per_share_4q_avg": 0,
            "equity": null,
            "current_ratio": null,
            "debt_ratio": null,
            "inventory_turnover_ratio": null,
            "account_receivable_turnover_ratio": null,
            "reinvestment_rate": null,
            "research_to_sale_ratio": null,
            "price_fair": 0,
            "eps_avg_yearly": 0,
            "eps_latest_yearly": 0,
            "eps_growth_yearly": 0
        },
        "20061": {
            "year_quarter": 20061,
            "year": 2006,
            "quarter": 1,
            "eps": null,
            "eps_growth_year": null,
            "eps_4q": null,
            "eps_4q_growth_year": null,
            "roe": null,
            "roe_4q": 0,
            "gross_profit": null,
            "gross_margin": null,
            "gross_margin_4q_avg": 0,
            "net_income": null,
            "revenue": null,
            "common_shares": null,
            "book_valuer_per_share": null,
            "book_valuer_per_share_4q_avg": 0,
            "equity": null,
            "current_ratio": null,
            "debt_ratio": null,
            "inventory_turnover_ratio": null,
            "account_receivable_turnover_ratio": null,
            "reinvestment_rate": null,
            "research_to_sale_ratio": null,
            "price_fair": 0,
            "eps_avg_yearly": 0,
            "eps_latest_yearly": 0,
            "eps_growth_yearly": 0
        },
        "20062": {
            "year_quarter": 20062,
            "year": 2006,
            "quarter": 2,
            "eps": null,
            "eps_growth_year": null,
            "eps_4q": null,
            "eps_4q_growth_year": null,
            "roe": null,
            "roe_4q": 0,
            "gross_profit": null,
            "gross_margin": null,
            "gross_margin_4q_avg": 0,
            "net_income": null,
            "revenue": null,
            "common_shares": null,
            "book_valuer_per_share": null,
            "book_valuer_per_share_4q_avg": 0,
            "equity": null,
            "current_ratio": null,
            "debt_ratio": null,
            "inventory_turnover_ratio": null,
            "account_receivable_turnover_ratio": null,
            "reinvestment_rate": null,
            "research_to_sale_ratio": null,
            "price_fair": 0,
            "eps_avg_yearly": 0,
            "eps_latest_yearly": 0,
            "eps_growth_yearly": 0
        },
        "20063": {
            "year_quarter": 20063,
            "year": 2006,
            "quarter": 3,
            "eps": null,
            "eps_growth_year": null,
            "eps_4q": null,
            "eps_4q_growth_year": null,
            "roe": null,
            "roe_4q": 0,
            "gross_profit": null,
            "gross_margin": null,
            "gross_margin_4q_avg": 0,
            "net_income": null,
            "revenue": null,
            "common_shares": null,
            "book_valuer_per_share": null,
            "book_valuer_per_share_4q_avg": 0,
            "equity": null,
            "current_ratio": null,
            "debt_ratio": null,
            "inventory_turnover_ratio": null,
            "account_receivable_turnover_ratio": null,
            "reinvestment_rate": null,
            "research_to_sale_ratio": null,
            "price_fair": 0,
            "eps_avg_yearly": 0,
            "eps_latest_yearly": 0,
            "eps_growth_yearly": 0
        },
        "20064": {
            "year_quarter": 20064,
            "year": 2006,
            "quarter": 4,
            "eps": null,
            "eps_growth_year": null,
            "eps_4q": null,
            "eps_4q_growth_year": null,
            "roe": null,
            "roe_4q": 0,
            "gross_profit": null,
            "gross_margin": null,
            "gross_margin_4q_avg": 0,
            "net_income": null,
            "revenue": null,
            "common_shares": null,
            "book_valuer_per_share": null,
            "book_valuer_per_share_4q_avg": 0,
            "equity": null,
            "current_ratio": null,
            "debt_ratio": null,
            "inventory_turnover_ratio": null,
            "account_receivable_turnover_ratio": null,
            "reinvestment_rate": null,
            "research_to_sale_ratio": null,
            "price_fair": 0,
            "eps_avg_yearly": 0,
            "eps_latest_yearly": 0,
            "eps_growth_yearly": 0
        },
        "20071": {
            "year_quarter": 20071,
            "year": 2007,
            "quarter": 1,
            "eps": null,
            "eps_growth_year": null,
            "eps_4q": null,
            "eps_4q_growth_year": null,
            "roe": null,
            "roe_4q": 0,
            "gross_profit": null,
            "gross_margin": null,
            "gross_margin_4q_avg": 0,
            "net_income": null,
            "revenue": null,
            "common_shares": null,
            "book_valuer_per_share": null,
            "book_valuer_per_share_4q_avg": 0,
            "equity": null,
            "current_ratio": null,
            "debt_ratio": null,
            "inventory_turnover_ratio": null,
            "account_receivable_turnover_ratio": null,
            "reinvestment_rate": null,
            "research_to_sale_ratio": null,
            "price_fair": 0,
            "eps_avg_yearly": 0,
            "eps_latest_yearly": 0,
            "eps_growth_yearly": 0
        },
        "20072": {
            "year_quarter": 20072,
            "year": 2007,
            "quarter": 2,
            "eps": null,
            "eps_growth_year": null,
            "eps_4q": null,
            "eps_4q_growth_year": null,
            "roe": null,
            "roe_4q": 0,
            "gross_profit": null,
            "gross_margin": null,
            "gross_margin_4q_avg": 0,
            "net_income": null,
            "revenue": null,
            "common_shares": null,
            "book_valuer_per_share": null,
            "book_valuer_per_share_4q_avg": 0,
            "equity": null,
            "current_ratio": null,
            "debt_ratio": null,
            "inventory_turnover_ratio": null,
            "account_receivable_turnover_ratio": null,
            "reinvestment_rate": null,
            "research_to_sale_ratio": null,
            "price_fair": 0,
            "eps_avg_yearly": 0,
            "eps_latest_yearly": 0,
            "eps_growth_yearly": 0
        },
        "20073": {
            "year_quarter": 20073,
            "year": 2007,
            "quarter": 3,
            "eps": null,
            "eps_growth_year": null,
            "eps_4q": null,
            "eps_4q_growth_year": null,
            "roe": null,
            "roe_4q": 0,
            "gross_profit": null,
            "gross_margin": null,
            "gross_margin_4q_avg": 0,
            "net_income": null,
            "revenue": null,
            "common_shares": null,
            "book_valuer_per_share": null,
            "book_valuer_per_share_4q_avg": 0,
            "equity": null,
            "current_ratio": null,
            "debt_ratio": null,
            "inventory_turnover_ratio": null,
            "account_receivable_turnover_ratio": null,
            "reinvestment_rate": null,
            "research_to_sale_ratio": null,
            "price_fair": 0,
            "eps_avg_yearly": 0,
            "eps_latest_yearly": 0,
            "eps_growth_yearly": 0
        },
        "20074": {
            "year_quarter": 20074,
            "year": 2007,
            "quarter": 4,
            "eps": null,
            "eps_growth_year": null,
            "eps_4q": null,
            "eps_4q_growth_year": null,
            "roe": null,
            "roe_4q": 0,
            "gross_profit": null,
            "gross_margin": null,
            "gross_margin_4q_avg": 0,
            "net_income": null,
            "revenue": null,
            "common_shares": null,
            "book_valuer_per_share": null,
            "book_valuer_per_share_4q_avg": 0,
            "equity": null,
            "current_ratio": null,
            "debt_ratio": null,
            "inventory_turnover_ratio": null,
            "account_receivable_turnover_ratio": null,
            "reinvestment_rate": null,
            "research_to_sale_ratio": null,
            "price_fair": 0,
            "eps_avg_yearly": 0,
            "eps_latest_yearly": 0,
            "eps_growth_yearly": 0
        },
        "20081": {
            "year_quarter": 20081,
            "year": 2008,
            "quarter": 1,
            "eps": null,
            "eps_growth_year": null,
            "eps_4q": null,
            "eps_4q_growth_year": null,
            "roe": null,
            "roe_4q": 0,
            "gross_profit": null,
            "gross_margin": null,
            "gross_margin_4q_avg": 0,
            "net_income": null,
            "revenue": null,
            "common_shares": null,
            "book_valuer_per_share": null,
            "book_valuer_per_share_4q_avg": 0,
            "equity": null,
            "current_ratio": null,
            "debt_ratio": null,
            "inventory_turnover_ratio": null,
            "account_receivable_turnover_ratio": null,
            "reinvestment_rate": null,
            "research_to_sale_ratio": null,
            "price_fair": 0,
            "eps_avg_yearly": 0,
            "eps_latest_yearly": 0,
            "eps_growth_yearly": 0
        },
        "20082": {
            "year_quarter": 20082,
            "year": 2008,
            "quarter": 2,
            "eps": null,
            "eps_growth_year": null,
            "eps_4q": null,
            "eps_4q_growth_year": null,
            "roe": null,
            "roe_4q": 0,
            "gross_profit": null,
            "gross_margin": null,
            "gross_margin_4q_avg": 0,
            "net_income": null,
            "revenue": null,
            "common_shares": null,
            "book_valuer_per_share": null,
            "book_valuer_per_share_4q_avg": 0,
            "equity": null,
            "current_ratio": null,
            "debt_ratio": null,
            "inventory_turnover_ratio": null,
            "account_receivable_turnover_ratio": null,
            "reinvestment_rate": null,
            "research_to_sale_ratio": null,
            "price_fair": 0,
            "eps_avg_yearly": 0,
            "eps_latest_yearly": 0,
            "eps_growth_yearly": 0
        },
        "20083": {
            "year_quarter": 20083,
            "year": 2008,
            "quarter": 3,
            "eps": null,
            "eps_growth_year": null,
            "eps_4q": null,
            "eps_4q_growth_year": null,
            "roe": null,
            "roe_4q": 0,
            "gross_profit": null,
            "gross_margin": null,
            "gross_margin_4q_avg": 0,
            "net_income": null,
            "revenue": null,
            "common_shares": null,
            "book_valuer_per_share": null,
            "book_valuer_per_share_4q_avg": 0,
            "equity": null,
            "current_ratio": null,
            "debt_ratio": null,
            "inventory_turnover_ratio": null,
            "account_receivable_turnover_ratio": null,
            "reinvestment_rate": null,
            "research_to_sale_ratio": null,
            "price_fair": 0,
            "eps_avg_yearly": 0,
            "eps_latest_yearly": 0,
            "eps_growth_yearly": 0
        },
        "20084": {
            "year_quarter": 20084,
            "year": 2008,
            "quarter": 4,
            "eps": null,
            "eps_growth_year": null,
            "eps_4q": null,
            "eps_4q_growth_year": null,
            "roe": null,
            "roe_4q": 0,
            "gross_profit": null,
            "gross_margin": null,
            "gross_margin_4q_avg": 0,
            "net_income": null,
            "revenue": null,
            "common_shares": 300000,
            "book_valuer_per_share": 8.72,
            "book_valuer_per_share_4q_avg": 2.18,
            "equity": 261561,
            "current_ratio": 186.38,
            "debt_ratio": 46.47,
            "inventory_turnover_ratio": null,
            "account_receivable_turnover_ratio": null,
            "reinvestment_rate": null,
            "research_to_sale_ratio": null,
            "price_fair": 0,
            "eps_avg_yearly": 0,
            "eps_latest_yearly": 0,
            "eps_growth_yearly": 0
        },
        "20091": {
            "year_quarter": 20091,
            "year": 2009,
            "quarter": 1,
            "eps": null,
            "eps_growth_year": null,
            "eps_4q": null,
            "eps_4q_growth_year": null,
            "roe": null,
            "roe_4q": 0,
            "gross_profit": null,
            "gross_margin": null,
            "gross_margin_4q_avg": 0,
            "net_income": null,
            "revenue": null,
            "common_shares": null,
            "book_valuer_per_share": null,
            "book_valuer_per_share_4q_avg": 2.18,
            "equity": null,
            "current_ratio": null,
            "debt_ratio": null,
            "inventory_turnover_ratio": null,
            "account_receivable_turnover_ratio": null,
            "reinvestment_rate": null,
            "research_to_sale_ratio": null,
            "price_fair": 0,
            "eps_avg_yearly": 0,
            "eps_latest_yearly": 0,
            "eps_growth_yearly": 0
        },
        "20092": {
            "year_quarter": 20092,
            "year": 2009,
            "quarter": 2,
            "eps": null,
            "eps_growth_year": null,
            "eps_4q": null,
            "eps_4q_growth_year": null,
            "roe": null,
            "roe_4q": 0,
            "gross_profit": null,
            "gross_margin": null,
            "gross_margin_4q_avg": 0,
            "net_income": null,
            "revenue": null,
            "common_shares": null,
            "book_valuer_per_share": null,
            "book_valuer_per_share_4q_avg": 2.18,
            "equity": null,
            "current_ratio": null,
            "debt_ratio": null,
            "inventory_turnover_ratio": null,
            "account_receivable_turnover_ratio": null,
            "reinvestment_rate": null,
            "research_to_sale_ratio": null,
            "price_fair": 0,
            "eps_avg_yearly": 0,
            "eps_latest_yearly": 0,
            "eps_growth_yearly": 0
        },
        "20093": {
            "year_quarter": 20093,
            "year": 2009,
            "quarter": 3,
            "eps": null,
            "eps_growth_year": null,
            "eps_4q": null,
            "eps_4q_growth_year": null,
            "roe": null,
            "roe_4q": 0,
            "gross_profit": null,
            "gross_margin": null,
            "gross_margin_4q_avg": 0,
            "net_income": null,
            "revenue": null,
            "common_shares": null,
            "book_valuer_per_share": null,
            "book_valuer_per_share_4q_avg": 2.18,
            "equity": null,
            "current_ratio": null,
            "debt_ratio": null,
            "inventory_turnover_ratio": null,
            "account_receivable_turnover_ratio": null,
            "reinvestment_rate": null,
            "research_to_sale_ratio": null,
            "price_fair": 0,
            "eps_avg_yearly": 0,
            "eps_latest_yearly": 0,
            "eps_growth_yearly": 0
        },
        "20094": {
            "year_quarter": 20094,
            "year": 2009,
            "quarter": 4,
            "eps": null,
            "eps_growth_year": null,
            "eps_4q": null,
            "eps_4q_growth_year": null,
            "roe": null,
            "roe_4q": 0,
            "gross_profit": null,
            "gross_margin": null,
            "gross_margin_4q_avg": 0,
            "net_income": null,
            "revenue": null,
            "common_shares": 300500,
            "book_valuer_per_share": 8.12,
            "book_valuer_per_share_4q_avg": 2.03,
            "equity": 243969,
            "current_ratio": 181.46,
            "debt_ratio": 46.71,
            "inventory_turnover_ratio": null,
            "account_receivable_turnover_ratio": null,
            "reinvestment_rate": null,
            "research_to_sale_ratio": null,
            "price_fair": 0,
            "eps_avg_yearly": 0,
            "eps_latest_yearly": 0,
            "eps_growth_yearly": 0
        },
        "20101": {
            "year_quarter": 20101,
            "year": 2010,
            "quarter": 1,
            "eps": null,
            "eps_growth_year": null,
            "eps_4q": null,
            "eps_4q_growth_year": null,
            "roe": null,
            "roe_4q": 0,
            "gross_profit": null,
            "gross_margin": null,
            "gross_margin_4q_avg": 0,
            "net_income": null,
            "revenue": null,
            "common_shares": null,
            "book_valuer_per_share": null,
            "book_valuer_per_share_4q_avg": 2.03,
            "equity": null,
            "current_ratio": null,
            "debt_ratio": null,
            "inventory_turnover_ratio": null,
            "account_receivable_turnover_ratio": null,
            "reinvestment_rate": null,
            "research_to_sale_ratio": null,
            "price_fair": 0,
            "eps_avg_yearly": 0,
            "eps_latest_yearly": 0,
            "eps_growth_yearly": 0
        },
        "20102": {
            "year_quarter": 20102,
            "year": 2010,
            "quarter": 2,
            "eps": null,
            "eps_growth_year": null,
            "eps_4q": null,
            "eps_4q_growth_year": null,
            "roe": null,
            "roe_4q": 0,
            "gross_profit": null,
            "gross_margin": null,
            "gross_margin_4q_avg": 0,
            "net_income": null,
            "revenue": null,
            "common_shares": null,
            "book_valuer_per_share": null,
            "book_valuer_per_share_4q_avg": 2.03,
            "equity": null,
            "current_ratio": null,
            "debt_ratio": null,
            "inventory_turnover_ratio": null,
            "account_receivable_turnover_ratio": null,
            "reinvestment_rate": null,
            "research_to_sale_ratio": null,
            "price_fair": 0,
            "eps_avg_yearly": 0,
            "eps_latest_yearly": 0,
            "eps_growth_yearly": 0
        },
        "20103": {
            "year_quarter": 20103,
            "year": 2010,
            "quarter": 3,
            "eps": null,
            "eps_growth_year": null,
            "eps_4q": null,
            "eps_4q_growth_year": null,
            "roe": null,
            "roe_4q": 0,
            "gross_profit": null,
            "gross_margin": null,
            "gross_margin_4q_avg": 0,
            "net_income": null,
            "revenue": null,
            "common_shares": null,
            "book_valuer_per_share": null,
            "book_valuer_per_share_4q_avg": 2.03,
            "equity": null,
            "current_ratio": null,
            "debt_ratio": null,
            "inventory_turnover_ratio": null,
            "account_receivable_turnover_ratio": null,
            "reinvestment_rate": null,
            "research_to_sale_ratio": null,
            "price_fair": 0,
            "eps_avg_yearly": 0,
            "eps_latest_yearly": 0,
            "eps_growth_yearly": 0
        },
        "20104": {
            "year_quarter": 20104,
            "year": 2010,
            "quarter": 4,
            "eps": null,
            "eps_growth_year": null,
            "eps_4q": null,
            "eps_4q_growth_year": null,
            "roe": null,
            "roe_4q": 0,
            "gross_profit": null,
            "gross_margin": null,
            "gross_margin_4q_avg": 0,
            "net_income": null,
            "revenue": null,
            "common_shares": 300500,
            "book_valuer_per_share": 10.24,
            "book_valuer_per_share_4q_avg": 2.56,
            "equity": 307803,
            "current_ratio": 193.92,
            "debt_ratio": 44.04,
            "inventory_turnover_ratio": null,
            "account_receivable_turnover_ratio": null,
            "reinvestment_rate": null,
            "research_to_sale_ratio": null,
            "price_fair": 0,
            "eps_avg_yearly": 0,
            "eps_latest_yearly": 0,
            "eps_growth_yearly": 0
        },
        "20111": {
            "year_quarter": 20111,
            "year": 2011,
            "quarter": 1,
            "eps": null,
            "eps_growth_year": null,
            "eps_4q": null,
            "eps_4q_growth_year": null,
            "roe": null,
            "roe_4q": 0,
            "gross_profit": null,
            "gross_margin": null,
            "gross_margin_4q_avg": 0,
            "net_income": null,
            "revenue": null,
            "common_shares": null,
            "book_valuer_per_share": null,
            "book_valuer_per_share_4q_avg": 2.56,
            "equity": null,
            "current_ratio": null,
            "debt_ratio": null,
            "inventory_turnover_ratio": null,
            "account_receivable_turnover_ratio": null,
            "reinvestment_rate": null,
            "research_to_sale_ratio": null,
            "price_fair": 0,
            "eps_avg_yearly": 0,
            "eps_latest_yearly": 0,
            "eps_growth_yearly": 0
        },
        "20112": {
            "year_quarter": 20112,
            "year": 2011,
            "quarter": 2,
            "eps": null,
            "eps_growth_year": null,
            "eps_4q": null,
            "eps_4q_growth_year": null,
            "roe": null,
            "roe_4q": 0,
            "gross_profit": null,
            "gross_margin": null,
            "gross_margin_4q_avg": 0,
            "net_income": null,
            "revenue": null,
            "common_shares": 300500,
            "book_valuer_per_share": null,
            "book_valuer_per_share_4q_avg": 2.56,
            "equity": 361596,
            "current_ratio": null,
            "debt_ratio": null,
            "inventory_turnover_ratio": null,
            "account_receivable_turnover_ratio": null,
            "reinvestment_rate": null,
            "research_to_sale_ratio": null,
            "price_fair": 0,
            "eps_avg_yearly": 0,
            "eps_latest_yearly": 0,
            "eps_growth_yearly": 0
        },
        "20113": {
            "year_quarter": 20113,
            "year": 2011,
            "quarter": 3,
            "eps": null,
            "eps_growth_year": null,
            "eps_4q": null,
            "eps_4q_growth_year": null,
            "roe": null,
            "roe_4q": 0,
            "gross_profit": null,
            "gross_margin": null,
            "gross_margin_4q_avg": 0,
            "net_income": null,
            "revenue": null,
            "common_shares": null,
            "book_valuer_per_share": null,
            "book_valuer_per_share_4q_avg": 2.56,
            "equity": null,
            "current_ratio": null,
            "debt_ratio": null,
            "inventory_turnover_ratio": null,
            "account_receivable_turnover_ratio": null,
            "reinvestment_rate": null,
            "research_to_sale_ratio": null,
            "price_fair": 0,
            "eps_avg_yearly": 0,
            "eps_latest_yearly": 0,
            "eps_growth_yearly": 0
        },
        "20114": {
            "year_quarter": 20114,
            "year": 2011,
            "quarter": 4,
            "eps": null,
            "eps_growth_year": null,
            "eps_4q": null,
            "eps_4q_growth_year": null,
            "roe": null,
            "roe_4q": 0,
            "gross_profit": null,
            "gross_margin": null,
            "gross_margin_4q_avg": 0,
            "net_income": null,
            "revenue": null,
            "common_shares": 300500,
            "book_valuer_per_share": 14.52,
            "book_valuer_per_share_4q_avg": 3.63,
            "equity": 436372,
            "current_ratio": 237.73,
            "debt_ratio": 33.54,
            "inventory_turnover_ratio": null,
            "account_receivable_turnover_ratio": null,
            "reinvestment_rate": null,
            "research_to_sale_ratio": null,
            "price_fair": 0,
            "eps_avg_yearly": 0,
            "eps_latest_yearly": 0,
            "eps_growth_yearly": 0
        },
        "20121": {
            "year_quarter": 20121,
            "year": 2012,
            "quarter": 1,
            "eps": null,
            "eps_growth_year": null,
            "eps_4q": null,
            "eps_4q_growth_year": null,
            "roe": null,
            "roe_4q": 0,
            "gross_profit": 53203,
            "gross_margin": null,
            "gross_margin_4q_avg": 0,
            "net_income": 21283,
            "revenue": 238176,
            "common_shares": 300500,
            "book_valuer_per_share": null,
            "book_valuer_per_share_4q_avg": 3.63,
            "equity": 454420,
            "current_ratio": null,
            "debt_ratio": null,
            "inventory_turnover_ratio": null,
            "account_receivable_turnover_ratio": null,
            "reinvestment_rate": null,
            "research_to_sale_ratio": null,
            "price_fair": 0,
            "eps_avg_yearly": 0,
            "eps_latest_yearly": 0,
            "eps_growth_yearly": 0
        },
        "20122": {
            "year_quarter": 20122,
            "year": 2012,
            "quarter": 2,
            "eps": null,
            "eps_growth_year": null,
            "eps_4q": null,
            "eps_4q_growth_year": null,
            "roe": null,
            "roe_4q": 0,
            "gross_profit": 56580,
            "gross_margin": null,
            "gross_margin_4q_avg": 0,
            "net_income": 20840,
            "revenue": 239531,
            "common_shares": 300500,
            "book_valuer_per_share": 15.01,
            "book_valuer_per_share_4q_avg": 7.38,
            "equity": 450958,
            "current_ratio": 239.2,
            "debt_ratio": 33.52,
            "inventory_turnover_ratio": null,
            "account_receivable_turnover_ratio": null,
            "reinvestment_rate": null,
            "research_to_sale_ratio": null,
            "price_fair": 0,
            "eps_avg_yearly": 0,
            "eps_latest_yearly": 0,
            "eps_growth_yearly": 0
        },
        "20123": {
            "year_quarter": 20123,
            "year": 2012,
            "quarter": 3,
            "eps": null,
            "eps_growth_year": null,
            "eps_4q": null,
            "eps_4q_growth_year": null,
            "roe": null,
            "roe_4q": 0,
            "gross_profit": 64769,
            "gross_margin": null,
            "gross_margin_4q_avg": 0,
            "net_income": 27972,
            "revenue": 258798,
            "common_shares": 300500,
            "book_valuer_per_share": null,
            "book_valuer_per_share_4q_avg": 7.38,
            "equity": 475054,
            "current_ratio": null,
            "debt_ratio": null,
            "inventory_turnover_ratio": null,
            "account_receivable_turnover_ratio": null,
            "reinvestment_rate": null,
            "research_to_sale_ratio": null,
            "price_fair": 0,
            "eps_avg_yearly": 0,
            "eps_latest_yearly": 0,
            "eps_growth_yearly": 0
        },
        "20124": {
            "year_quarter": 20124,
            "year": 2012,
            "quarter": 4,
            "eps": null,
            "eps_growth_year": null,
            "eps_4q": null,
            "eps_4q_growth_year": null,
            "roe": null,
            "roe_4q": 0,
            "gross_profit": 60970,
            "gross_margin": null,
            "gross_margin_4q_avg": 0,
            "net_income": 31915,
            "revenue": 241742,
            "common_shares": 300500,
            "book_valuer_per_share": 17.06,
            "book_valuer_per_share_4q_avg": 8.02,
            "equity": 512716,
            "current_ratio": 310.71,
            "debt_ratio": 25.97,
            "inventory_turnover_ratio": null,
            "account_receivable_turnover_ratio": null,
            "reinvestment_rate": null,
            "research_to_sale_ratio": null,
            "price_fair": 0,
            "eps_avg_yearly": 0,
            "eps_latest_yearly": 0,
            "eps_growth_yearly": 0
        },
        "20131": {
            "year_quarter": 20131,
            "year": 2013,
            "quarter": 1,
            "eps": 1.03,
            "eps_growth_year": null,
            "eps_4q": 1.03,
            "eps_4q_growth_year": null,
            "roe": 5.86,
            "roe_4q": 5.86,
            "gross_profit": 55331,
            "gross_margin": 25.07,
            "gross_margin_4q_avg": 6.27,
            "net_income": 30805,
            "revenue": 220737,
            "common_shares": 300500,
            "book_valuer_per_share": 17.96,
            "book_valuer_per_share_4q_avg": 12.51,
            "equity": 539550,
            "current_ratio": 309.31,
            "debt_ratio": 26.43,
            "inventory_turnover_ratio": 0.86,
            "account_receivable_turnover_ratio": 1.69,
            "reinvestment_rate": null,
            "research_to_sale_ratio": 0.77,
            "price_fair": 0,
            "eps_avg_yearly": 0,
            "eps_latest_yearly": 0,
            "eps_growth_yearly": 0
        },
        "20132": {
            "year_quarter": 20132,
            "year": 2013,
            "quarter": 2,
            "eps": 1.43,
            "eps_growth_year": null,
            "eps_4q": 2.45,
            "eps_4q_growth_year": null,
            "roe": 7.96,
            "roe_4q": 13.82,
            "gross_profit": 82327,
            "gross_margin": 29.94,
            "gross_margin_4q_avg": 13.75,
            "net_income": 42899,
            "revenue": 275016,
            "common_shares": 300500,
            "book_valuer_per_share": 17.91,
            "book_valuer_per_share_4q_avg": 13.23,
            "equity": 538170,
            "current_ratio": 256.53,
            "debt_ratio": 32.19,
            "inventory_turnover_ratio": 0.94,
            "account_receivable_turnover_ratio": 1.94,
            "reinvestment_rate": null,
            "research_to_sale_ratio": 0.74,
            "price_fair": 200.2,
            "eps_avg_yearly": 5.72,
            "eps_latest_yearly": 5.72,
            "eps_growth_yearly": 155.34
        },
        "20133": {
            "year_quarter": 20133,
            "year": 2013,
            "quarter": 3,
            "eps": 1.41,
            "eps_growth_year": null,
            "eps_4q": 3.47,
            "eps_4q_growth_year": null,
            "roe": 6.35,
            "roe_4q": 20.169999999999998,
            "gross_profit": 83597,
            "gross_margin": 29.69,
            "gross_margin_4q_avg": 21.18,
            "net_income": 44356,
            "revenue": 281527,
            "common_shares": 339751,
            "book_valuer_per_share": 25.24,
            "book_valuer_per_share_4q_avg": 19.54,
            "equity": 858669,
            "current_ratio": 458.22,
            "debt_ratio": 19.18,
            "inventory_turnover_ratio": 0.95,
            "account_receivable_turnover_ratio": 1.71,
            "reinvestment_rate": null,
            "research_to_sale_ratio": 0.6,
            "price_fair": 198.8,
            "eps_avg_yearly": 5.68,
            "eps_latest_yearly": 5.64,
            "eps_growth_yearly": 74.87
        },
        "20134": {
            "year_quarter": 20134,
            "year": 2013,
            "quarter": 4,
            "eps": 1.62,
            "eps_growth_year": null,
            "eps_4q": 5.09,
            "eps_4q_growth_year": null,
            "roe": 6.2,
            "roe_4q": 26.37,
            "gross_profit": 86154,
            "gross_margin": 30.11,
            "gross_margin_4q_avg": 28.7,
            "net_income": 54977,
            "revenue": 286117,
            "common_shares": 340174,
            "book_valuer_per_share": 26.85,
            "book_valuer_per_share_4q_avg": 21.99,
            "equity": 913389,
            "current_ratio": 431.3,
            "debt_ratio": 20.74,
            "inventory_turnover_ratio": 0.93,
            "account_receivable_turnover_ratio": 1.59,
            "reinvestment_rate": null,
            "research_to_sale_ratio": 0.54,
            "price_fair": 208.13,
            "eps_avg_yearly": 5.95,
            "eps_latest_yearly": 6.48,
            "eps_growth_yearly": 69.77
        },
        "20141": {
            "year_quarter": 20141,
            "year": 2014,
            "quarter": 1,
            "eps": 1.75,
            "eps_growth_year": 69.9,
            "eps_4q": 5.93,
            "eps_4q_growth_year": 478.28,
            "roe": 6.3,
            "roe_4q": 26.810000000000002,
            "gross_profit": 89600,
            "gross_margin": 30.42,
            "gross_margin_4q_avg": 30.04,
            "net_income": 59426,
            "revenue": 294509,
            "common_shares": 340174,
            "book_valuer_per_share": 28.6,
            "book_valuer_per_share_4q_avg": 24.65,
            "equity": 972945,
            "current_ratio": 461.42,
            "debt_ratio": 19.46,
            "inventory_turnover_ratio": 0.91,
            "account_receivable_turnover_ratio": 1.62,
            "reinvestment_rate": null,
            "research_to_sale_ratio": 0.54,
            "price_fair": 217.35,
            "eps_avg_yearly": 6.21,
            "eps_latest_yearly": 7,
            "eps_growth_yearly": 60.35
        },
        "20142": {
            "year_quarter": 20142,
            "year": 2014,
            "quarter": 2,
            "eps": 1.68,
            "eps_growth_year": 17.48,
            "eps_4q": 6.04,
            "eps_4q_growth_year": 146.45,
            "roe": 6.18,
            "roe_4q": 25.03,
            "gross_profit": 104975,
            "gross_margin": 31.69,
            "gross_margin_4q_avg": 30.48,
            "net_income": 57150,
            "revenue": 331240,
            "common_shares": 340174,
            "book_valuer_per_share": 25.79,
            "book_valuer_per_share_4q_avg": 26.62,
            "equity": 877147,
            "current_ratio": 290.16,
            "debt_ratio": 30.62,
            "inventory_turnover_ratio": 0.98,
            "account_receivable_turnover_ratio": 1.78,
            "reinvestment_rate": null,
            "research_to_sale_ratio": 0.64,
            "price_fair": 220.92,
            "eps_avg_yearly": 6.31,
            "eps_latest_yearly": 6.72,
            "eps_growth_yearly": 45.08
        },
        "20143": {
            "year_quarter": 20143,
            "year": 2014,
            "quarter": 3,
            "eps": 1.53,
            "eps_growth_year": 8.51,
            "eps_4q": 6.29,
            "eps_4q_growth_year": 81.2,
            "roe": 6.03,
            "roe_4q": 24.71,
            "gross_profit": 93682,
            "gross_margin": 29.39,
            "gross_margin_4q_avg": 30.4,
            "net_income": 54662,
            "revenue": 318788,
            "common_shares": 357183,
            "book_valuer_per_share": 26.06,
            "book_valuer_per_share_4q_avg": 26.83,
            "equity": 937026,
            "current_ratio": 427.94,
            "debt_ratio": 19.82,
            "inventory_turnover_ratio": 0.96,
            "account_receivable_turnover_ratio": 1.59,
            "reinvestment_rate": null,
            "research_to_sale_ratio": 0.89,
            "price_fair": 219.8,
            "eps_avg_yearly": 6.28,
            "eps_latest_yearly": 6.12,
            "eps_growth_yearly": 31.62
        },
        "20144": {
            "year_quarter": 20144,
            "year": 2014,
            "quarter": 4,
            "eps": 1.77,
            "eps_growth_year": 9.42,
            "eps_4q": 6.52,
            "eps_4q_growth_year": 28.17,
            "roe": 6.57,
            "roe_4q": 25.080000000000002,
            "gross_profit": 100006,
            "gross_margin": 30.04,
            "gross_margin_4q_avg": 30.39,
            "net_income": 63732,
            "revenue": 332947,
            "common_shares": 360402,
            "book_valuer_per_share": 27.85,
            "book_valuer_per_share_4q_avg": 27.08,
            "equity": 1003639,
            "current_ratio": 402.54,
            "debt_ratio": 20.75,
            "inventory_turnover_ratio": 1,
            "account_receivable_turnover_ratio": 1.58,
            "reinvestment_rate": null,
            "research_to_sale_ratio": 1.08,
            "price_fair": 223.8,
            "eps_avg_yearly": 6.39,
            "eps_latest_yearly": 7.08,
            "eps_growth_yearly": 36.06
        },
        "20151": {
            "year_quarter": 20151,
            "year": 2015,
            "quarter": 1,
            "eps": 1.26,
            "eps_growth_year": -28,
            "eps_4q": 6.13,
            "eps_4q_growth_year": 3.45,
            "roe": 4.43,
            "roe_4q": 23.21,
            "gross_profit": 101880,
            "gross_margin": 32.72,
            "gross_margin_4q_avg": 30.96,
            "net_income": 45474,
            "revenue": 311403,
            "common_shares": 360402,
            "book_valuer_per_share": 29.12,
            "book_valuer_per_share_4q_avg": 27.21,
            "equity": 1049621,
            "current_ratio": 380.62,
            "debt_ratio": 20.69,
            "inventory_turnover_ratio": 0.87,
            "account_receivable_turnover_ratio": 1.45,
            "reinvestment_rate": null,
            "research_to_sale_ratio": 0.66,
            "price_fair": 169.01,
            "eps_avg_yearly": 6.23,
            "eps_latest_yearly": 5.04,
            "eps_growth_yearly": 17.15
        },
        "20152": {
            "year_quarter": 20152,
            "year": 2015,
            "quarter": 2,
            "eps": 1.31,
            "eps_growth_year": -22.02,
            "eps_4q": 5.86,
            "eps_4q_growth_year": -3.12,
            "roe": 4.84,
            "roe_4q": 21.87,
            "gross_profit": 106917,
            "gross_margin": 30.81,
            "gross_margin_4q_avg": 30.74,
            "net_income": 47185,
            "revenue": 346995,
            "common_shares": 360402,
            "book_valuer_per_share": 24.95,
            "book_valuer_per_share_4q_avg": 27,
            "equity": 899094,
            "current_ratio": 221.56,
            "debt_ratio": 35.27,
            "inventory_turnover_ratio": 0.95,
            "account_receivable_turnover_ratio": 1.49,
            "reinvestment_rate": null,
            "research_to_sale_ratio": 0.68,
            "price_fair": 165.17,
            "eps_avg_yearly": 6.12,
            "eps_latest_yearly": 5.24,
            "eps_growth_yearly": 17.01
        },
        "20153": {
            "year_quarter": 20153,
            "year": 2015,
            "quarter": 3,
            "eps": 2.62,
            "eps_growth_year": 71.24,
            "eps_4q": 6.96,
            "eps_4q_growth_year": 10.64,
            "roe": 9.97,
            "roe_4q": 25.810000000000002,
            "gross_profit": 98298,
            "gross_margin": 31,
            "gross_margin_4q_avg": 31.14,
            "net_income": 94363,
            "revenue": 317065,
            "common_shares": 360402,
            "book_valuer_per_share": 27.55,
            "book_valuer_per_share_4q_avg": 27.37,
            "equity": 993042,
            "current_ratio": 332.14,
            "debt_ratio": 22.94,
            "inventory_turnover_ratio": 0.83,
            "account_receivable_turnover_ratio": 1.31,
            "reinvestment_rate": null,
            "research_to_sale_ratio": 0.79,
            "price_fair": 229.32,
            "eps_avg_yearly": 6.55,
            "eps_latest_yearly": 10.48,
            "eps_growth_yearly": 55.31
        },
        "20154": {
            "year_quarter": 20154,
            "year": 2015,
            "quarter": 4,
            "eps": 1.91,
            "eps_growth_year": 7.99,
            "eps_4q": 7.03,
            "eps_4q_growth_year": 7.88,
            "roe": 6.77,
            "roe_4q": 26.01,
            "gross_profit": 109479,
            "gross_margin": 34.36,
            "gross_margin_4q_avg": 32.22,
            "net_income": 69706,
            "revenue": 318577,
            "common_shares": 365029,
            "book_valuer_per_share": 29.25,
            "book_valuer_per_share_4q_avg": 27.72,
            "equity": 1067600,
            "current_ratio": 394.37,
            "debt_ratio": 20.03,
            "inventory_turnover_ratio": 0.77,
            "account_receivable_turnover_ratio": 1.34,
            "reinvestment_rate": 24.44,
            "research_to_sale_ratio": 0.78,
            "price_fair": 232.78,
            "eps_avg_yearly": 6.65,
            "eps_latest_yearly": 7.64,
            "eps_growth_yearly": 40.42
        },
        "20161": {
            "year_quarter": 20161,
            "year": 2016,
            "quarter": 1,
            "eps": 1.48,
            "eps_growth_year": 17.46,
            "eps_4q": 7.27,
            "eps_4q_growth_year": 18.48,
            "roe": 4.93,
            "roe_4q": 26.51,
            "gross_profit": 106875,
            "gross_margin": 35.59,
            "gross_margin_4q_avg": 32.94,
            "net_income": 53960,
            "revenue": 300333,
            "common_shares": 365029,
            "book_valuer_per_share": 30.73,
            "book_valuer_per_share_4q_avg": 28.12,
            "equity": 1121560,
            "current_ratio": 419.05,
            "debt_ratio": 18.65,
            "inventory_turnover_ratio": 0.7,
            "account_receivable_turnover_ratio": 1.35,
            "reinvestment_rate": 23.8,
            "research_to_sale_ratio": 0.89,
            "price_fair": 230.65,
            "eps_avg_yearly": 6.59,
            "eps_latest_yearly": 5.92,
            "eps_growth_yearly": 29.55
        },
        "20162": {
            "year_quarter": 20162,
            "year": 2016,
            "quarter": 2,
            "eps": 1.39,
            "eps_growth_year": 6.11,
            "eps_4q": 7.36,
            "eps_4q_growth_year": 25.77,
            "roe": 4.9,
            "roe_4q": 26.57,
            "gross_profit": 114766,
            "gross_margin": 34.43,
            "gross_margin_4q_avg": 33.85,
            "net_income": 50813,
            "revenue": 333333,
            "common_shares": 365029,
            "book_valuer_per_share": 26.12,
            "book_valuer_per_share_4q_avg": 28.41,
            "equity": 953355,
            "current_ratio": 186.91,
            "debt_ratio": 42.2,
            "inventory_turnover_ratio": 0.77,
            "account_receivable_turnover_ratio": 1.54,
            "reinvestment_rate": 24.74,
            "research_to_sale_ratio": 0.63,
            "price_fair": 227.88,
            "eps_avg_yearly": 6.51,
            "eps_latest_yearly": 5.56,
            "eps_growth_yearly": 25.41
        },
        "20163": {
            "year_quarter": 20163,
            "year": 2016,
            "quarter": 3,
            "eps": 1.1,
            "eps_growth_year": -58.02,
            "eps_4q": 5.88,
            "eps_4q_growth_year": -15.43,
            "roe": 4.14,
            "roe_4q": 20.74,
            "gross_profit": 105763,
            "gross_margin": 33.98,
            "gross_margin_4q_avg": 34.59,
            "net_income": 40308,
            "revenue": 311255,
            "common_shares": 365029,
            "book_valuer_per_share": 27.22,
            "book_valuer_per_share_4q_avg": 28.33,
            "equity": 993663,
            "current_ratio": 184.32,
            "debt_ratio": 43.09,
            "inventory_turnover_ratio": 0.68,
            "account_receivable_turnover_ratio": 1.46,
            "reinvestment_rate": 24.52,
            "research_to_sale_ratio": 0.65,
            "price_fair": 175.74,
            "eps_avg_yearly": 6.36,
            "eps_latest_yearly": 4.4,
            "eps_growth_yearly": 17.63
        },
        "20164": {
            "year_quarter": 20164,
            "year": 2016,
            "quarter": 4,
            "eps": 2.04,
            "eps_growth_year": 6.89,
            "eps_4q": 6.02,
            "eps_4q_growth_year": -14.47,
            "roe": 7.23,
            "roe_4q": 21.200000000000003,
            "gross_profit": 101598,
            "gross_margin": 30.35,
            "gross_margin_4q_avg": 33.59,
            "net_income": 74507,
            "revenue": 334732,
            "common_shares": 365029,
            "book_valuer_per_share": 29.25,
            "book_valuer_per_share_4q_avg": 28.33,
            "equity": 1067678,
            "current_ratio": 213.58,
            "debt_ratio": 36.6,
            "inventory_turnover_ratio": 0.74,
            "account_receivable_turnover_ratio": 1.56,
            "reinvestment_rate": 25.55,
            "research_to_sale_ratio": 0.41,
            "price_fair": 226.8,
            "eps_avg_yearly": 6.48,
            "eps_latest_yearly": 8.16,
            "eps_growth_yearly": 39.24
        },
        "20171": {
            "year_quarter": 20171,
            "year": 2017,
            "quarter": 1,
            "eps": 0.46,
            "eps_growth_year": -68.92,
            "eps_4q": 5,
            "eps_4q_growth_year": -31.18,
            "roe": 1.57,
            "roe_4q": 17.840000000000003,
            "gross_profit": 94754,
            "gross_margin": 29.04,
            "gross_margin_4q_avg": 31.95,
            "net_income": 16893,
            "revenue": 326315,
            "common_shares": 365029,
            "book_valuer_per_share": 29.71,
            "book_valuer_per_share_4q_avg": 28.08,
            "equity": 1084571,
            "current_ratio": 194.08,
            "debt_ratio": 38.99,
            "inventory_turnover_ratio": 0.75,
            "account_receivable_turnover_ratio": 1.44,
            "reinvestment_rate": 28.68,
            "research_to_sale_ratio": 0.6,
            "price_fair": 169.78,
            "eps_avg_yearly": 6.19,
            "eps_latest_yearly": 1.84,
            "eps_growth_yearly": 17.43
        },
        "20172": {
            "year_quarter": 20172,
            "year": 2017,
            "quarter": 2,
            "eps": 1.52,
            "eps_growth_year": 9.35,
            "eps_4q": 5.12,
            "eps_4q_growth_year": -30.42,
            "roe": 5.42,
            "roe_4q": 18.36,
            "gross_profit": 92239,
            "gross_margin": 28.3,
            "gross_margin_4q_avg": 30.42,
            "net_income": 55347,
            "revenue": 325896,
            "common_shares": 365029,
            "book_valuer_per_share": 26.23,
            "book_valuer_per_share_4q_avg": 28.1,
            "equity": 957404,
            "current_ratio": 146.37,
            "debt_ratio": 53.92,
            "inventory_turnover_ratio": 0.72,
            "account_receivable_turnover_ratio": 1.37,
            "reinvestment_rate": 27.8,
            "research_to_sale_ratio": 0.89,
            "price_fair": 217.44,
            "eps_avg_yearly": 6.21,
            "eps_latest_yearly": 6.08,
            "eps_growth_yearly": 65.33
        },
        "20173": {
            "year_quarter": 20173,
            "year": 2017,
            "quarter": 3,
            "eps": 1.56,
            "eps_growth_year": 41.82,
            "eps_4q": 5.58,
            "eps_4q_growth_year": -5.17,
            "roe": 5.78,
            "roe_4q": 20,
            "gross_profit": 98348,
            "gross_margin": 28.58,
            "gross_margin_4q_avg": 29.07,
            "net_income": 56934,
            "revenue": 344163,
            "common_shares": 365029,
            "book_valuer_per_share": 27.79,
            "book_valuer_per_share_4q_avg": 28.25,
            "equity": 1014338,
            "current_ratio": 150.29,
            "debt_ratio": 51.81,
            "inventory_turnover_ratio": 0.69,
            "account_receivable_turnover_ratio": 1.43,
            "reinvestment_rate": 34.61,
            "research_to_sale_ratio": 1,
            "price_fair": 218.75,
            "eps_avg_yearly": 6.25,
            "eps_latest_yearly": 6.24,
            "eps_growth_yearly": 66.34
        },
        "20174": {
            "year_quarter": 20174,
            "year": 2017,
            "quarter": 4,
            "eps": 1.13,
            "eps_growth_year": -44.4,
            "eps_4q": 4.67,
            "eps_4q_growth_year": -22.31,
            "roe": 4,
            "roe_4q": 16.77,
            "gross_profit": 98540,
            "gross_margin": 28.93,
            "gross_margin_4q_avg": 28.71,
            "net_income": 41428,
            "revenue": 340626,
            "common_shares": 365029,
            "book_valuer_per_share": 28.92,
            "book_valuer_per_share_4q_avg": 28.16,
            "equity": 1055620,
            "current_ratio": 155.89,
            "debt_ratio": 49.96,
            "inventory_turnover_ratio": 0.7,
            "account_receivable_turnover_ratio": 1.44,
            "reinvestment_rate": 35.17,
            "research_to_sale_ratio": 1.25,
            "price_fair": 214.46,
            "eps_avg_yearly": 6.13,
            "eps_latest_yearly": 4.52,
            "eps_growth_yearly": 55.72
        },
        "20181": {
            "year_quarter": 20181,
            "year": 2018,
            "quarter": 1,
            "eps": 0.27,
            "eps_growth_year": -41.3,
            "eps_4q": 4.48,
            "eps_4q_growth_year": -10.49,
            "roe": 0.91,
            "roe_4q": 16.11,
            "gross_profit": 73205,
            "gross_margin": 23.34,
            "gross_margin_4q_avg": 27.29,
            "net_income": 9674,
            "revenue": 313605,
            "common_shares": 365029,
            "book_valuer_per_share": 29.19,
            "book_valuer_per_share_4q_avg": 28.03,
            "equity": 1065502,
            "current_ratio": 157.62,
            "debt_ratio": 51.78,
            "inventory_turnover_ratio": 0.7,
            "account_receivable_turnover_ratio": 1.36,
            "reinvestment_rate": 29.34,
            "research_to_sale_ratio": 1.15,
            "price_fair": 201.51,
            "eps_avg_yearly": 5.76,
            "eps_latest_yearly": 1.08,
            "eps_growth_yearly": 34.69
        },
        "20182": {
            "year_quarter": 20182,
            "year": 2018,
            "quarter": 2,
            "eps": 2.45,
            "eps_growth_year": 61.18,
            "eps_4q": 5.44,
            "eps_4q_growth_year": 6.18,
            "roe": 8.53,
            "roe_4q": 19.22,
            "gross_profit": 90291,
            "gross_margin": 26.44,
            "gross_margin_4q_avg": 26.82,
            "net_income": 89228,
            "revenue": 341533,
            "common_shares": 365029,
            "book_valuer_per_share": 28.29,
            "book_valuer_per_share_4q_avg": 28.55,
            "equity": 1025786,
            "current_ratio": 150.27,
            "debt_ratio": 54.16,
            "inventory_turnover_ratio": 0.73,
            "account_receivable_turnover_ratio": 1.5,
            "reinvestment_rate": 26.83,
            "research_to_sale_ratio": 1.71,
            "price_fair": 208.25,
            "eps_avg_yearly": 5.95,
            "eps_latest_yearly": 9.8,
            "eps_growth_yearly": 237.54
        },
        "20183": {
            "year_quarter": 20183,
            "year": 2018,
            "quarter": 3,
            "eps": 0.78,
            "eps_growth_year": -50,
            "eps_4q": 4.65,
            "eps_4q_growth_year": -16.64,
            "roe": 1.17,
            "roe_4q": 14.61,
            "gross_profit": 171261,
            "gross_margin": 26.91,
            "gross_margin_4q_avg": 26.41,
            "net_income": 12509,
            "revenue": 636474,
            "common_shares": 365029,
            "book_valuer_per_share": 29.09,
            "book_valuer_per_share_4q_avg": 28.87,
            "equity": 1107524,
            "current_ratio": 123.83,
            "debt_ratio": 65.24,
            "inventory_turnover_ratio": 0.69,
            "account_receivable_turnover_ratio": 2.16,
            "reinvestment_rate": 41.51,
            "research_to_sale_ratio": 0.78,
            "price_fair": 201.69,
            "eps_avg_yearly": 5.76,
            "eps_latest_yearly": 3.12,
            "eps_growth_yearly": 222.73
        },
        "20184": {
            "year_quarter": 20184,
            "year": 2018,
            "quarter": 4,
            "eps": 0.71,
            "eps_growth_year": -37.22,
            "eps_4q": 4.22,
            "eps_4q_growth_year": -9.68,
            "roe": -0.04,
            "roe_4q": 10.57,
            "gross_profit": 153331,
            "gross_margin": 22.47,
            "gross_margin_4q_avg": 24.79,
            "net_income": -396,
            "revenue": 682517,
            "common_shares": 365029,
            "book_valuer_per_share": 29.74,
            "book_valuer_per_share_4q_avg": 29.08,
            "equity": 1106893,
            "current_ratio": 143.6,
            "debt_ratio": 62.8,
            "inventory_turnover_ratio": 0.53,
            "account_receivable_turnover_ratio": 2.02,
            "reinvestment_rate": 44.49,
            "research_to_sale_ratio": 0.66,
            "price_fair": 192.41,
            "eps_avg_yearly": 5.5,
            "eps_latest_yearly": 2.84,
            "eps_growth_yearly": 216.57
        },
        "20191": {
            "year_quarter": 20191,
            "year": 2019,
            "quarter": 1,
            "eps": 1.32,
            "eps_growth_year": 388.89,
            "eps_4q": 5.28,
            "eps_4q_growth_year": 17.93,
            "roe": 3.64,
            "roe_4q": 13.299999999999999,
            "gross_profit": 180741,
            "gross_margin": 27.64,
            "gross_margin_4q_avg": 25.87,
            "net_income": 41078,
            "revenue": 653921,
            "common_shares": 365029,
            "book_valuer_per_share": 31.06,
            "book_valuer_per_share_4q_avg": 29.55,
            "equity": 1148156,
            "current_ratio": 144.62,
            "debt_ratio": 66.32,
            "inventory_turnover_ratio": 0.47,
            "account_receivable_turnover_ratio": 1.96,
            "reinvestment_rate": 19.44,
            "research_to_sale_ratio": 0.62,
            "price_fair": 192.94,
            "eps_avg_yearly": 5.51,
            "eps_latest_yearly": 5.28,
            "eps_growth_yearly": 245.25
        },
        "20192": {
            "year_quarter": 20192,
            "year": 2019,
            "quarter": 2,
            "eps": 2.31,
            "eps_growth_year": -5.71,
            "eps_4q": 5.12,
            "eps_4q_growth_year": -5.83,
            "roe": 9.54,
            "roe_4q": 14.31,
            "gross_profit": 168140,
            "gross_margin": 25.95,
            "gross_margin_4q_avg": 25.74,
            "net_income": 111149,
            "revenue": 647926,
            "common_shares": 365029,
            "book_valuer_per_share": 30.34,
            "book_valuer_per_share_4q_avg": 30.06,
            "equity": 1181468,
            "current_ratio": 162.76,
            "debt_ratio": 60.31,
            "inventory_turnover_ratio": 0.48,
            "account_receivable_turnover_ratio": 1.86,
            "reinvestment_rate": 14.81,
            "research_to_sale_ratio": 0.81,
            "price_fair": 201.69,
            "eps_avg_yearly": 5.76,
            "eps_latest_yearly": 9.24,
            "eps_growth_yearly": 263.01
        },
        "20193": {
            "year_quarter": 20193,
            "year": 2019,
            "quarter": 3,
            "eps": 0.55,
            "eps_growth_year": -29.49,
            "eps_4q": 4.89,
            "eps_4q_growth_year": 5.14,
            "roe": 0.54,
            "roe_4q": 13.68,
            "gross_profit": 142223,
            "gross_margin": 24.15,
            "gross_margin_4q_avg": 25.05,
            "net_income": 6390,
            "revenue": 588972,
            "common_shares": 365029,
            "book_valuer_per_share": 30.83,
            "book_valuer_per_share_4q_avg": 30.49,
            "equity": 1183506,
            "current_ratio": 166.16,
            "debt_ratio": 59.11,
            "inventory_turnover_ratio": 0.46,
            "account_receivable_turnover_ratio": 1.76,
            "reinvestment_rate": 15.19,
            "research_to_sale_ratio": 1.14,
            "price_fair": 183.58,
            "eps_avg_yearly": 5.25,
            "eps_latest_yearly": 2.2,
            "eps_growth_yearly": 218.96
        },
        "20194": {
            "year_quarter": 20194,
            "year": 2019,
            "quarter": 4,
            "eps": 0.36,
            "eps_growth_year": -50.17,
            "eps_4q": 4.53,
            "eps_4q_growth_year": 7.39,
            "roe": -0.8,
            "roe_4q": 12.92,
            "gross_profit": 146296,
            "gross_margin": 27.05,
            "gross_margin_4q_avg": 26.2,
            "net_income": -9484,
            "revenue": 540855,
            "common_shares": 365029,
            "book_valuer_per_share": 31.14,
            "book_valuer_per_share_4q_avg": 30.84,
            "equity": 1173137,
            "current_ratio": 161.92,
            "debt_ratio": 59.8,
            "inventory_turnover_ratio": 0.42,
            "account_receivable_turnover_ratio": 1.71,
            "reinvestment_rate": 15.4,
            "research_to_sale_ratio": 1.14,
            "price_fair": 170.01,
            "eps_avg_yearly": 4.86,
            "eps_latest_yearly": 1.44,
            "eps_growth_yearly": 217.1
        },
        "20201": {
            "year_quarter": 20201,
            "year": 2020,
            "quarter": 1,
            "eps": 0.77,
            "eps_growth_year": -41.67,
            "eps_4q": 3.99,
            "eps_4q_growth_year": -24.47,
            "roe": 1.69,
            "roe_4q": 10.969999999999999,
            "gross_profit": 143996,
            "gross_margin": 26.18,
            "gross_margin_4q_avg": 25.83,
            "net_income": 19988,
            "revenue": 550026,
            "common_shares": 365029,
            "book_valuer_per_share": 31.92,
            "book_valuer_per_share_4q_avg": 31.06,
            "equity": 1192510,
            "current_ratio": 160.79,
            "debt_ratio": 59.48,
            "inventory_turnover_ratio": 0.46,
            "account_receivable_turnover_ratio": 1.78,
            "reinvestment_rate": 14.45,
            "research_to_sale_ratio": 1.02,
            "price_fair": 163.8,
            "eps_avg_yearly": 4.68,
            "eps_latest_yearly": 3.08,
            "eps_growth_yearly": 251.2
        },
        "20202": {
            "year_quarter": 20202,
            "year": 2020,
            "quarter": 2,
            "eps": -0.33,
            "eps_growth_year": -114.29,
            "eps_4q": 1.36,
            "eps_4q_growth_year": -73.39,
            "roe": -2,
            "roe_4q": -0.5700000000000001,
            "gross_profit": 76091,
            "gross_margin": 20.21,
            "gross_margin_4q_avg": 24.4,
            "net_income": -22552,
            "revenue": 376441,
            "common_shares": 365029,
            "book_valuer_per_share": 29,
            "book_valuer_per_share_4q_avg": 30.72,
            "equity": 1063900,
            "current_ratio": 146.74,
            "debt_ratio": 63.32,
            "inventory_turnover_ratio": 0.33,
            "account_receivable_turnover_ratio": 1.45,
            "reinvestment_rate": 13.09,
            "research_to_sale_ratio": 1.15,
            "price_fair": 161.75,
            "eps_avg_yearly": 4.62,
            "eps_latest_yearly": 3.08,
            "eps_growth_yearly": 269.57
        },
        "20203": {
            "year_quarter": 20203,
            "year": 2020,
            "quarter": 3,
            "eps": 0.77,
            "eps_growth_year": 40,
            "eps_4q": 1.58,
            "eps_4q_growth_year": -67.64,
            "roe": 2.12,
            "roe_4q": 1.01,
            "gross_profit": 151015,
            "gross_margin": 27.5,
            "gross_margin_4q_avg": 25.24,
            "net_income": 22866,
            "revenue": 549154,
            "common_shares": 365029,
            "book_valuer_per_share": 29.84,
            "book_valuer_per_share_4q_avg": 30.48,
            "equity": 1091576,
            "current_ratio": 173.49,
            "debt_ratio": 57.67,
            "inventory_turnover_ratio": 0.44,
            "account_receivable_turnover_ratio": 2.22,
            "reinvestment_rate": 12.29,
            "research_to_sale_ratio": 0.96,
            "price_fair": 162.3,
            "eps_avg_yearly": 4.64,
            "eps_latest_yearly": 3.08,
            "eps_growth_yearly": 294.78
        },
        "20204": {
            "year_quarter": 20204,
            "year": 2020,
            "quarter": 4,
            "eps": 1.32,
            "eps_growth_year": 271.68,
            "eps_4q": 2.54,
            "eps_4q_growth_year": -43.92,
            "roe": 7.19,
            "roe_4q": 9,
            "gross_profit": 118628,
            "gross_margin": 23.04,
            "gross_margin_4q_avg": 24.23,
            "net_income": 81441,
            "revenue": 514890,
            "common_shares": 365029,
            "book_valuer_per_share": 31.14,
            "book_valuer_per_share_4q_avg": 30.48,
            "equity": 1173565,
            "current_ratio": 179.58,
            "debt_ratio": 52.19,
            "inventory_turnover_ratio": 0.46,
            "account_receivable_turnover_ratio": 1.89,
            "reinvestment_rate": 8.77,
            "research_to_sale_ratio": 1,
            "price_fair": 155.1,
            "eps_avg_yearly": 4.43,
            "eps_latest_yearly": 5.28,
            "eps_growth_yearly": 290.77
        },
        "20211": {
            "year_quarter": 20211,
            "year": 2021,
            "quarter": 1,
            "eps": 0.66,
            "eps_growth_year": -14.29,
            "eps_4q": 2.41,
            "eps_4q_growth_year": -39.46,
            "roe": 2.27,
            "roe_4q": 9.580000000000002,
            "gross_profit": 160707,
            "gross_margin": 27.11,
            "gross_margin_4q_avg": 24.47,
            "net_income": 26881,
            "revenue": 592879,
            "common_shares": 365029,
            "book_valuer_per_share": 31.74,
            "book_valuer_per_share_4q_avg": 30.43,
            "equity": 1196218,
            "current_ratio": 181.05,
            "debt_ratio": 51.81,
            "inventory_turnover_ratio": 0.49,
            "account_receivable_turnover_ratio": 2.03,
            "reinvestment_rate": 3.02,
            "research_to_sale_ratio": 1.76,
            "price_fair": 157.1,
            "eps_avg_yearly": 4.49,
            "eps_latest_yearly": 2.64,
            "eps_growth_yearly": 298.62
        },
        "20212": {
            "year_quarter": 20212,
            "year": 2021,
            "quarter": 2,
            "eps": 0.78,
            "eps_growth_year": null,
            "eps_4q": 3.53,
            "eps_4q_growth_year": 158.61,
            "roe": 2.12,
            "roe_4q": 13.700000000000003,
            "gross_profit": 150654,
            "gross_margin": 25.79,
            "gross_margin_4q_avg": 25.86,
            "net_income": 25300,
            "revenue": 584068,
            "common_shares": 365029,
            "book_valuer_per_share": 30.76,
            "book_valuer_per_share_4q_avg": 30.87,
            "equity": 1190856,
            "current_ratio": 160.89,
            "debt_ratio": 55.41,
            "inventory_turnover_ratio": 0.46,
            "account_receivable_turnover_ratio": 1.92,
            "reinvestment_rate": 2.5,
            "research_to_sale_ratio": 0.71,
            "price_fair": 149.7,
            "eps_avg_yearly": 4.28,
            "eps_latest_yearly": 3.12,
            "eps_growth_yearly": 237.97
        },
        "20213": {
            "year_quarter": 20213,
            "year": 2021,
            "quarter": 3,
            "eps": 1.65,
            "eps_growth_year": 114.29,
            "eps_4q": 4.4,
            "eps_4q_growth_year": 177.93,
            "roe": 4.66,
            "roe_4q": 16.240000000000002,
            "gross_profit": 160751,
            "gross_margin": 29.61,
            "gross_margin_4q_avg": 26.39,
            "net_income": 56803,
            "revenue": 542871,
            "common_shares": 365029,
            "book_valuer_per_share": 32.38,
            "book_valuer_per_share_4q_avg": 31.51,
            "equity": 1245369,
            "current_ratio": 155.2,
            "debt_ratio": 56.85,
            "inventory_turnover_ratio": 0.36,
            "account_receivable_turnover_ratio": 1.85,
            "reinvestment_rate": -10.62,
            "research_to_sale_ratio": 1.17,
            "price_fair": 150.6,
            "eps_avg_yearly": 4.3,
            "eps_latest_yearly": 6.6,
            "eps_growth_yearly": 269.09
        },
        "20214": {
            "year_quarter": 20214,
            "year": 2021,
            "quarter": 4,
            "eps": 0.93,
            "eps_growth_year": -29.9,
            "eps_4q": 4,
            "eps_4q_growth_year": 57.49,
            "roe": 2.39,
            "roe_4q": 11.440000000000001,
            "gross_profit": 160640,
            "gross_margin": 28.43,
            "gross_margin_4q_avg": 27.74,
            "net_income": 30732,
            "revenue": 564957,
            "common_shares": 365029,
            "book_valuer_per_share": 34.91,
            "book_valuer_per_share_4q_avg": 32.45,
            "equity": 1331183,
            "current_ratio": 227.13,
            "debt_ratio": 55.21,
            "inventory_turnover_ratio": 0.35,
            "account_receivable_turnover_ratio": 1.79,
            "reinvestment_rate": -11.41,
            "research_to_sale_ratio": 0.98,
            "price_fair": 148.6,
            "eps_avg_yearly": 4.25,
            "eps_latest_yearly": 3.72,
            "eps_growth_yearly": 264.5
        },
        "20221": {
            "year_quarter": 20221,
            "year": 2022,
            "quarter": 1,
            "eps": 1.58,
            "eps_growth_year": 139.39,
            "eps_4q": 4.93,
            "eps_4q_growth_year": 104.35,
            "roe": 4.36,
            "roe_4q": 13.530000000000001,
            "gross_profit": 190318,
            "gross_margin": 28.54,
            "gross_margin_4q_avg": 28.09,
            "net_income": 59327,
            "revenue": 666741,
            "common_shares": 365029,
            "book_valuer_per_share": 36.51,
            "book_valuer_per_share_4q_avg": 33.64,
            "equity": 1391934,
            "current_ratio": 231.56,
            "debt_ratio": 54.42,
            "inventory_turnover_ratio": 0.4,
            "account_receivable_turnover_ratio": 1.77,
            "reinvestment_rate": 0.23,
            "research_to_sale_ratio": 0.55,
            "price_fair": 161.7,
            "eps_avg_yearly": 4.62,
            "eps_latest_yearly": 6.32,
            "eps_growth_yearly": 306.21
        },
        "20222": {
            "year_quarter": 20222,
            "year": 2022,
            "quarter": 2,
            "eps": 2.14,
            "eps_growth_year": 174.36,
            "eps_4q": 6.3,
            "eps_4q_growth_year": 78.61,
            "roe": 5.55,
            "roe_4q": 16.96,
            "gross_profit": 214141,
            "gross_margin": 30.02,
            "gross_margin_4q_avg": 29.15,
            "net_income": 77280,
            "revenue": 713283,
            "common_shares": 365029,
            "book_valuer_per_share": 36.61,
            "book_valuer_per_share_4q_avg": 35.1,
            "equity": 1394355,
            "current_ratio": 238.37,
            "debt_ratio": 54.05,
            "inventory_turnover_ratio": 0.42,
            "account_receivable_turnover_ratio": 1.71,
            "reinvestment_rate": 1.22,
            "research_to_sale_ratio": 0.19,
            "price_fair": 158.6,
            "eps_avg_yearly": 4.53,
            "eps_latest_yearly": 8.56,
            "eps_growth_yearly": 85.65
        },
        "20223": {
            "year_quarter": 20223,
            "year": 2022,
            "quarter": 3,
            "eps": 2.43,
            "eps_growth_year": 47.27,
            "eps_4q": 6.44,
            "eps_4q_growth_year": 46.48,
            "roe": 5.55,
            "roe_4q": 17.85,
            "gross_profit": 213405,
            "gross_margin": 28.61,
            "gross_margin_4q_avg": 28.9,
            "net_income": 85693,
            "revenue": 745893,
            "common_shares": 400648,
            "book_valuer_per_share": 40.87,
            "book_valuer_per_share_4q_avg": 37.23,
            "equity": 1691023,
            "current_ratio": 248.46,
            "debt_ratio": 45.79,
            "inventory_turnover_ratio": 0.45,
            "account_receivable_turnover_ratio": 1.7,
            "reinvestment_rate": -18.37,
            "research_to_sale_ratio": 0.4,
            "price_fair": 175.1,
            "eps_avg_yearly": 5,
            "eps_latest_yearly": 9.72,
            "eps_growth_yearly": 109
        },
        "20224": {
            "year_quarter": 20224,
            "year": 2022,
            "quarter": 4,
            "eps": 1.9,
            "eps_growth_year": 104.88,
            "eps_4q": 7.43,
            "eps_4q_growth_year": 85.61,
            "roe": 4.24,
            "roe_4q": 19.7,
            "gross_profit": 248996,
            "gross_margin": 34.33,
            "gross_margin_4q_avg": 30.38,
            "net_income": 73852,
            "revenue": 725247,
            "common_shares": 405272,
            "book_valuer_per_share": 42.92,
            "book_valuer_per_share_4q_avg": 39.23,
            "equity": 1792702,
            "current_ratio": 255.76,
            "debt_ratio": 44.23,
            "inventory_turnover_ratio": 0.4,
            "account_receivable_turnover_ratio": 1.66,
            "reinvestment_rate": -19.92,
            "research_to_sale_ratio": 0.38,
            "price_fair": 187,
            "eps_avg_yearly": 5.34,
            "eps_latest_yearly": 7.6,
            "eps_growth_yearly": 105.33
        },
        "20231": {
            "year_quarter": 20231,
            "year": 2023,
            "quarter": 1,
            "eps": 2.05,
            "eps_growth_year": 29.75,
            "eps_4q": 7.99,
            "eps_4q_growth_year": 62.06,
            "roe": 4.62,
            "roe_4q": 19.96,
            "gross_profit": 238052,
            "gross_margin": 32.42,
            "gross_margin_4q_avg": 31.35,
            "net_income": 85293,
            "revenue": 734256,
            "common_shares": 408932,
            "book_valuer_per_share": 45.15,
            "book_valuer_per_share_4q_avg": 41.39,
            "equity": 1901981,
            "current_ratio": 268.5,
            "debt_ratio": 42.23,
            "inventory_turnover_ratio": 0.41,
            "account_receivable_turnover_ratio": 1.75,
            "reinvestment_rate": -10.17,
            "research_to_sale_ratio": 0.35,
            "price_fair": 194.3,
            "eps_avg_yearly": 5.55,
            "eps_latest_yearly": 8.2,
            "eps_growth_yearly": 83.04
        }
    },
    "months": {
        "2011-11": {
            "month": "2011-11",
            "price": "44.22",
            "revenue": 87294
        },
        "2011-12": {
            "month": "2011-12",
            "price": "44.04",
            "revenue": 71270
        },
        "2012-01": {
            "month": "2012-01",
            "price": "44.00",
            "revenue": 74738
        },
        "2012-02": {
            "month": "2012-02",
            "price": "44.12",
            "revenue": 73252
        },
        "2012-03": {
            "month": "2012-03",
            "price": "45.75",
            "revenue": 90185
        },
        "2012-04": {
            "month": "2012-04",
            "price": "43.38",
            "revenue": 84104
        },
        "2012-05": {
            "month": "2012-05",
            "price": "44.50",
            "revenue": 78088
        },
        "2012-08": {
            "month": "2012-08",
            "price": "44.70",
            "revenue": 84149
        },
        "2012-12": {
            "month": "2012-12",
            "price": "42.75",
            "revenue": 82165
        },
        "2013-01": {
            "month": "2013-01",
            "price": "40.51",
            "revenue": 68451
        },
        "2013-02": {
            "month": "2013-02",
            "price": "38.16",
            "revenue": 64274
        },
        "2013-03": {
            "month": "2013-03",
            "price": "37.66",
            "revenue": 88013
        },
        "2013-04": {
            "month": "2013-04",
            "price": "41.11",
            "revenue": 97996
        },
        "2013-05": {
            "month": "2013-05",
            "price": "47.62",
            "revenue": 84864
        },
        "2013-06": {
            "month": "2013-06",
            "price": "49.65",
            "revenue": 92156
        },
        "2013-07": {
            "month": "2013-07",
            "price": "56.10",
            "revenue": 98917
        },
        "2013-08": {
            "month": "2013-08",
            "price": "72.22",
            "revenue": 92153
        },
        "2013-09": {
            "month": "2013-09",
            "price": "122.70",
            "revenue": 90457
        },
        "2013-10": {
            "month": "2013-10",
            "price": "123.75",
            "revenue": 93825
        },
        "2013-11": {
            "month": "2013-11",
            "price": "107.33",
            "revenue": 85080
        },
        "2013-12": {
            "month": "2013-12",
            "price": "129.11",
            "revenue": 107213
        },
        "2014-01": {
            "month": "2014-01",
            "price": "119.11",
            "revenue": 98879
        },
        "2014-02": {
            "month": "2014-02",
            "price": "129.32",
            "revenue": 85450
        },
        "2014-03": {
            "month": "2014-03",
            "price": "134.55",
            "revenue": 110180
        },
        "2014-04": {
            "month": "2014-04",
            "price": "132.88",
            "revenue": 110269
        },
        "2014-05": {
            "month": "2014-05",
            "price": "127.98",
            "revenue": 109805
        },
        "2014-06": {
            "month": "2014-06",
            "price": "128.72",
            "revenue": 111166
        },
        "2014-07": {
            "month": "2014-07",
            "price": "138.61",
            "revenue": 104295
        },
        "2014-08": {
            "month": "2014-08",
            "price": "129.26",
            "revenue": 111094
        },
        "2014-09": {
            "month": "2014-09",
            "price": "132.93",
            "revenue": 103399
        },
        "2014-10": {
            "month": "2014-10",
            "price": "121.66",
            "revenue": 104357
        },
        "2014-11": {
            "month": "2014-11",
            "price": "102.88",
            "revenue": 91636
        },
        "2014-12": {
            "month": "2014-12",
            "price": "106.60",
            "revenue": 136955
        },
        "2015-01": {
            "month": "2015-01",
            "price": "106.00",
            "revenue": 102361
        },
        "2015-02": {
            "month": "2015-02",
            "price": "104.04",
            "revenue": 88847
        },
        "2015-03": {
            "month": "2015-03",
            "price": "105.59",
            "revenue": 120195
        },
        "2015-04": {
            "month": "2015-04",
            "price": "124.25",
            "revenue": 105049
        },
        "2015-05": {
            "month": "2015-05",
            "price": "115.98",
            "revenue": 120465
        },
        "2015-06": {
            "month": "2015-06",
            "price": "111.07",
            "revenue": 121481
        },
        "2015-07": {
            "month": "2015-07",
            "price": "119.86",
            "revenue": 105376
        },
        "2015-08": {
            "month": "2015-08",
            "price": "105.69",
            "revenue": 100130
        },
        "2015-09": {
            "month": "2015-09",
            "price": "101.45",
            "revenue": 111559
        },
        "2015-10": {
            "month": "2015-10",
            "price": "98.82",
            "revenue": 108195
        },
        "2015-11": {
            "month": "2015-11",
            "price": "110.75",
            "revenue": 90190
        },
        "2015-12": {
            "month": "2015-12",
            "price": "104.07",
            "revenue": 120193
        },
        "2016-01": {
            "month": "2016-01",
            "price": "100.21",
            "revenue": 100101
        },
        "2016-02": {
            "month": "2016-02",
            "price": "104.62",
            "revenue": 78766
        },
        "2016-03": {
            "month": "2016-03",
            "price": "109.59",
            "revenue": 121466
        },
        "2016-04": {
            "month": "2016-04",
            "price": "117.45",
            "revenue": 113754
        },
        "2016-05": {
            "month": "2016-05",
            "price": "116.24",
            "revenue": 115506
        },
        "2016-06": {
            "month": "2016-06",
            "price": "117.24",
            "revenue": 104073
        },
        "2016-07": {
            "month": "2016-07",
            "price": "119.78",
            "revenue": 102027
        },
        "2016-08": {
            "month": "2016-08",
            "price": "115.33",
            "revenue": 122579
        },
        "2016-09": {
            "month": "2016-09",
            "price": "115.95",
            "revenue": 86650
        },
        "2016-10": {
            "month": "2016-10",
            "price": "115.25",
            "revenue": 103392
        },
        "2016-11": {
            "month": "2016-11",
            "price": "110.45",
            "revenue": 110237
        },
        "2016-12": {
            "month": "2016-12",
            "price": "109.89",
            "revenue": 121555
        },
        "2017-01": {
            "month": "2017-01",
            "price": "109.50",
            "revenue": 115601
        },
        "2017-02": {
            "month": "2017-02",
            "price": "107.97",
            "revenue": 88519
        },
        "2017-03": {
            "month": "2017-03",
            "price": "105.20",
            "revenue": 122195
        },
        "2017-04": {
            "month": "2017-04",
            "price": "102.08",
            "revenue": 100185
        },
        "2017-05": {
            "month": "2017-05",
            "price": "102.56",
            "revenue": 115705
        },
        "2017-06": {
            "month": "2017-06",
            "price": "101.75",
            "revenue": 110006
        },
        "2017-07": {
            "month": "2017-07",
            "price": "101.93",
            "revenue": 107316
        },
        "2017-08": {
            "month": "2017-08",
            "price": "100.71",
            "revenue": 126327
        },
        "2017-09": {
            "month": "2017-09",
            "price": "100.80",
            "revenue": 110520
        },
        "2017-10": {
            "month": "2017-10",
            "price": "99.86",
            "revenue": 104938
        },
        "2017-11": {
            "month": "2017-11",
            "price": "98.45",
            "revenue": 114677
        },
        "2017-12": {
            "month": "2017-12",
            "price": "96.01",
            "revenue": 121011
        },
        "2018-01": {
            "month": "2018-01",
            "price": "94.20",
            "revenue": 109772
        },
        "2018-02": {
            "month": "2018-02",
            "price": "93.46",
            "revenue": 80518
        },
        "2018-03": {
            "month": "2018-03",
            "price": "87.65",
            "revenue": 123315
        },
        "2018-04": {
            "month": "2018-04",
            "price": "80.21",
            "revenue": 111734
        },
        "2018-05": {
            "month": "2018-05",
            "price": "76.32",
            "revenue": 116025
        },
        "2018-06": {
            "month": "2018-06",
            "price": "82.86",
            "revenue": 113774
        },
        "2018-07": {
            "month": "2018-07",
            "price": "79.50",
            "revenue": 200282
        },
        "2018-08": {
            "month": "2018-08",
            "price": "81.76",
            "revenue": 211500
        },
        "2018-09": {
            "month": "2018-09",
            "price": "80.42",
            "revenue": 227250
        },
        "2018-10": {
            "month": "2018-10",
            "price": "82.56",
            "revenue": 228007
        },
        "2018-11": {
            "month": "2018-11",
            "price": "83.53",
            "revenue": 215675
        },
        "2018-12": {
            "month": "2018-12",
            "price": "80.76",
            "revenue": 236182
        },
        "2019-01": {
            "month": "2019-01",
            "price": "78.58",
            "revenue": 233438
        },
        "2019-02": {
            "month": "2019-02",
            "price": "80.66",
            "revenue": 187388
        },
        "2019-03": {
            "month": "2019-03",
            "price": "80.57",
            "revenue": 234256
        },
        "2019-04": {
            "month": "2019-04",
            "price": "77.98",
            "revenue": 201320
        },
        "2019-05": {
            "month": "2019-05",
            "price": "76.85",
            "revenue": 235409
        },
        "2019-06": {
            "month": "2019-06",
            "price": "75.21",
            "revenue": 209914
        },
        "2019-07": {
            "month": "2019-07",
            "price": "77.80",
            "revenue": 216109
        },
        "2019-08": {
            "month": "2019-08",
            "price": "80.99",
            "revenue": 190527
        },
        "2019-09": {
            "month": "2019-09",
            "price": "78.26",
            "revenue": 192016
        },
        "2019-10": {
            "month": "2019-10",
            "price": "75.82",
            "revenue": 191970
        },
        "2019-11": {
            "month": "2019-11",
            "price": "73.02",
            "revenue": 190261
        },
        "2019-12": {
            "month": "2019-12",
            "price": "70.64",
            "revenue": 160332
        },
        "2020-01": {
            "month": "2020-01",
            "price": "67.84",
            "revenue": 188328
        },
        "2020-02": {
            "month": "2020-02",
            "price": "59.99",
            "revenue": 173605
        },
        "2020-03": {
            "month": "2020-03",
            "price": "49.80",
            "revenue": 188631
        },
        "2020-04": {
            "month": "2020-04",
            "price": "47.94",
            "revenue": 107009
        },
        "2020-05": {
            "month": "2020-05",
            "price": "54.55",
            "revenue": 117418
        },
        "2020-06": {
            "month": "2020-06",
            "price": "55.96",
            "revenue": 152164
        },
        "2020-07": {
            "month": "2020-07",
            "price": "52.07",
            "revenue": 177778
        },
        "2020-08": {
            "month": "2020-08",
            "price": "50.06",
            "revenue": 174757
        },
        "2020-09": {
            "month": "2020-09",
            "price": "50.63",
            "revenue": 196604
        },
        "2020-10": {
            "month": "2020-10",
            "price": "50.30",
            "revenue": 181300
        },
        "2020-11": {
            "month": "2020-11",
            "price": "53.90",
            "revenue": 174112
        },
        "2020-12": {
            "month": "2020-12",
            "price": "56.03",
            "revenue": 160182
        },
        "2021-01": {
            "month": "2021-01",
            "price": "55.90",
            "revenue": 203397
        },
        "2021-02": {
            "month": "2021-02",
            "price": "52.38",
            "revenue": 168095
        },
        "2021-03": {
            "month": "2021-03",
            "price": "53.46",
            "revenue": 220828
        },
        "2021-04": {
            "month": "2021-04",
            "price": "58.02",
            "revenue": 197488
        },
        "2021-05": {
            "month": "2021-05",
            "price": "53.22",
            "revenue": 194104
        },
        "2021-06": {
            "month": "2021-06",
            "price": "52.64",
            "revenue": 193580
        },
        "2021-07": {
            "month": "2021-07",
            "price": "53.76",
            "revenue": 192092
        },
        "2021-08": {
            "month": "2021-08",
            "price": "52.19",
            "revenue": 171357
        },
        "2021-09": {
            "month": "2021-09",
            "price": "51.42",
            "revenue": 181955
        },
        "2021-10": {
            "month": "2021-10",
            "price": "51.16",
            "revenue": 190101
        },
        "2021-11": {
            "month": "2021-11",
            "price": "56.99",
            "revenue": 200039
        },
        "2021-12": {
            "month": "2021-12",
            "price": "61.82",
            "revenue": 178481
        },
        "2022-01": {
            "month": "2022-01",
            "price": "60.31",
            "revenue": 228594
        },
        "2022-02": {
            "month": "2022-02",
            "price": "59.26",
            "revenue": 207724
        },
        "2022-03": {
            "month": "2022-03",
            "price": "59.99",
            "revenue": 228284
        },
        "2022-04": {
            "month": "2022-04",
            "price": "59.31",
            "revenue": 230314
        },
        "2022-05": {
            "month": "2022-05",
            "price": "58.53",
            "revenue": 250045
        },
        "2022-06": {
            "month": "2022-06",
            "price": "62.57",
            "revenue": 238235
        },
        "2022-07": {
            "month": "2022-07",
            "price": "63.66",
            "revenue": 242281
        },
        "2022-08": {
            "month": "2022-08",
            "price": "73.34",
            "revenue": 245655
        },
        "2022-09": {
            "month": "2022-09",
            "price": "83.95",
            "revenue": 261737
        },
        "2022-10": {
            "month": "2022-10",
            "price": "77.88",
            "revenue": 252072
        },
        "2022-11": {
            "month": "2022-11",
            "price": "76.01",
            "revenue": 243598
        },
        "2022-12": {
            "month": "2022-12",
            "price": "78.80",
            "revenue": 229823
        },
        "2023-01": {
            "month": "2023-01",
            "price": "74.56",
            "revenue": 240292
        },
        "2023-02": {
            "month": "2023-02",
            "price": "84.38",
            "revenue": 230968
        },
        "2023-03": {
            "month": "2023-03",
            "price": "87.10",
            "revenue": 261672
        },
        "2023-04": {
            "month": "2023-04",
            "price": "94.72",
            "revenue": 215388
        },
        "2023-05": {
            "month": "2023-05",
            "price": "94.14",
            "revenue": 241642
        }
    }
}
