{
    "summary": {
        "stock_name": "嘉鋼",
        "stock_id": "2067",
        "category": "電機機械",
        "main_business": "各種鑄鐵之鑄造及加工買賣業<br>金屬原物料之買賣業務<br>前各項產品之進出口業務",
        "website_url": "http://www.cysteel.com.tw/",
        "ceo": "陳龍芳",
        "pe_ratio": -130,
        "report_year_from": 2012,
        "report_year_to": 2023,
        "age": 12,
        "eps_negative_percentage": 64,
        "eps_growth_avg": {
            "last_all": -48,
            "last_2y": null,
            "last_4y": -100,
            "last_8y": -100,
            "last_12y": null,
            "last_16y": null,
            "last_20y": null,
            "at_2006_last_3y": null,
            "at_2007_last_3y": null,
            "at_2008_last_3y": null,
            "at_2009_last_3y": null,
            "at_2010_last_3y": null,
            "at_2011_last_3y": null,
            "at_2012_last_3y": null,
            "at_2013_last_3y": null,
            "at_2014_last_3y": null,
            "at_2015_last_3y": null,
            "at_2016_last_3y": null,
            "at_2017_last_3y": -22,
            "at_2018_last_3y": -100,
            "at_2019_last_3y": -100,
            "at_2020_last_3y": -100,
            "at_2021_last_3y": -100,
            "at_2022_last_3y": -100,
            "at_2023_last_3y": null,
            "at_2024_last_3y": null,
            "at_2006_last_all": null,
            "at_2007_last_all": null,
            "at_2008_last_all": null,
            "at_2009_last_all": null,
            "at_2010_last_all": null,
            "at_2011_last_all": null,
            "at_2012_last_all": null,
            "at_2013_last_all": null,
            "at_2014_last_all": null,
            "at_2015_last_all": -22,
            "at_2016_last_all": -22,
            "at_2017_last_all": -22,
            "at_2018_last_all": -22,
            "at_2019_last_all": -48,
            "at_2020_last_all": -48,
            "at_2021_last_all": -48,
            "at_2022_last_all": -48,
            "at_2023_last_all": -48,
            "at_2024_last_all": -48
        },
        "latest_eps": -0.1,
        "latest_price": 13,
        "latest_roe": -4.36,
        "latest_gross_margin": 14.28,
        "latest_equity": 461268,
        "latest_revenue": 291801,
        "latest_gross_profit": 41664,
        "latest_net_income": -4225,
        "latest_debt_ratio": 76.42,
        "latest_current_ratio": 76.13,
        "latest_account_receivable_turnover_ratio": 1.1,
        "latest_inventory_turnover_ratio": 1.19,
        "latest_reinvestment_rate": null,
        "latest_research_to_sale_ratio": 1.86
    },
    "eps_dividends": {
        "2001": {
            "cash": 0,
            "stock": 0,
            "eps": 0
        },
        "2002": {
            "cash": 0,
            "stock": 0,
            "eps": 0
        },
        "2003": {
            "cash": 0,
            "stock": 0,
            "eps": 0
        },
        "2004": {
            "cash": 0,
            "stock": 0,
            "eps": 0
        },
        "2005": {
            "cash": 0,
            "stock": 0,
            "eps": 0
        },
        "2006": {
            "cash": 0,
            "stock": 0,
            "eps": 0
        },
        "2007": {
            "cash": 0,
            "stock": 0,
            "eps": 0
        },
        "2008": {
            "cash": 0,
            "stock": 0,
            "eps": 0
        },
        "2009": {
            "cash": 0,
            "stock": 0,
            "eps": 0
        },
        "2010": {
            "cash": 0,
            "stock": 0,
            "eps": 0
        },
        "2011": {
            "cash": 0,
            "stock": 0,
            "eps": 0
        },
        "2012": {
            "cash": 0,
            "stock": 0,
            "eps": 0
        },
        "2013": {
            "cash": 0.5,
            "stock": 1.5,
            "eps": 0.75
        },
        "2014": {
            "cash": 1.1,
            "stock": 0,
            "eps": 1.17
        },
        "2015": {
            "cash": 0.32,
            "stock": 0.68,
            "eps": -2.88
        },
        "2016": {
            "cash": 0,
            "stock": 0,
            "eps": -0.88
        },
        "2017": {
            "cash": 0,
            "stock": 0,
            "eps": -1.4
        },
        "2018": {
            "cash": 0,
            "stock": 0,
            "eps": 1.41
        },
        "2019": {
            "cash": 0.4,
            "stock": 0,
            "eps": -1.26
        },
        "2020": {
            "cash": 0,
            "stock": 0,
            "eps": -0.88
        },
        "2021": {
            "cash": 0,
            "stock": 0,
            "eps": -0.24
        },
        "2022": {
            "cash": 0,
            "stock": 0,
            "eps": -0.61
        },
        "2023": {
            "cash": 0,
            "stock": 0,
            "eps": 0.02
        }
    },
    "dividends": {
        "2013-06-24": {
            "cash": 0.5,
            "stock": 1.5
        },
        "2014-08-15": {
            "cash": 1.1,
            "stock": 0
        },
        "2015-09-18": {
            "cash": 0.32,
            "stock": 0.68
        },
        "2019-08-23": {
            "cash": 0.4,
            "stock": 0
        }
    },
    "prices": {
        "200101": "無",
        "200102": "無",
        "200103": "無",
        "200104": "無",
        "200105": "無",
        "200106": "無",
        "200107": "無",
        "200108": "無",
        "200109": "無",
        "200110": "無",
        "200111": "無",
        "200112": "無",
        "200201": "無",
        "200202": "無",
        "200203": "無",
        "200204": "無",
        "200205": "無",
        "200206": "無",
        "200207": "無",
        "200208": "無",
        "200209": "無",
        "200210": "無",
        "200211": "無",
        "200212": "無",
        "200301": "無",
        "200302": "無",
        "200303": "無",
        "200304": "無",
        "200305": "無",
        "200306": "無",
        "200307": "無",
        "200308": "無",
        "200309": "無",
        "200310": "無",
        "200311": "無",
        "200312": "無",
        "200401": "無",
        "200402": "無",
        "200403": "無",
        "200404": "無",
        "200405": "無",
        "200406": "無",
        "200407": "無",
        "200408": "無",
        "200409": "無",
        "200410": "無",
        "200411": "無",
        "200412": "無",
        "200501": "無",
        "200502": "無",
        "200503": "無",
        "200504": "無",
        "200505": "無",
        "200506": "無",
        "200507": "無",
        "200508": "無",
        "200509": "無",
        "200510": "無",
        "200511": "無",
        "200512": "無",
        "200601": "無",
        "200602": "無",
        "200603": "無",
        "200604": "無",
        "200605": "無",
        "200606": "無",
        "200607": "無",
        "200608": "無",
        "200609": "無",
        "200610": "無",
        "200611": "無",
        "200612": "無",
        "200701": "無",
        "200702": "無",
        "200703": "無",
        "200704": "無",
        "200705": "無",
        "200706": "無",
        "200707": "無",
        "200708": "無",
        "200709": "無",
        "200710": "無",
        "200711": "無",
        "200712": "無",
        "200801": "無",
        "200802": "無",
        "200803": "無",
        "200804": "無",
        "200805": "無",
        "200806": "無",
        "200807": "無",
        "200808": "無",
        "200809": "無",
        "200810": "無",
        "200811": "無",
        "200812": "無",
        "200901": "無",
        "200902": "無",
        "200903": "無",
        "200904": "無",
        "200905": "無",
        "200906": "無",
        "200907": "無",
        "200908": "無",
        "200909": "無",
        "200910": "無",
        "200911": "無",
        "200912": "無",
        "201001": "無",
        "201002": "無",
        "201003": "無",
        "201004": "無",
        "201005": "無",
        "201006": "無",
        "201007": "無",
        "201008": "無",
        "201009": "無",
        "201010": "無",
        "201011": "無",
        "201012": "無",
        "201101": "無",
        "201102": "無",
        "201103": "無",
        "201104": "無",
        "201105": "無",
        "201106": "無",
        "201107": "無",
        "201108": "無",
        "201109": "無",
        "201110": "無",
        "201111": "無",
        "201112": "無",
        "201201": "無",
        "201202": "無",
        "201203": "無",
        "201204": "無",
        "201205": "無",
        "201206": "無",
        "201207": "無",
        "201208": "無",
        "201209": "無",
        "201210": "無",
        "201211": "24.80",
        "201212": "23.46",
        "201301": "22.78",
        "201302": "23.83",
        "201303": "26.22",
        "201304": "24.68",
        "201305": "22.45",
        "201306": "21.81",
        "201307": "20.67",
        "201308": "17.37",
        "201309": "17.12",
        "201310": "18.06",
        "201311": "19.97",
        "201312": "22.65",
        "201401": "26.34",
        "201402": "26.60",
        "201403": "27.62",
        "201404": "30.58",
        "201405": "33.26",
        "201406": "33.63",
        "201407": "31.74",
        "201408": "33.59",
        "201409": "35.01",
        "201410": "33.99",
        "201411": "29.25",
        "201412": "25.48",
        "201501": "25.90",
        "201502": "25.13",
        "201503": "23.34",
        "201504": "21.80",
        "201505": "19.16",
        "201506": "18.04",
        "201507": "18.32",
        "201508": "16.03",
        "201509": "14.02",
        "201510": "14.54",
        "201511": "14.60",
        "201512": "14.12",
        "201601": "13.93",
        "201602": "13.99",
        "201603": "14.25",
        "201604": "13.89",
        "201605": "14.06",
        "201606": "13.94",
        "201607": "14.21",
        "201608": "16.66",
        "201609": "17.03",
        "201610": "16.59",
        "201611": "15.59",
        "201612": "14.10",
        "201701": "13.63",
        "201702": "13.72",
        "201703": "13.46",
        "201704": "12.83",
        "201705": "11.98",
        "201706": "12.00",
        "201707": "12.32",
        "201708": "11.45",
        "201709": "12.12",
        "201710": "12.17",
        "201711": "12.78",
        "201712": "11.68",
        "201801": "12.38",
        "201802": "12.70",
        "201803": "17.38",
        "201804": "16.30",
        "201805": "15.11",
        "201806": "15.89",
        "201807": "15.77",
        "201808": "15.72",
        "201809": "15.32",
        "201810": "14.17",
        "201811": "14.09",
        "201812": "14.72",
        "201901": "14.67",
        "201902": "14.67",
        "201903": "14.34",
        "201904": "14.16",
        "201905": "13.07",
        "201906": "12.35",
        "201907": "12.33",
        "201908": "11.90",
        "201909": "11.54",
        "201910": "11.41",
        "201911": "10.88",
        "201912": "11.29",
        "202001": "11.23",
        "202002": "11.11",
        "202003": "9.29",
        "202004": "9.40",
        "202005": "8.91",
        "202006": "8.84",
        "202007": "8.83",
        "202008": "8.73",
        "202009": "9.00",
        "202010": "9.03",
        "202011": "8.93",
        "202012": "9.91",
        "202101": "10.18",
        "202102": "10.06",
        "202103": "12.59",
        "202104": "14.26",
        "202105": "13.15",
        "202106": "12.69",
        "202107": "13.33",
        "202108": "12.81",
        "202109": "13.14",
        "202110": "12.69",
        "202111": "12.85",
        "202112": "13.26",
        "202201": "14.11",
        "202202": "14.41",
        "202203": "14.22",
        "202204": "13.90",
        "202205": "13.70",
        "202206": "13.78",
        "202207": "13.33",
        "202208": "12.98",
        "202209": "12.84",
        "202210": "12.72",
        "202211": "11.62",
        "202212": "10.84",
        "202301": "10.56",
        "202302": "10.51",
        "202303": "11.33",
        "202304": "12.16",
        "202305": "12.30",
        "202306": "12.75",
        "202307": "13.51",
        "202308": "13.70",
        "202309": "13.11",
        "202310": "12.80",
        "202311": "13.26",
        "202312": "13.10"
    },
    "quarters": {
        "20011": {
            "year_quarter": 20011,
            "year": 2001,
            "quarter": 1,
            "eps": null,
            "eps_growth_year": null,
            "eps_4q": null,
            "eps_4q_growth_year": null,
            "roe": null,
            "roe_4q": 0,
            "gross_profit": null,
            "gross_margin": null,
            "gross_margin_4q_avg": 0,
            "net_income": null,
            "net_income_4q": null,
            "revenue": null,
            "revenue_4q": null,
            "common_shares": null,
            "book_valuer_per_share": null,
            "book_valuer_per_share_4q_avg": 0,
            "equity": null,
            "current_ratio": null,
            "debt_ratio": null,
            "inventory_turnover_ratio": null,
            "account_receivable_turnover_ratio": null,
            "reinvestment_rate": null,
            "research_to_sale_ratio": null,
            "price_fair": 0,
            "eps_avg_yearly": 0,
            "eps_latest_yearly": 0,
            "eps_growth_yearly": 0
        },
        "20012": {
            "year_quarter": 20012,
            "year": 2001,
            "quarter": 2,
            "eps": null,
            "eps_growth_year": null,
            "eps_4q": null,
            "eps_4q_growth_year": null,
            "roe": null,
            "roe_4q": 0,
            "gross_profit": null,
            "gross_margin": null,
            "gross_margin_4q_avg": 0,
            "net_income": null,
            "net_income_4q": null,
            "revenue": null,
            "revenue_4q": null,
            "common_shares": null,
            "book_valuer_per_share": null,
            "book_valuer_per_share_4q_avg": 0,
            "equity": null,
            "current_ratio": null,
            "debt_ratio": null,
            "inventory_turnover_ratio": null,
            "account_receivable_turnover_ratio": null,
            "reinvestment_rate": null,
            "research_to_sale_ratio": null,
            "price_fair": 0,
            "eps_avg_yearly": 0,
            "eps_latest_yearly": 0,
            "eps_growth_yearly": 0
        },
        "20013": {
            "year_quarter": 20013,
            "year": 2001,
            "quarter": 3,
            "eps": null,
            "eps_growth_year": null,
            "eps_4q": null,
            "eps_4q_growth_year": null,
            "roe": null,
            "roe_4q": 0,
            "gross_profit": null,
            "gross_margin": null,
            "gross_margin_4q_avg": 0,
            "net_income": null,
            "net_income_4q": null,
            "revenue": null,
            "revenue_4q": null,
            "common_shares": null,
            "book_valuer_per_share": null,
            "book_valuer_per_share_4q_avg": 0,
            "equity": null,
            "current_ratio": null,
            "debt_ratio": null,
            "inventory_turnover_ratio": null,
            "account_receivable_turnover_ratio": null,
            "reinvestment_rate": null,
            "research_to_sale_ratio": null,
            "price_fair": 0,
            "eps_avg_yearly": 0,
            "eps_latest_yearly": 0,
            "eps_growth_yearly": 0
        },
        "20014": {
            "year_quarter": 20014,
            "year": 2001,
            "quarter": 4,
            "eps": null,
            "eps_growth_year": null,
            "eps_4q": null,
            "eps_4q_growth_year": null,
            "roe": null,
            "roe_4q": 0,
            "gross_profit": null,
            "gross_margin": null,
            "gross_margin_4q_avg": 0,
            "net_income": null,
            "net_income_4q": null,
            "revenue": null,
            "revenue_4q": null,
            "common_shares": null,
            "book_valuer_per_share": null,
            "book_valuer_per_share_4q_avg": 0,
            "equity": null,
            "current_ratio": null,
            "debt_ratio": null,
            "inventory_turnover_ratio": null,
            "account_receivable_turnover_ratio": null,
            "reinvestment_rate": null,
            "research_to_sale_ratio": null,
            "price_fair": 0,
            "eps_avg_yearly": 0,
            "eps_latest_yearly": 0,
            "eps_growth_yearly": 0
        },
        "20021": {
            "year_quarter": 20021,
            "year": 2002,
            "quarter": 1,
            "eps": null,
            "eps_growth_year": null,
            "eps_4q": null,
            "eps_4q_growth_year": null,
            "roe": null,
            "roe_4q": 0,
            "gross_profit": null,
            "gross_margin": null,
            "gross_margin_4q_avg": 0,
            "net_income": null,
            "net_income_4q": null,
            "revenue": null,
            "revenue_4q": null,
            "common_shares": null,
            "book_valuer_per_share": null,
            "book_valuer_per_share_4q_avg": 0,
            "equity": null,
            "current_ratio": null,
            "debt_ratio": null,
            "inventory_turnover_ratio": null,
            "account_receivable_turnover_ratio": null,
            "reinvestment_rate": null,
            "research_to_sale_ratio": null,
            "price_fair": 0,
            "eps_avg_yearly": 0,
            "eps_latest_yearly": 0,
            "eps_growth_yearly": 0
        },
        "20022": {
            "year_quarter": 20022,
            "year": 2002,
            "quarter": 2,
            "eps": null,
            "eps_growth_year": null,
            "eps_4q": null,
            "eps_4q_growth_year": null,
            "roe": null,
            "roe_4q": 0,
            "gross_profit": null,
            "gross_margin": null,
            "gross_margin_4q_avg": 0,
            "net_income": null,
            "net_income_4q": null,
            "revenue": null,
            "revenue_4q": null,
            "common_shares": null,
            "book_valuer_per_share": null,
            "book_valuer_per_share_4q_avg": 0,
            "equity": null,
            "current_ratio": null,
            "debt_ratio": null,
            "inventory_turnover_ratio": null,
            "account_receivable_turnover_ratio": null,
            "reinvestment_rate": null,
            "research_to_sale_ratio": null,
            "price_fair": 0,
            "eps_avg_yearly": 0,
            "eps_latest_yearly": 0,
            "eps_growth_yearly": 0
        },
        "20023": {
            "year_quarter": 20023,
            "year": 2002,
            "quarter": 3,
            "eps": null,
            "eps_growth_year": null,
            "eps_4q": null,
            "eps_4q_growth_year": null,
            "roe": null,
            "roe_4q": 0,
            "gross_profit": null,
            "gross_margin": null,
            "gross_margin_4q_avg": 0,
            "net_income": null,
            "net_income_4q": null,
            "revenue": null,
            "revenue_4q": null,
            "common_shares": null,
            "book_valuer_per_share": null,
            "book_valuer_per_share_4q_avg": 0,
            "equity": null,
            "current_ratio": null,
            "debt_ratio": null,
            "inventory_turnover_ratio": null,
            "account_receivable_turnover_ratio": null,
            "reinvestment_rate": null,
            "research_to_sale_ratio": null,
            "price_fair": 0,
            "eps_avg_yearly": 0,
            "eps_latest_yearly": 0,
            "eps_growth_yearly": 0
        },
        "20024": {
            "year_quarter": 20024,
            "year": 2002,
            "quarter": 4,
            "eps": null,
            "eps_growth_year": null,
            "eps_4q": null,
            "eps_4q_growth_year": null,
            "roe": null,
            "roe_4q": 0,
            "gross_profit": null,
            "gross_margin": null,
            "gross_margin_4q_avg": 0,
            "net_income": null,
            "net_income_4q": null,
            "revenue": null,
            "revenue_4q": null,
            "common_shares": null,
            "book_valuer_per_share": null,
            "book_valuer_per_share_4q_avg": 0,
            "equity": null,
            "current_ratio": null,
            "debt_ratio": null,
            "inventory_turnover_ratio": null,
            "account_receivable_turnover_ratio": null,
            "reinvestment_rate": null,
            "research_to_sale_ratio": null,
            "price_fair": 0,
            "eps_avg_yearly": 0,
            "eps_latest_yearly": 0,
            "eps_growth_yearly": 0
        },
        "20031": {
            "year_quarter": 20031,
            "year": 2003,
            "quarter": 1,
            "eps": null,
            "eps_growth_year": null,
            "eps_4q": null,
            "eps_4q_growth_year": null,
            "roe": null,
            "roe_4q": 0,
            "gross_profit": null,
            "gross_margin": null,
            "gross_margin_4q_avg": 0,
            "net_income": null,
            "net_income_4q": null,
            "revenue": null,
            "revenue_4q": null,
            "common_shares": null,
            "book_valuer_per_share": null,
            "book_valuer_per_share_4q_avg": 0,
            "equity": null,
            "current_ratio": null,
            "debt_ratio": null,
            "inventory_turnover_ratio": null,
            "account_receivable_turnover_ratio": null,
            "reinvestment_rate": null,
            "research_to_sale_ratio": null,
            "price_fair": 0,
            "eps_avg_yearly": 0,
            "eps_latest_yearly": 0,
            "eps_growth_yearly": 0
        },
        "20032": {
            "year_quarter": 20032,
            "year": 2003,
            "quarter": 2,
            "eps": null,
            "eps_growth_year": null,
            "eps_4q": null,
            "eps_4q_growth_year": null,
            "roe": null,
            "roe_4q": 0,
            "gross_profit": null,
            "gross_margin": null,
            "gross_margin_4q_avg": 0,
            "net_income": null,
            "net_income_4q": null,
            "revenue": null,
            "revenue_4q": null,
            "common_shares": null,
            "book_valuer_per_share": null,
            "book_valuer_per_share_4q_avg": 0,
            "equity": null,
            "current_ratio": null,
            "debt_ratio": null,
            "inventory_turnover_ratio": null,
            "account_receivable_turnover_ratio": null,
            "reinvestment_rate": null,
            "research_to_sale_ratio": null,
            "price_fair": 0,
            "eps_avg_yearly": 0,
            "eps_latest_yearly": 0,
            "eps_growth_yearly": 0
        },
        "20033": {
            "year_quarter": 20033,
            "year": 2003,
            "quarter": 3,
            "eps": null,
            "eps_growth_year": null,
            "eps_4q": null,
            "eps_4q_growth_year": null,
            "roe": null,
            "roe_4q": 0,
            "gross_profit": null,
            "gross_margin": null,
            "gross_margin_4q_avg": 0,
            "net_income": null,
            "net_income_4q": null,
            "revenue": null,
            "revenue_4q": null,
            "common_shares": null,
            "book_valuer_per_share": null,
            "book_valuer_per_share_4q_avg": 0,
            "equity": null,
            "current_ratio": null,
            "debt_ratio": null,
            "inventory_turnover_ratio": null,
            "account_receivable_turnover_ratio": null,
            "reinvestment_rate": null,
            "research_to_sale_ratio": null,
            "price_fair": 0,
            "eps_avg_yearly": 0,
            "eps_latest_yearly": 0,
            "eps_growth_yearly": 0
        },
        "20034": {
            "year_quarter": 20034,
            "year": 2003,
            "quarter": 4,
            "eps": null,
            "eps_growth_year": null,
            "eps_4q": null,
            "eps_4q_growth_year": null,
            "roe": null,
            "roe_4q": 0,
            "gross_profit": null,
            "gross_margin": null,
            "gross_margin_4q_avg": 0,
            "net_income": null,
            "net_income_4q": null,
            "revenue": null,
            "revenue_4q": null,
            "common_shares": null,
            "book_valuer_per_share": null,
            "book_valuer_per_share_4q_avg": 0,
            "equity": null,
            "current_ratio": null,
            "debt_ratio": null,
            "inventory_turnover_ratio": null,
            "account_receivable_turnover_ratio": null,
            "reinvestment_rate": null,
            "research_to_sale_ratio": null,
            "price_fair": 0,
            "eps_avg_yearly": 0,
            "eps_latest_yearly": 0,
            "eps_growth_yearly": 0
        },
        "20041": {
            "year_quarter": 20041,
            "year": 2004,
            "quarter": 1,
            "eps": null,
            "eps_growth_year": null,
            "eps_4q": null,
            "eps_4q_growth_year": null,
            "roe": null,
            "roe_4q": 0,
            "gross_profit": null,
            "gross_margin": null,
            "gross_margin_4q_avg": 0,
            "net_income": null,
            "net_income_4q": null,
            "revenue": null,
            "revenue_4q": null,
            "common_shares": null,
            "book_valuer_per_share": null,
            "book_valuer_per_share_4q_avg": 0,
            "equity": null,
            "current_ratio": null,
            "debt_ratio": null,
            "inventory_turnover_ratio": null,
            "account_receivable_turnover_ratio": null,
            "reinvestment_rate": null,
            "research_to_sale_ratio": null,
            "price_fair": 0,
            "eps_avg_yearly": 0,
            "eps_latest_yearly": 0,
            "eps_growth_yearly": 0
        },
        "20042": {
            "year_quarter": 20042,
            "year": 2004,
            "quarter": 2,
            "eps": null,
            "eps_growth_year": null,
            "eps_4q": null,
            "eps_4q_growth_year": null,
            "roe": null,
            "roe_4q": 0,
            "gross_profit": null,
            "gross_margin": null,
            "gross_margin_4q_avg": 0,
            "net_income": null,
            "net_income_4q": null,
            "revenue": null,
            "revenue_4q": null,
            "common_shares": null,
            "book_valuer_per_share": null,
            "book_valuer_per_share_4q_avg": 0,
            "equity": null,
            "current_ratio": null,
            "debt_ratio": null,
            "inventory_turnover_ratio": null,
            "account_receivable_turnover_ratio": null,
            "reinvestment_rate": null,
            "research_to_sale_ratio": null,
            "price_fair": 0,
            "eps_avg_yearly": 0,
            "eps_latest_yearly": 0,
            "eps_growth_yearly": 0
        },
        "20043": {
            "year_quarter": 20043,
            "year": 2004,
            "quarter": 3,
            "eps": null,
            "eps_growth_year": null,
            "eps_4q": null,
            "eps_4q_growth_year": null,
            "roe": null,
            "roe_4q": 0,
            "gross_profit": null,
            "gross_margin": null,
            "gross_margin_4q_avg": 0,
            "net_income": null,
            "net_income_4q": null,
            "revenue": null,
            "revenue_4q": null,
            "common_shares": null,
            "book_valuer_per_share": null,
            "book_valuer_per_share_4q_avg": 0,
            "equity": null,
            "current_ratio": null,
            "debt_ratio": null,
            "inventory_turnover_ratio": null,
            "account_receivable_turnover_ratio": null,
            "reinvestment_rate": null,
            "research_to_sale_ratio": null,
            "price_fair": 0,
            "eps_avg_yearly": 0,
            "eps_latest_yearly": 0,
            "eps_growth_yearly": 0
        },
        "20044": {
            "year_quarter": 20044,
            "year": 2004,
            "quarter": 4,
            "eps": null,
            "eps_growth_year": null,
            "eps_4q": null,
            "eps_4q_growth_year": null,
            "roe": null,
            "roe_4q": 0,
            "gross_profit": null,
            "gross_margin": null,
            "gross_margin_4q_avg": 0,
            "net_income": null,
            "net_income_4q": null,
            "revenue": null,
            "revenue_4q": null,
            "common_shares": null,
            "book_valuer_per_share": null,
            "book_valuer_per_share_4q_avg": 0,
            "equity": null,
            "current_ratio": null,
            "debt_ratio": null,
            "inventory_turnover_ratio": null,
            "account_receivable_turnover_ratio": null,
            "reinvestment_rate": null,
            "research_to_sale_ratio": null,
            "price_fair": 0,
            "eps_avg_yearly": 0,
            "eps_latest_yearly": 0,
            "eps_growth_yearly": 0
        },
        "20051": {
            "year_quarter": 20051,
            "year": 2005,
            "quarter": 1,
            "eps": null,
            "eps_growth_year": null,
            "eps_4q": null,
            "eps_4q_growth_year": null,
            "roe": null,
            "roe_4q": 0,
            "gross_profit": null,
            "gross_margin": null,
            "gross_margin_4q_avg": 0,
            "net_income": null,
            "net_income_4q": null,
            "revenue": null,
            "revenue_4q": null,
            "common_shares": null,
            "book_valuer_per_share": null,
            "book_valuer_per_share_4q_avg": 0,
            "equity": null,
            "current_ratio": null,
            "debt_ratio": null,
            "inventory_turnover_ratio": null,
            "account_receivable_turnover_ratio": null,
            "reinvestment_rate": null,
            "research_to_sale_ratio": null,
            "price_fair": 0,
            "eps_avg_yearly": 0,
            "eps_latest_yearly": 0,
            "eps_growth_yearly": 0
        },
        "20052": {
            "year_quarter": 20052,
            "year": 2005,
            "quarter": 2,
            "eps": null,
            "eps_growth_year": null,
            "eps_4q": null,
            "eps_4q_growth_year": null,
            "roe": null,
            "roe_4q": 0,
            "gross_profit": null,
            "gross_margin": null,
            "gross_margin_4q_avg": 0,
            "net_income": null,
            "net_income_4q": null,
            "revenue": null,
            "revenue_4q": null,
            "common_shares": null,
            "book_valuer_per_share": null,
            "book_valuer_per_share_4q_avg": 0,
            "equity": null,
            "current_ratio": null,
            "debt_ratio": null,
            "inventory_turnover_ratio": null,
            "account_receivable_turnover_ratio": null,
            "reinvestment_rate": null,
            "research_to_sale_ratio": null,
            "price_fair": 0,
            "eps_avg_yearly": 0,
            "eps_latest_yearly": 0,
            "eps_growth_yearly": 0
        },
        "20053": {
            "year_quarter": 20053,
            "year": 2005,
            "quarter": 3,
            "eps": null,
            "eps_growth_year": null,
            "eps_4q": null,
            "eps_4q_growth_year": null,
            "roe": null,
            "roe_4q": 0,
            "gross_profit": null,
            "gross_margin": null,
            "gross_margin_4q_avg": 0,
            "net_income": null,
            "net_income_4q": null,
            "revenue": null,
            "revenue_4q": null,
            "common_shares": null,
            "book_valuer_per_share": null,
            "book_valuer_per_share_4q_avg": 0,
            "equity": null,
            "current_ratio": null,
            "debt_ratio": null,
            "inventory_turnover_ratio": null,
            "account_receivable_turnover_ratio": null,
            "reinvestment_rate": null,
            "research_to_sale_ratio": null,
            "price_fair": 0,
            "eps_avg_yearly": 0,
            "eps_latest_yearly": 0,
            "eps_growth_yearly": 0
        },
        "20054": {
            "year_quarter": 20054,
            "year": 2005,
            "quarter": 4,
            "eps": null,
            "eps_growth_year": null,
            "eps_4q": null,
            "eps_4q_growth_year": null,
            "roe": null,
            "roe_4q": 0,
            "gross_profit": null,
            "gross_margin": null,
            "gross_margin_4q_avg": 0,
            "net_income": null,
            "net_income_4q": null,
            "revenue": null,
            "revenue_4q": null,
            "common_shares": null,
            "book_valuer_per_share": null,
            "book_valuer_per_share_4q_avg": 0,
            "equity": null,
            "current_ratio": null,
            "debt_ratio": null,
            "inventory_turnover_ratio": null,
            "account_receivable_turnover_ratio": null,
            "reinvestment_rate": null,
            "research_to_sale_ratio": null,
            "price_fair": 0,
            "eps_avg_yearly": 0,
            "eps_latest_yearly": 0,
            "eps_growth_yearly": 0
        },
        "20061": {
            "year_quarter": 20061,
            "year": 2006,
            "quarter": 1,
            "eps": null,
            "eps_growth_year": null,
            "eps_4q": null,
            "eps_4q_growth_year": null,
            "roe": null,
            "roe_4q": 0,
            "gross_profit": null,
            "gross_margin": null,
            "gross_margin_4q_avg": 0,
            "net_income": null,
            "net_income_4q": null,
            "revenue": null,
            "revenue_4q": null,
            "common_shares": null,
            "book_valuer_per_share": null,
            "book_valuer_per_share_4q_avg": 0,
            "equity": null,
            "current_ratio": null,
            "debt_ratio": null,
            "inventory_turnover_ratio": null,
            "account_receivable_turnover_ratio": null,
            "reinvestment_rate": null,
            "research_to_sale_ratio": null,
            "price_fair": 0,
            "eps_avg_yearly": 0,
            "eps_latest_yearly": 0,
            "eps_growth_yearly": 0
        },
        "20062": {
            "year_quarter": 20062,
            "year": 2006,
            "quarter": 2,
            "eps": null,
            "eps_growth_year": null,
            "eps_4q": null,
            "eps_4q_growth_year": null,
            "roe": null,
            "roe_4q": 0,
            "gross_profit": null,
            "gross_margin": null,
            "gross_margin_4q_avg": 0,
            "net_income": null,
            "net_income_4q": null,
            "revenue": null,
            "revenue_4q": null,
            "common_shares": null,
            "book_valuer_per_share": null,
            "book_valuer_per_share_4q_avg": 0,
            "equity": null,
            "current_ratio": null,
            "debt_ratio": null,
            "inventory_turnover_ratio": null,
            "account_receivable_turnover_ratio": null,
            "reinvestment_rate": null,
            "research_to_sale_ratio": null,
            "price_fair": 0,
            "eps_avg_yearly": 0,
            "eps_latest_yearly": 0,
            "eps_growth_yearly": 0
        },
        "20063": {
            "year_quarter": 20063,
            "year": 2006,
            "quarter": 3,
            "eps": null,
            "eps_growth_year": null,
            "eps_4q": null,
            "eps_4q_growth_year": null,
            "roe": null,
            "roe_4q": 0,
            "gross_profit": null,
            "gross_margin": null,
            "gross_margin_4q_avg": 0,
            "net_income": null,
            "net_income_4q": null,
            "revenue": null,
            "revenue_4q": null,
            "common_shares": null,
            "book_valuer_per_share": null,
            "book_valuer_per_share_4q_avg": 0,
            "equity": null,
            "current_ratio": null,
            "debt_ratio": null,
            "inventory_turnover_ratio": null,
            "account_receivable_turnover_ratio": null,
            "reinvestment_rate": null,
            "research_to_sale_ratio": null,
            "price_fair": 0,
            "eps_avg_yearly": 0,
            "eps_latest_yearly": 0,
            "eps_growth_yearly": 0
        },
        "20064": {
            "year_quarter": 20064,
            "year": 2006,
            "quarter": 4,
            "eps": null,
            "eps_growth_year": null,
            "eps_4q": null,
            "eps_4q_growth_year": null,
            "roe": null,
            "roe_4q": 0,
            "gross_profit": null,
            "gross_margin": null,
            "gross_margin_4q_avg": 0,
            "net_income": null,
            "net_income_4q": null,
            "revenue": null,
            "revenue_4q": null,
            "common_shares": null,
            "book_valuer_per_share": null,
            "book_valuer_per_share_4q_avg": 0,
            "equity": null,
            "current_ratio": null,
            "debt_ratio": null,
            "inventory_turnover_ratio": null,
            "account_receivable_turnover_ratio": null,
            "reinvestment_rate": null,
            "research_to_sale_ratio": null,
            "price_fair": 0,
            "eps_avg_yearly": 0,
            "eps_latest_yearly": 0,
            "eps_growth_yearly": 0
        },
        "20071": {
            "year_quarter": 20071,
            "year": 2007,
            "quarter": 1,
            "eps": null,
            "eps_growth_year": null,
            "eps_4q": null,
            "eps_4q_growth_year": null,
            "roe": null,
            "roe_4q": 0,
            "gross_profit": null,
            "gross_margin": null,
            "gross_margin_4q_avg": 0,
            "net_income": null,
            "net_income_4q": null,
            "revenue": null,
            "revenue_4q": null,
            "common_shares": null,
            "book_valuer_per_share": null,
            "book_valuer_per_share_4q_avg": 0,
            "equity": null,
            "current_ratio": null,
            "debt_ratio": null,
            "inventory_turnover_ratio": null,
            "account_receivable_turnover_ratio": null,
            "reinvestment_rate": null,
            "research_to_sale_ratio": null,
            "price_fair": 0,
            "eps_avg_yearly": 0,
            "eps_latest_yearly": 0,
            "eps_growth_yearly": 0
        },
        "20072": {
            "year_quarter": 20072,
            "year": 2007,
            "quarter": 2,
            "eps": null,
            "eps_growth_year": null,
            "eps_4q": null,
            "eps_4q_growth_year": null,
            "roe": null,
            "roe_4q": 0,
            "gross_profit": null,
            "gross_margin": null,
            "gross_margin_4q_avg": 0,
            "net_income": null,
            "net_income_4q": null,
            "revenue": null,
            "revenue_4q": null,
            "common_shares": null,
            "book_valuer_per_share": null,
            "book_valuer_per_share_4q_avg": 0,
            "equity": null,
            "current_ratio": null,
            "debt_ratio": null,
            "inventory_turnover_ratio": null,
            "account_receivable_turnover_ratio": null,
            "reinvestment_rate": null,
            "research_to_sale_ratio": null,
            "price_fair": 0,
            "eps_avg_yearly": 0,
            "eps_latest_yearly": 0,
            "eps_growth_yearly": 0
        },
        "20073": {
            "year_quarter": 20073,
            "year": 2007,
            "quarter": 3,
            "eps": null,
            "eps_growth_year": null,
            "eps_4q": null,
            "eps_4q_growth_year": null,
            "roe": null,
            "roe_4q": 0,
            "gross_profit": null,
            "gross_margin": null,
            "gross_margin_4q_avg": 0,
            "net_income": null,
            "net_income_4q": null,
            "revenue": null,
            "revenue_4q": null,
            "common_shares": null,
            "book_valuer_per_share": null,
            "book_valuer_per_share_4q_avg": 0,
            "equity": null,
            "current_ratio": null,
            "debt_ratio": null,
            "inventory_turnover_ratio": null,
            "account_receivable_turnover_ratio": null,
            "reinvestment_rate": null,
            "research_to_sale_ratio": null,
            "price_fair": 0,
            "eps_avg_yearly": 0,
            "eps_latest_yearly": 0,
            "eps_growth_yearly": 0
        },
        "20074": {
            "year_quarter": 20074,
            "year": 2007,
            "quarter": 4,
            "eps": null,
            "eps_growth_year": null,
            "eps_4q": null,
            "eps_4q_growth_year": null,
            "roe": null,
            "roe_4q": 0,
            "gross_profit": null,
            "gross_margin": null,
            "gross_margin_4q_avg": 0,
            "net_income": null,
            "net_income_4q": null,
            "revenue": null,
            "revenue_4q": null,
            "common_shares": 102500,
            "book_valuer_per_share": 11.63,
            "book_valuer_per_share_4q_avg": 2.91,
            "equity": 119164,
            "current_ratio": 120.88,
            "debt_ratio": 66.78,
            "inventory_turnover_ratio": null,
            "account_receivable_turnover_ratio": null,
            "reinvestment_rate": null,
            "research_to_sale_ratio": null,
            "price_fair": 0,
            "eps_avg_yearly": 0,
            "eps_latest_yearly": 0,
            "eps_growth_yearly": 0
        },
        "20081": {
            "year_quarter": 20081,
            "year": 2008,
            "quarter": 1,
            "eps": null,
            "eps_growth_year": null,
            "eps_4q": null,
            "eps_4q_growth_year": null,
            "roe": null,
            "roe_4q": 0,
            "gross_profit": null,
            "gross_margin": null,
            "gross_margin_4q_avg": 0,
            "net_income": null,
            "net_income_4q": null,
            "revenue": null,
            "revenue_4q": null,
            "common_shares": null,
            "book_valuer_per_share": null,
            "book_valuer_per_share_4q_avg": 2.91,
            "equity": null,
            "current_ratio": null,
            "debt_ratio": null,
            "inventory_turnover_ratio": null,
            "account_receivable_turnover_ratio": null,
            "reinvestment_rate": null,
            "research_to_sale_ratio": null,
            "price_fair": 0,
            "eps_avg_yearly": 0,
            "eps_latest_yearly": 0,
            "eps_growth_yearly": 0
        },
        "20082": {
            "year_quarter": 20082,
            "year": 2008,
            "quarter": 2,
            "eps": null,
            "eps_growth_year": null,
            "eps_4q": null,
            "eps_4q_growth_year": null,
            "roe": null,
            "roe_4q": 0,
            "gross_profit": null,
            "gross_margin": null,
            "gross_margin_4q_avg": 0,
            "net_income": null,
            "net_income_4q": null,
            "revenue": null,
            "revenue_4q": null,
            "common_shares": null,
            "book_valuer_per_share": null,
            "book_valuer_per_share_4q_avg": 2.91,
            "equity": null,
            "current_ratio": null,
            "debt_ratio": null,
            "inventory_turnover_ratio": null,
            "account_receivable_turnover_ratio": null,
            "reinvestment_rate": null,
            "research_to_sale_ratio": null,
            "price_fair": 0,
            "eps_avg_yearly": 0,
            "eps_latest_yearly": 0,
            "eps_growth_yearly": 0
        },
        "20083": {
            "year_quarter": 20083,
            "year": 2008,
            "quarter": 3,
            "eps": null,
            "eps_growth_year": null,
            "eps_4q": null,
            "eps_4q_growth_year": null,
            "roe": null,
            "roe_4q": 0,
            "gross_profit": null,
            "gross_margin": null,
            "gross_margin_4q_avg": 0,
            "net_income": null,
            "net_income_4q": null,
            "revenue": null,
            "revenue_4q": null,
            "common_shares": null,
            "book_valuer_per_share": null,
            "book_valuer_per_share_4q_avg": 2.91,
            "equity": null,
            "current_ratio": null,
            "debt_ratio": null,
            "inventory_turnover_ratio": null,
            "account_receivable_turnover_ratio": null,
            "reinvestment_rate": null,
            "research_to_sale_ratio": null,
            "price_fair": 0,
            "eps_avg_yearly": 0,
            "eps_latest_yearly": 0,
            "eps_growth_yearly": 0
        },
        "20084": {
            "year_quarter": 20084,
            "year": 2008,
            "quarter": 4,
            "eps": null,
            "eps_growth_year": null,
            "eps_4q": null,
            "eps_4q_growth_year": null,
            "roe": null,
            "roe_4q": 0,
            "gross_profit": null,
            "gross_margin": null,
            "gross_margin_4q_avg": 0,
            "net_income": null,
            "net_income_4q": null,
            "revenue": null,
            "revenue_4q": null,
            "common_shares": 102500,
            "book_valuer_per_share": 13.1,
            "book_valuer_per_share_4q_avg": 3.28,
            "equity": 134233,
            "current_ratio": 99.11,
            "debt_ratio": 68.94,
            "inventory_turnover_ratio": null,
            "account_receivable_turnover_ratio": null,
            "reinvestment_rate": null,
            "research_to_sale_ratio": null,
            "price_fair": 0,
            "eps_avg_yearly": 0,
            "eps_latest_yearly": 0,
            "eps_growth_yearly": 0
        },
        "20091": {
            "year_quarter": 20091,
            "year": 2009,
            "quarter": 1,
            "eps": null,
            "eps_growth_year": null,
            "eps_4q": null,
            "eps_4q_growth_year": null,
            "roe": null,
            "roe_4q": 0,
            "gross_profit": null,
            "gross_margin": null,
            "gross_margin_4q_avg": 0,
            "net_income": null,
            "net_income_4q": null,
            "revenue": null,
            "revenue_4q": null,
            "common_shares": null,
            "book_valuer_per_share": null,
            "book_valuer_per_share_4q_avg": 3.28,
            "equity": null,
            "current_ratio": null,
            "debt_ratio": null,
            "inventory_turnover_ratio": null,
            "account_receivable_turnover_ratio": null,
            "reinvestment_rate": null,
            "research_to_sale_ratio": null,
            "price_fair": 0,
            "eps_avg_yearly": 0,
            "eps_latest_yearly": 0,
            "eps_growth_yearly": 0
        },
        "20092": {
            "year_quarter": 20092,
            "year": 2009,
            "quarter": 2,
            "eps": null,
            "eps_growth_year": null,
            "eps_4q": null,
            "eps_4q_growth_year": null,
            "roe": null,
            "roe_4q": 0,
            "gross_profit": null,
            "gross_margin": null,
            "gross_margin_4q_avg": 0,
            "net_income": null,
            "net_income_4q": null,
            "revenue": null,
            "revenue_4q": null,
            "common_shares": null,
            "book_valuer_per_share": null,
            "book_valuer_per_share_4q_avg": 3.28,
            "equity": null,
            "current_ratio": null,
            "debt_ratio": null,
            "inventory_turnover_ratio": null,
            "account_receivable_turnover_ratio": null,
            "reinvestment_rate": null,
            "research_to_sale_ratio": null,
            "price_fair": 0,
            "eps_avg_yearly": 0,
            "eps_latest_yearly": 0,
            "eps_growth_yearly": 0
        },
        "20093": {
            "year_quarter": 20093,
            "year": 2009,
            "quarter": 3,
            "eps": null,
            "eps_growth_year": null,
            "eps_4q": null,
            "eps_4q_growth_year": null,
            "roe": null,
            "roe_4q": 0,
            "gross_profit": null,
            "gross_margin": null,
            "gross_margin_4q_avg": 0,
            "net_income": null,
            "net_income_4q": null,
            "revenue": null,
            "revenue_4q": null,
            "common_shares": null,
            "book_valuer_per_share": null,
            "book_valuer_per_share_4q_avg": 3.28,
            "equity": null,
            "current_ratio": null,
            "debt_ratio": null,
            "inventory_turnover_ratio": null,
            "account_receivable_turnover_ratio": null,
            "reinvestment_rate": null,
            "research_to_sale_ratio": null,
            "price_fair": 0,
            "eps_avg_yearly": 0,
            "eps_latest_yearly": 0,
            "eps_growth_yearly": 0
        },
        "20094": {
            "year_quarter": 20094,
            "year": 2009,
            "quarter": 4,
            "eps": null,
            "eps_growth_year": null,
            "eps_4q": null,
            "eps_4q_growth_year": null,
            "roe": null,
            "roe_4q": 0,
            "gross_profit": null,
            "gross_margin": null,
            "gross_margin_4q_avg": 0,
            "net_income": null,
            "net_income_4q": null,
            "revenue": null,
            "revenue_4q": null,
            "common_shares": 102500,
            "book_valuer_per_share": 11.08,
            "book_valuer_per_share_4q_avg": 2.77,
            "equity": 113571,
            "current_ratio": 92.73,
            "debt_ratio": 70,
            "inventory_turnover_ratio": null,
            "account_receivable_turnover_ratio": null,
            "reinvestment_rate": null,
            "research_to_sale_ratio": null,
            "price_fair": 0,
            "eps_avg_yearly": 0,
            "eps_latest_yearly": 0,
            "eps_growth_yearly": 0
        },
        "20101": {
            "year_quarter": 20101,
            "year": 2010,
            "quarter": 1,
            "eps": null,
            "eps_growth_year": null,
            "eps_4q": null,
            "eps_4q_growth_year": null,
            "roe": null,
            "roe_4q": 0,
            "gross_profit": null,
            "gross_margin": null,
            "gross_margin_4q_avg": 0,
            "net_income": null,
            "net_income_4q": null,
            "revenue": null,
            "revenue_4q": null,
            "common_shares": null,
            "book_valuer_per_share": null,
            "book_valuer_per_share_4q_avg": 2.77,
            "equity": null,
            "current_ratio": null,
            "debt_ratio": null,
            "inventory_turnover_ratio": null,
            "account_receivable_turnover_ratio": null,
            "reinvestment_rate": null,
            "research_to_sale_ratio": null,
            "price_fair": 0,
            "eps_avg_yearly": 0,
            "eps_latest_yearly": 0,
            "eps_growth_yearly": 0
        },
        "20102": {
            "year_quarter": 20102,
            "year": 2010,
            "quarter": 2,
            "eps": null,
            "eps_growth_year": null,
            "eps_4q": null,
            "eps_4q_growth_year": null,
            "roe": null,
            "roe_4q": 0,
            "gross_profit": null,
            "gross_margin": null,
            "gross_margin_4q_avg": 0,
            "net_income": null,
            "net_income_4q": null,
            "revenue": null,
            "revenue_4q": null,
            "common_shares": null,
            "book_valuer_per_share": null,
            "book_valuer_per_share_4q_avg": 2.77,
            "equity": null,
            "current_ratio": null,
            "debt_ratio": null,
            "inventory_turnover_ratio": null,
            "account_receivable_turnover_ratio": null,
            "reinvestment_rate": null,
            "research_to_sale_ratio": null,
            "price_fair": 0,
            "eps_avg_yearly": 0,
            "eps_latest_yearly": 0,
            "eps_growth_yearly": 0
        },
        "20103": {
            "year_quarter": 20103,
            "year": 2010,
            "quarter": 3,
            "eps": null,
            "eps_growth_year": null,
            "eps_4q": null,
            "eps_4q_growth_year": null,
            "roe": null,
            "roe_4q": 0,
            "gross_profit": null,
            "gross_margin": null,
            "gross_margin_4q_avg": 0,
            "net_income": null,
            "net_income_4q": null,
            "revenue": null,
            "revenue_4q": null,
            "common_shares": null,
            "book_valuer_per_share": null,
            "book_valuer_per_share_4q_avg": 2.77,
            "equity": null,
            "current_ratio": null,
            "debt_ratio": null,
            "inventory_turnover_ratio": null,
            "account_receivable_turnover_ratio": null,
            "reinvestment_rate": null,
            "research_to_sale_ratio": null,
            "price_fair": 0,
            "eps_avg_yearly": 0,
            "eps_latest_yearly": 0,
            "eps_growth_yearly": 0
        },
        "20104": {
            "year_quarter": 20104,
            "year": 2010,
            "quarter": 4,
            "eps": null,
            "eps_growth_year": null,
            "eps_4q": null,
            "eps_4q_growth_year": null,
            "roe": null,
            "roe_4q": 0,
            "gross_profit": null,
            "gross_margin": null,
            "gross_margin_4q_avg": 0,
            "net_income": null,
            "net_income_4q": null,
            "revenue": null,
            "revenue_4q": null,
            "common_shares": 137500,
            "book_valuer_per_share": 13.4,
            "book_valuer_per_share_4q_avg": 3.35,
            "equity": 184304,
            "current_ratio": 86.76,
            "debt_ratio": 64.19,
            "inventory_turnover_ratio": null,
            "account_receivable_turnover_ratio": null,
            "reinvestment_rate": null,
            "research_to_sale_ratio": null,
            "price_fair": 0,
            "eps_avg_yearly": 0,
            "eps_latest_yearly": 0,
            "eps_growth_yearly": 0
        },
        "20111": {
            "year_quarter": 20111,
            "year": 2011,
            "quarter": 1,
            "eps": null,
            "eps_growth_year": null,
            "eps_4q": null,
            "eps_4q_growth_year": null,
            "roe": null,
            "roe_4q": 0,
            "gross_profit": null,
            "gross_margin": null,
            "gross_margin_4q_avg": 0,
            "net_income": null,
            "net_income_4q": null,
            "revenue": null,
            "revenue_4q": null,
            "common_shares": null,
            "book_valuer_per_share": null,
            "book_valuer_per_share_4q_avg": 3.35,
            "equity": null,
            "current_ratio": null,
            "debt_ratio": null,
            "inventory_turnover_ratio": null,
            "account_receivable_turnover_ratio": null,
            "reinvestment_rate": null,
            "research_to_sale_ratio": null,
            "price_fair": 0,
            "eps_avg_yearly": 0,
            "eps_latest_yearly": 0,
            "eps_growth_yearly": 0
        },
        "20112": {
            "year_quarter": 20112,
            "year": 2011,
            "quarter": 2,
            "eps": null,
            "eps_growth_year": null,
            "eps_4q": null,
            "eps_4q_growth_year": null,
            "roe": null,
            "roe_4q": 0,
            "gross_profit": null,
            "gross_margin": null,
            "gross_margin_4q_avg": 0,
            "net_income": null,
            "net_income_4q": null,
            "revenue": null,
            "revenue_4q": null,
            "common_shares": 0,
            "book_valuer_per_share": null,
            "book_valuer_per_share_4q_avg": 3.35,
            "equity": 0,
            "current_ratio": null,
            "debt_ratio": null,
            "inventory_turnover_ratio": null,
            "account_receivable_turnover_ratio": null,
            "reinvestment_rate": null,
            "research_to_sale_ratio": null,
            "price_fair": 0,
            "eps_avg_yearly": 0,
            "eps_latest_yearly": 0,
            "eps_growth_yearly": 0
        },
        "20113": {
            "year_quarter": 20113,
            "year": 2011,
            "quarter": 3,
            "eps": null,
            "eps_growth_year": null,
            "eps_4q": null,
            "eps_4q_growth_year": null,
            "roe": null,
            "roe_4q": 0,
            "gross_profit": null,
            "gross_margin": null,
            "gross_margin_4q_avg": 0,
            "net_income": null,
            "net_income_4q": null,
            "revenue": null,
            "revenue_4q": null,
            "common_shares": null,
            "book_valuer_per_share": null,
            "book_valuer_per_share_4q_avg": 3.35,
            "equity": null,
            "current_ratio": null,
            "debt_ratio": null,
            "inventory_turnover_ratio": null,
            "account_receivable_turnover_ratio": null,
            "reinvestment_rate": null,
            "research_to_sale_ratio": null,
            "price_fair": 0,
            "eps_avg_yearly": 0,
            "eps_latest_yearly": 0,
            "eps_growth_yearly": 0
        },
        "20114": {
            "year_quarter": 20114,
            "year": 2011,
            "quarter": 4,
            "eps": null,
            "eps_growth_year": null,
            "eps_4q": null,
            "eps_4q_growth_year": null,
            "roe": null,
            "roe_4q": 0,
            "gross_profit": null,
            "gross_margin": null,
            "gross_margin_4q_avg": 0,
            "net_income": null,
            "net_income_4q": null,
            "revenue": null,
            "revenue_4q": null,
            "common_shares": 151250,
            "book_valuer_per_share": 15.27,
            "book_valuer_per_share_4q_avg": 3.82,
            "equity": 327703,
            "current_ratio": 91.25,
            "debt_ratio": 67.02,
            "inventory_turnover_ratio": null,
            "account_receivable_turnover_ratio": null,
            "reinvestment_rate": null,
            "research_to_sale_ratio": null,
            "price_fair": 0,
            "eps_avg_yearly": 0,
            "eps_latest_yearly": 0,
            "eps_growth_yearly": 0
        },
        "20121": {
            "year_quarter": 20121,
            "year": 2012,
            "quarter": 1,
            "eps": null,
            "eps_growth_year": null,
            "eps_4q": null,
            "eps_4q_growth_year": null,
            "roe": null,
            "roe_4q": 0,
            "gross_profit": null,
            "gross_margin": null,
            "gross_margin_4q_avg": 0,
            "net_income": null,
            "net_income_4q": null,
            "revenue": null,
            "revenue_4q": null,
            "common_shares": null,
            "book_valuer_per_share": null,
            "book_valuer_per_share_4q_avg": 3.82,
            "equity": null,
            "current_ratio": null,
            "debt_ratio": null,
            "inventory_turnover_ratio": null,
            "account_receivable_turnover_ratio": null,
            "reinvestment_rate": null,
            "research_to_sale_ratio": null,
            "price_fair": 0,
            "eps_avg_yearly": 0,
            "eps_latest_yearly": 0,
            "eps_growth_yearly": 0
        },
        "20122": {
            "year_quarter": 20122,
            "year": 2012,
            "quarter": 2,
            "eps": null,
            "eps_growth_year": null,
            "eps_4q": null,
            "eps_4q_growth_year": null,
            "roe": null,
            "roe_4q": 0,
            "gross_profit": null,
            "gross_margin": null,
            "gross_margin_4q_avg": 0,
            "net_income": null,
            "net_income_4q": null,
            "revenue": null,
            "revenue_4q": null,
            "common_shares": 201250,
            "book_valuer_per_share": 16.4,
            "book_valuer_per_share_4q_avg": 7.92,
            "equity": 403061,
            "current_ratio": 110.91,
            "debt_ratio": 57.76,
            "inventory_turnover_ratio": null,
            "account_receivable_turnover_ratio": null,
            "reinvestment_rate": null,
            "research_to_sale_ratio": null,
            "price_fair": 0,
            "eps_avg_yearly": 0,
            "eps_latest_yearly": 0,
            "eps_growth_yearly": 0
        },
        "20123": {
            "year_quarter": 20123,
            "year": 2012,
            "quarter": 3,
            "eps": null,
            "eps_growth_year": null,
            "eps_4q": null,
            "eps_4q_growth_year": null,
            "roe": null,
            "roe_4q": 0,
            "gross_profit": 44058,
            "gross_margin": null,
            "gross_margin_4q_avg": 0,
            "net_income": 12709,
            "net_income_4q": null,
            "revenue": 228520,
            "revenue_4q": null,
            "common_shares": 201250,
            "book_valuer_per_share": null,
            "book_valuer_per_share_4q_avg": 7.92,
            "equity": 353373,
            "current_ratio": null,
            "debt_ratio": null,
            "inventory_turnover_ratio": null,
            "account_receivable_turnover_ratio": null,
            "reinvestment_rate": null,
            "research_to_sale_ratio": null,
            "price_fair": 0,
            "eps_avg_yearly": 0,
            "eps_latest_yearly": 0,
            "eps_growth_yearly": 0
        },
        "20124": {
            "year_quarter": 20124,
            "year": 2012,
            "quarter": 4,
            "eps": null,
            "eps_growth_year": null,
            "eps_4q": null,
            "eps_4q_growth_year": null,
            "roe": null,
            "roe_4q": 0,
            "gross_profit": 26199,
            "gross_margin": null,
            "gross_margin_4q_avg": 0,
            "net_income": -347,
            "net_income_4q": null,
            "revenue": 187551,
            "revenue_4q": null,
            "common_shares": 201250,
            "book_valuer_per_share": 16.67,
            "book_valuer_per_share_4q_avg": 8.27,
            "equity": 348716,
            "current_ratio": 92.01,
            "debt_ratio": 65.29,
            "inventory_turnover_ratio": null,
            "account_receivable_turnover_ratio": null,
            "reinvestment_rate": null,
            "research_to_sale_ratio": null,
            "price_fair": 0,
            "eps_avg_yearly": 0,
            "eps_latest_yearly": 0,
            "eps_growth_yearly": 0
        },
        "20131": {
            "year_quarter": 20131,
            "year": 2013,
            "quarter": 1,
            "eps": null,
            "eps_growth_year": null,
            "eps_4q": null,
            "eps_4q_growth_year": null,
            "roe": null,
            "roe_4q": 0,
            "gross_profit": 37521,
            "gross_margin": null,
            "gross_margin_4q_avg": 0,
            "net_income": 11361,
            "net_income_4q": null,
            "revenue": 232942,
            "revenue_4q": null,
            "common_shares": 201250,
            "book_valuer_per_share": 17.77,
            "book_valuer_per_share_4q_avg": 12.71,
            "equity": 371358,
            "current_ratio": 95.11,
            "debt_ratio": 64.7,
            "inventory_turnover_ratio": null,
            "account_receivable_turnover_ratio": null,
            "reinvestment_rate": null,
            "research_to_sale_ratio": null,
            "price_fair": 0,
            "eps_avg_yearly": 0,
            "eps_latest_yearly": 0,
            "eps_growth_yearly": 0
        },
        "20132": {
            "year_quarter": 20132,
            "year": 2013,
            "quarter": 2,
            "eps": -0.01,
            "eps_growth_year": null,
            "eps_4q": -0.01,
            "eps_4q_growth_year": null,
            "roe": 0.2,
            "roe_4q": 0.2,
            "gross_profit": 32825,
            "gross_margin": 14.39,
            "gross_margin_4q_avg": 3.6,
            "net_income": 733,
            "net_income_4q": null,
            "revenue": 228089,
            "revenue_4q": null,
            "common_shares": 201250,
            "book_valuer_per_share": 17.44,
            "book_valuer_per_share_4q_avg": 12.97,
            "equity": 366244,
            "current_ratio": 93.75,
            "debt_ratio": 63.97,
            "inventory_turnover_ratio": 1.36,
            "account_receivable_turnover_ratio": 2.03,
            "reinvestment_rate": null,
            "research_to_sale_ratio": null,
            "price_fair": 0,
            "eps_avg_yearly": 0,
            "eps_latest_yearly": 0,
            "eps_growth_yearly": 0
        },
        "20133": {
            "year_quarter": 20133,
            "year": 2013,
            "quarter": 3,
            "eps": 0.46,
            "eps_growth_year": null,
            "eps_4q": 0.41,
            "eps_4q_growth_year": null,
            "roe": 3.15,
            "roe_4q": 3.35,
            "gross_profit": 52261,
            "gross_margin": 19.76,
            "gross_margin_4q_avg": 8.54,
            "net_income": 12239,
            "net_income_4q": null,
            "revenue": 264443,
            "revenue_4q": null,
            "common_shares": 251438,
            "book_valuer_per_share": 15.67,
            "book_valuer_per_share_4q_avg": 16.89,
            "equity": 410635,
            "current_ratio": 106.55,
            "debt_ratio": 59.96,
            "inventory_turnover_ratio": 1.46,
            "account_receivable_turnover_ratio": 1.19,
            "reinvestment_rate": null,
            "research_to_sale_ratio": 1.14,
            "price_fair": 0,
            "eps_avg_yearly": 0,
            "eps_latest_yearly": 0,
            "eps_growth_yearly": 0
        },
        "20134": {
            "year_quarter": 20134,
            "year": 2013,
            "quarter": 4,
            "eps": 0.3,
            "eps_growth_year": null,
            "eps_4q": 0.7,
            "eps_4q_growth_year": null,
            "roe": 2.08,
            "roe_4q": 5.430000000000001,
            "gross_profit": 53983,
            "gross_margin": 17.49,
            "gross_margin_4q_avg": 12.91,
            "net_income": 8845,
            "net_income_4q": null,
            "revenue": 308637,
            "revenue_4q": null,
            "common_shares": 259438,
            "book_valuer_per_share": 16.2,
            "book_valuer_per_share_4q_avg": 16.77,
            "equity": 438262,
            "current_ratio": 123.41,
            "debt_ratio": 60.43,
            "inventory_turnover_ratio": 1.82,
            "account_receivable_turnover_ratio": 1.28,
            "reinvestment_rate": null,
            "research_to_sale_ratio": 0.94,
            "price_fair": 3.6,
            "eps_avg_yearly": 1.2,
            "eps_latest_yearly": 1.2,
            "eps_growth_yearly": -139.13
        },
        "20141": {
            "year_quarter": 20141,
            "year": 2014,
            "quarter": 1,
            "eps": 0.72,
            "eps_growth_year": null,
            "eps_4q": 1.42,
            "eps_4q_growth_year": null,
            "roe": 4.37,
            "roe_4q": 9.799999999999999,
            "gross_profit": 54305,
            "gross_margin": 19.07,
            "gross_margin_4q_avg": 17.68,
            "net_income": 19621,
            "net_income_4q": null,
            "revenue": 284784,
            "revenue_4q": null,
            "common_shares": 259438,
            "book_valuer_per_share": 17.02,
            "book_valuer_per_share_4q_avg": 16.58,
            "equity": 460675,
            "current_ratio": 130.74,
            "debt_ratio": 59.72,
            "inventory_turnover_ratio": 1.6,
            "account_receivable_turnover_ratio": 1.08,
            "reinvestment_rate": null,
            "research_to_sale_ratio": 1.22,
            "price_fair": 71.4,
            "eps_avg_yearly": 2.04,
            "eps_latest_yearly": 2.88,
            "eps_growth_yearly": 210.43
        },
        "20142": {
            "year_quarter": 20142,
            "year": 2014,
            "quarter": 2,
            "eps": 0.74,
            "eps_growth_year": null,
            "eps_4q": 2.01,
            "eps_4q_growth_year": null,
            "roe": 4.5,
            "roe_4q": 14.100000000000001,
            "gross_profit": 72241,
            "gross_margin": 23.01,
            "gross_margin_4q_avg": 19.83,
            "net_income": 21732,
            "net_income_4q": null,
            "revenue": 313903,
            "revenue_4q": null,
            "common_shares": 284328,
            "book_valuer_per_share": 17.11,
            "book_valuer_per_share_4q_avg": 16.5,
            "equity": 505942,
            "current_ratio": 135.6,
            "debt_ratio": 58.32,
            "inventory_turnover_ratio": 1.45,
            "account_receivable_turnover_ratio": 1.13,
            "reinvestment_rate": null,
            "research_to_sale_ratio": 1.61,
            "price_fair": 82.13,
            "eps_avg_yearly": 2.35,
            "eps_latest_yearly": 2.96,
            "eps_growth_yearly": 143.99
        },
        "20143": {
            "year_quarter": 20143,
            "year": 2014,
            "quarter": 3,
            "eps": 0.23,
            "eps_growth_year": -50,
            "eps_4q": 1.86,
            "eps_4q_growth_year": 351.84,
            "roe": 1.39,
            "roe_4q": 12.34,
            "gross_profit": 54019,
            "gross_margin": 17.51,
            "gross_margin_4q_avg": 19.27,
            "net_income": 7160,
            "net_income_4q": null,
            "revenue": 308504,
            "revenue_4q": null,
            "common_shares": 284328,
            "book_valuer_per_share": 17.47,
            "book_valuer_per_share_4q_avg": 16.95,
            "equity": 527173,
            "current_ratio": 135.6,
            "debt_ratio": 58.18,
            "inventory_turnover_ratio": 1.45,
            "account_receivable_turnover_ratio": 1.09,
            "reinvestment_rate": null,
            "research_to_sale_ratio": 1.99,
            "price_fair": 69.65,
            "eps_avg_yearly": 1.99,
            "eps_latest_yearly": 0.92,
            "eps_growth_yearly": 39.08
        },
        "20144": {
            "year_quarter": 20144,
            "year": 2014,
            "quarter": 4,
            "eps": -0.52,
            "eps_growth_year": -274.77,
            "eps_4q": 1.07,
            "eps_4q_growth_year": 53.87,
            "roe": -2.81,
            "roe_4q": 7.45,
            "gross_profit": 30338,
            "gross_margin": 11.98,
            "gross_margin_4q_avg": 17.89,
            "net_income": -14735,
            "net_income_4q": null,
            "revenue": 253293,
            "revenue_4q": null,
            "common_shares": 284328,
            "book_valuer_per_share": 17.28,
            "book_valuer_per_share_4q_avg": 17.22,
            "equity": 522629,
            "current_ratio": 135.91,
            "debt_ratio": 57.12,
            "inventory_turnover_ratio": 1.3,
            "account_receivable_turnover_ratio": 1.01,
            "reinvestment_rate": null,
            "research_to_sale_ratio": 2.3,
            "price_fair": 69.65,
            "eps_avg_yearly": 1.99,
            "eps_latest_yearly": 0.92,
            "eps_growth_yearly": 39.08
        },
        "20151": {
            "year_quarter": 20151,
            "year": 2015,
            "quarter": 1,
            "eps": -0.55,
            "eps_growth_year": -176.39,
            "eps_4q": -0.14,
            "eps_4q_growth_year": -109.87,
            "roe": -3.07,
            "roe_4q": 0.009999999999999787,
            "gross_profit": 27488,
            "gross_margin": 12.44,
            "gross_margin_4q_avg": 16.24,
            "net_income": -15763,
            "net_income_4q": null,
            "revenue": 221040,
            "revenue_4q": null,
            "common_shares": 284328,
            "book_valuer_per_share": 16.61,
            "book_valuer_per_share_4q_avg": 17.12,
            "equity": 503433,
            "current_ratio": 121.66,
            "debt_ratio": 59.57,
            "inventory_turnover_ratio": 1.15,
            "account_receivable_turnover_ratio": 0.98,
            "reinvestment_rate": null,
            "research_to_sale_ratio": 3.33,
            "price_fair": 69.65,
            "eps_avg_yearly": 1.99,
            "eps_latest_yearly": 0.92,
            "eps_growth_yearly": 39.08
        },
        "20152": {
            "year_quarter": 20152,
            "year": 2015,
            "quarter": 2,
            "eps": -1.08,
            "eps_growth_year": -245.95,
            "eps_4q": -1.81,
            "eps_4q_growth_year": -189.9,
            "roe": -6.37,
            "roe_4q": -10.86,
            "gross_profit": 13642,
            "gross_margin": 6.88,
            "gross_margin_4q_avg": 12.2,
            "net_income": -30720,
            "net_income_4q": null,
            "revenue": 198408,
            "revenue_4q": null,
            "common_shares": 284328,
            "book_valuer_per_share": 15.14,
            "book_valuer_per_share_4q_avg": 16.63,
            "equity": 461441,
            "current_ratio": 111.84,
            "debt_ratio": 62.92,
            "inventory_turnover_ratio": 1.04,
            "account_receivable_turnover_ratio": 0.95,
            "reinvestment_rate": null,
            "research_to_sale_ratio": 6.89,
            "price_fair": 69.65,
            "eps_avg_yearly": 1.99,
            "eps_latest_yearly": 0.92,
            "eps_growth_yearly": 39.08
        },
        "20153": {
            "year_quarter": 20153,
            "year": 2015,
            "quarter": 3,
            "eps": -0.25,
            "eps_growth_year": -208.7,
            "eps_4q": -2.27,
            "eps_4q_growth_year": -222.04,
            "roe": -1.69,
            "roe_4q": -13.940000000000001,
            "gross_profit": 31470,
            "gross_margin": 16.53,
            "gross_margin_4q_avg": 11.96,
            "net_income": -7787,
            "net_income_4q": null,
            "revenue": 190396,
            "revenue_4q": null,
            "common_shares": 303662,
            "book_valuer_per_share": 14.1,
            "book_valuer_per_share_4q_avg": 15.78,
            "equity": 459500,
            "current_ratio": 107.96,
            "debt_ratio": 66.23,
            "inventory_turnover_ratio": 0.75,
            "account_receivable_turnover_ratio": 1.04,
            "reinvestment_rate": null,
            "research_to_sale_ratio": 5.96,
            "price_fair": 69.65,
            "eps_avg_yearly": 1.99,
            "eps_latest_yearly": 0.92,
            "eps_growth_yearly": 39.08
        },
        "20154": {
            "year_quarter": 20154,
            "year": 2015,
            "quarter": 4,
            "eps": -1,
            "eps_growth_year": null,
            "eps_4q": -2.79,
            "eps_4q_growth_year": -360.11,
            "roe": -7.68,
            "roe_4q": -18.81,
            "gross_profit": 29384,
            "gross_margin": 11.64,
            "gross_margin_4q_avg": 11.87,
            "net_income": -33751,
            "net_income_4q": null,
            "revenue": 252489,
            "revenue_4q": null,
            "common_shares": 303662,
            "book_valuer_per_share": 12.91,
            "book_valuer_per_share_4q_avg": 14.69,
            "equity": 419608,
            "current_ratio": 98.07,
            "debt_ratio": 66.32,
            "inventory_turnover_ratio": 1.11,
            "account_receivable_turnover_ratio": 1.46,
            "reinvestment_rate": null,
            "research_to_sale_ratio": 5.84,
            "price_fair": 69.65,
            "eps_avg_yearly": 1.99,
            "eps_latest_yearly": 0.92,
            "eps_growth_yearly": 39.08
        },
        "20161": {
            "year_quarter": 20161,
            "year": 2016,
            "quarter": 1,
            "eps": -0.21,
            "eps_growth_year": null,
            "eps_4q": -2.48,
            "eps_4q_growth_year": null,
            "roe": -1.44,
            "roe_4q": -17.18,
            "gross_profit": 40691,
            "gross_margin": 18.71,
            "gross_margin_4q_avg": 13.44,
            "net_income": -5975,
            "net_income_4q": null,
            "revenue": 217430,
            "revenue_4q": null,
            "common_shares": 303662,
            "book_valuer_per_share": 12.56,
            "book_valuer_per_share_4q_avg": 13.68,
            "equity": 409039,
            "current_ratio": 97.38,
            "debt_ratio": 68.7,
            "inventory_turnover_ratio": 1.01,
            "account_receivable_turnover_ratio": 1.22,
            "reinvestment_rate": null,
            "research_to_sale_ratio": 5.8,
            "price_fair": 69.65,
            "eps_avg_yearly": 1.99,
            "eps_latest_yearly": 0.92,
            "eps_growth_yearly": 39.08
        },
        "20162": {
            "year_quarter": 20162,
            "year": 2016,
            "quarter": 2,
            "eps": 0.57,
            "eps_growth_year": null,
            "eps_4q": -0.89,
            "eps_4q_growth_year": null,
            "roe": 4.44,
            "roe_4q": -6.369999999999999,
            "gross_profit": 46532,
            "gross_margin": 18.44,
            "gross_margin_4q_avg": 16.33,
            "net_income": 18485,
            "net_income_4q": null,
            "revenue": 252341,
            "revenue_4q": null,
            "common_shares": 303662,
            "book_valuer_per_share": 12.98,
            "book_valuer_per_share_4q_avg": 13.14,
            "equity": 422726,
            "current_ratio": 97.77,
            "debt_ratio": 69.03,
            "inventory_turnover_ratio": 1.14,
            "account_receivable_turnover_ratio": 1.25,
            "reinvestment_rate": null,
            "research_to_sale_ratio": 5.99,
            "price_fair": 69.65,
            "eps_avg_yearly": 1.99,
            "eps_latest_yearly": 0.92,
            "eps_growth_yearly": 39.08
        },
        "20163": {
            "year_quarter": 20163,
            "year": 2016,
            "quarter": 3,
            "eps": -0.77,
            "eps_growth_year": null,
            "eps_4q": -1.41,
            "eps_4q_growth_year": null,
            "roe": -5.44,
            "roe_4q": -10.12,
            "gross_profit": 35219,
            "gross_margin": 15.15,
            "gross_margin_4q_avg": 15.99,
            "net_income": -22096,
            "net_income_4q": null,
            "revenue": 232534,
            "revenue_4q": null,
            "common_shares": 303662,
            "book_valuer_per_share": 11.91,
            "book_valuer_per_share_4q_avg": 12.59,
            "equity": 389140,
            "current_ratio": 92.53,
            "debt_ratio": 71.98,
            "inventory_turnover_ratio": 1.05,
            "account_receivable_turnover_ratio": 1.05,
            "reinvestment_rate": null,
            "research_to_sale_ratio": 7.5,
            "price_fair": 69.65,
            "eps_avg_yearly": 1.99,
            "eps_latest_yearly": 0.92,
            "eps_growth_yearly": 39.08
        },
        "20164": {
            "year_quarter": 20164,
            "year": 2016,
            "quarter": 4,
            "eps": -0.47,
            "eps_growth_year": null,
            "eps_4q": -0.81,
            "eps_4q_growth_year": null,
            "roe": -3.7,
            "roe_4q": -6.140000000000001,
            "gross_profit": 51256,
            "gross_margin": 16.85,
            "gross_margin_4q_avg": 17.29,
            "net_income": -15679,
            "net_income_4q": null,
            "revenue": 304213,
            "revenue_4q": null,
            "common_shares": 368662,
            "book_valuer_per_share": 11.64,
            "book_valuer_per_share_4q_avg": 12.27,
            "equity": 458071,
            "current_ratio": 99.93,
            "debt_ratio": 65.89,
            "inventory_turnover_ratio": 1.35,
            "account_receivable_turnover_ratio": 1.31,
            "reinvestment_rate": null,
            "research_to_sale_ratio": 4.49,
            "price_fair": 69.65,
            "eps_avg_yearly": 1.99,
            "eps_latest_yearly": 0.92,
            "eps_growth_yearly": 39.08
        },
        "20171": {
            "year_quarter": 20171,
            "year": 2017,
            "quarter": 1,
            "eps": -0.92,
            "eps_growth_year": null,
            "eps_4q": -1.55,
            "eps_4q_growth_year": null,
            "roe": -7.51,
            "roe_4q": -12.21,
            "gross_profit": 19486,
            "gross_margin": 8.18,
            "gross_margin_4q_avg": 14.66,
            "net_income": -32587,
            "net_income_4q": null,
            "revenue": 238122,
            "revenue_4q": null,
            "common_shares": 368662,
            "book_valuer_per_share": 10.33,
            "book_valuer_per_share_4q_avg": 11.72,
            "equity": 409464,
            "current_ratio": 89.45,
            "debt_ratio": 69.61,
            "inventory_turnover_ratio": 1.26,
            "account_receivable_turnover_ratio": 1.08,
            "reinvestment_rate": null,
            "research_to_sale_ratio": 5.02,
            "price_fair": 69.65,
            "eps_avg_yearly": 1.99,
            "eps_latest_yearly": 0.92,
            "eps_growth_yearly": 39.08
        },
        "20172": {
            "year_quarter": 20172,
            "year": 2017,
            "quarter": 2,
            "eps": -0.61,
            "eps_growth_year": -207.02,
            "eps_4q": -2.64,
            "eps_4q_growth_year": null,
            "roe": -5.33,
            "roe_4q": -21.98,
            "gross_profit": 44451,
            "gross_margin": 14.29,
            "gross_margin_4q_avg": 13.62,
            "net_income": -21442,
            "net_income_4q": null,
            "revenue": 311121,
            "revenue_4q": null,
            "common_shares": 368662,
            "book_valuer_per_share": 9.88,
            "book_valuer_per_share_4q_avg": 10.94,
            "equity": 394806,
            "current_ratio": 85.78,
            "debt_ratio": 71.57,
            "inventory_turnover_ratio": 1.58,
            "account_receivable_turnover_ratio": 1.32,
            "reinvestment_rate": null,
            "research_to_sale_ratio": 4.59,
            "price_fair": 69.65,
            "eps_avg_yearly": 1.99,
            "eps_latest_yearly": 0.92,
            "eps_growth_yearly": 39.08
        },
        "20173": {
            "year_quarter": 20173,
            "year": 2017,
            "quarter": 3,
            "eps": 0.13,
            "eps_growth_year": null,
            "eps_4q": -1.87,
            "eps_4q_growth_year": null,
            "roe": 1.42,
            "roe_4q": -15.120000000000001,
            "gross_profit": 62265,
            "gross_margin": 18.56,
            "gross_margin_4q_avg": 14.47,
            "net_income": 5682,
            "net_income_4q": null,
            "revenue": 335442,
            "revenue_4q": null,
            "common_shares": 368662,
            "book_valuer_per_share": 10.14,
            "book_valuer_per_share_4q_avg": 10.5,
            "equity": 405801,
            "current_ratio": 86.52,
            "debt_ratio": 70.85,
            "inventory_turnover_ratio": 1.61,
            "account_receivable_turnover_ratio": 1.21,
            "reinvestment_rate": null,
            "research_to_sale_ratio": 1.2,
            "price_fair": 69.65,
            "eps_avg_yearly": 1.99,
            "eps_latest_yearly": 0.92,
            "eps_growth_yearly": 39.08
        },
        "20174": {
            "year_quarter": 20174,
            "year": 2017,
            "quarter": 4,
            "eps": 0,
            "eps_growth_year": null,
            "eps_4q": -1.15,
            "eps_4q_growth_year": null,
            "roe": 0.38,
            "roe_4q": -11.04,
            "gross_profit": 68411,
            "gross_margin": 18.26,
            "gross_margin_4q_avg": 14.82,
            "net_income": 1717,
            "net_income_4q": null,
            "revenue": 374647,
            "revenue_4q": null,
            "common_shares": 448662,
            "book_valuer_per_share": 10.4,
            "book_valuer_per_share_4q_avg": 10.19,
            "equity": 497484,
            "current_ratio": 101.24,
            "debt_ratio": 64.11,
            "inventory_turnover_ratio": 1.86,
            "account_receivable_turnover_ratio": 1.24,
            "reinvestment_rate": null,
            "research_to_sale_ratio": 2.68,
            "price_fair": 78.87,
            "eps_avg_yearly": 2.25,
            "eps_latest_yearly": 0.92,
            "eps_growth_yearly": 98.48
        },
        "20181": {
            "year_quarter": 20181,
            "year": 2018,
            "quarter": 1,
            "eps": 0.1,
            "eps_growth_year": null,
            "eps_4q": -0.29,
            "eps_4q_growth_year": null,
            "roe": 1.05,
            "roe_4q": -2.48,
            "gross_profit": 54169,
            "gross_margin": 15.84,
            "gross_margin_4q_avg": 16.74,
            "net_income": 5314,
            "net_income_4q": null,
            "revenue": 342077,
            "revenue_4q": null,
            "common_shares": 448662,
            "book_valuer_per_share": 10.63,
            "book_valuer_per_share_4q_avg": 10.26,
            "equity": 511589,
            "current_ratio": 103.15,
            "debt_ratio": 64.09,
            "inventory_turnover_ratio": 1.78,
            "account_receivable_turnover_ratio": 1.1,
            "reinvestment_rate": null,
            "research_to_sale_ratio": 2.63,
            "price_fair": 5.82,
            "eps_avg_yearly": 1.94,
            "eps_latest_yearly": 0.92,
            "eps_growth_yearly": -132.28
        },
        "20182": {
            "year_quarter": 20182,
            "year": 2018,
            "quarter": 2,
            "eps": 0.48,
            "eps_growth_year": null,
            "eps_4q": 0.69,
            "eps_4q_growth_year": null,
            "roe": 4.55,
            "roe_4q": 7.3999999999999995,
            "gross_profit": 71097,
            "gross_margin": 18.98,
            "gross_margin_4q_avg": 17.91,
            "net_income": 23774,
            "net_income_4q": null,
            "revenue": 374539,
            "revenue_4q": null,
            "common_shares": 451382,
            "book_valuer_per_share": 11.07,
            "book_valuer_per_share_4q_avg": 10.56,
            "equity": 533883,
            "current_ratio": 109.86,
            "debt_ratio": 62.84,
            "inventory_turnover_ratio": 1.9,
            "account_receivable_turnover_ratio": 1.16,
            "reinvestment_rate": null,
            "research_to_sale_ratio": 2.59,
            "price_fair": 49.7,
            "eps_avg_yearly": 1.42,
            "eps_latest_yearly": 1.92,
            "eps_growth_yearly": 622.16
        },
        "20183": {
            "year_quarter": 20183,
            "year": 2018,
            "quarter": 3,
            "eps": 0.44,
            "eps_growth_year": 238.46,
            "eps_4q": 1.03,
            "eps_4q_growth_year": null,
            "roe": 3.87,
            "roe_4q": 9.850000000000001,
            "gross_profit": 74559,
            "gross_margin": 21.05,
            "gross_margin_4q_avg": 18.53,
            "net_income": 20846,
            "net_income_4q": null,
            "revenue": 354212,
            "revenue_4q": null,
            "common_shares": 451382,
            "book_valuer_per_share": 11.29,
            "book_valuer_per_share_4q_avg": 10.85,
            "equity": 543159,
            "current_ratio": 114.14,
            "debt_ratio": 60.99,
            "inventory_turnover_ratio": 1.7,
            "account_receivable_turnover_ratio": 1.04,
            "reinvestment_rate": null,
            "research_to_sale_ratio": 1.92,
            "price_fair": 64.4,
            "eps_avg_yearly": 1.84,
            "eps_latest_yearly": 1.76,
            "eps_growth_yearly": 743.33
        },
        "20184": {
            "year_quarter": 20184,
            "year": 2018,
            "quarter": 4,
            "eps": 0.39,
            "eps_growth_year": 9992.64,
            "eps_4q": 1.42,
            "eps_4q_growth_year": null,
            "roe": 3.42,
            "roe_4q": 12.89,
            "gross_profit": 71977,
            "gross_margin": 21.11,
            "gross_margin_4q_avg": 19.25,
            "net_income": 19048,
            "net_income_4q": null,
            "revenue": 340960,
            "revenue_4q": null,
            "common_shares": 451382,
            "book_valuer_per_share": 11.75,
            "book_valuer_per_share_4q_avg": 11.19,
            "equity": 569353,
            "current_ratio": 118.04,
            "debt_ratio": 59.98,
            "inventory_turnover_ratio": 1.44,
            "account_receivable_turnover_ratio": 1.03,
            "reinvestment_rate": null,
            "research_to_sale_ratio": 1.19,
            "price_fair": 61.13,
            "eps_avg_yearly": 1.75,
            "eps_latest_yearly": 1.56,
            "eps_growth_yearly": 480.4
        },
        "20191": {
            "year_quarter": 20191,
            "year": 2019,
            "quarter": 1,
            "eps": -0.2,
            "eps_growth_year": -300,
            "eps_4q": 1.12,
            "eps_4q_growth_year": null,
            "roe": -1.41,
            "roe_4q": 10.43,
            "gross_profit": 29050,
            "gross_margin": 12.01,
            "gross_margin_4q_avg": 18.29,
            "net_income": -8032,
            "net_income_4q": null,
            "revenue": 241905,
            "revenue_4q": null,
            "common_shares": 451382,
            "book_valuer_per_share": 11.7,
            "book_valuer_per_share_4q_avg": 11.45,
            "equity": 568689,
            "current_ratio": 113.44,
            "debt_ratio": 58.9,
            "inventory_turnover_ratio": 1.02,
            "account_receivable_turnover_ratio": 0.82,
            "reinvestment_rate": null,
            "research_to_sale_ratio": 2.16,
            "price_fair": 61.13,
            "eps_avg_yearly": 1.75,
            "eps_latest_yearly": 1.56,
            "eps_growth_yearly": 480.4
        },
        "20192": {
            "year_quarter": 20192,
            "year": 2019,
            "quarter": 2,
            "eps": 0.08,
            "eps_growth_year": -83.33,
            "eps_4q": 0.72,
            "eps_4q_growth_year": 4.51,
            "roe": 0.74,
            "roe_4q": 6.62,
            "gross_profit": 47605,
            "gross_margin": 19.57,
            "gross_margin_4q_avg": 18.44,
            "net_income": 4311,
            "net_income_4q": null,
            "revenue": 243251,
            "revenue_4q": null,
            "common_shares": 451382,
            "book_valuer_per_share": 11.55,
            "book_valuer_per_share_4q_avg": 11.57,
            "equity": 597809,
            "current_ratio": 93.16,
            "debt_ratio": 62.28,
            "inventory_turnover_ratio": 0.83,
            "account_receivable_turnover_ratio": 0.96,
            "reinvestment_rate": null,
            "research_to_sale_ratio": 1.64,
            "price_fair": 61.13,
            "eps_avg_yearly": 1.75,
            "eps_latest_yearly": 1.56,
            "eps_growth_yearly": 480.4
        },
        "20193": {
            "year_quarter": 20193,
            "year": 2019,
            "quarter": 3,
            "eps": -0.58,
            "eps_growth_year": -231.82,
            "eps_4q": -0.3,
            "eps_4q_growth_year": -129.37,
            "roe": -4.83,
            "roe_4q": -2.08,
            "gross_profit": 33747,
            "gross_margin": 15.86,
            "gross_margin_4q_avg": 17.14,
            "net_income": -28337,
            "net_income_4q": null,
            "revenue": 212789,
            "revenue_4q": null,
            "common_shares": 451382,
            "book_valuer_per_share": 10.89,
            "book_valuer_per_share_4q_avg": 11.47,
            "equity": 575487,
            "current_ratio": 86.58,
            "debt_ratio": 62.1,
            "inventory_turnover_ratio": 0.73,
            "account_receivable_turnover_ratio": 0.98,
            "reinvestment_rate": null,
            "research_to_sale_ratio": 1.5,
            "price_fair": 61.13,
            "eps_avg_yearly": 1.75,
            "eps_latest_yearly": 1.56,
            "eps_growth_yearly": 480.4
        },
        "20194": {
            "year_quarter": 20194,
            "year": 2019,
            "quarter": 4,
            "eps": -0.56,
            "eps_growth_year": -241.35,
            "eps_4q": -1.25,
            "eps_4q_growth_year": -188.29,
            "roe": -4.89,
            "roe_4q": -10.389999999999999,
            "gross_profit": 22818,
            "gross_margin": 12.27,
            "gross_margin_4q_avg": 14.93,
            "net_income": -27296,
            "net_income_4q": null,
            "revenue": 185963,
            "revenue_4q": null,
            "common_shares": 451382,
            "book_valuer_per_share": 10.2,
            "book_valuer_per_share_4q_avg": 11.09,
            "equity": 541622,
            "current_ratio": 85.57,
            "debt_ratio": 63.71,
            "inventory_turnover_ratio": 0.75,
            "account_receivable_turnover_ratio": 1.02,
            "reinvestment_rate": null,
            "research_to_sale_ratio": 1.67,
            "price_fair": 61.13,
            "eps_avg_yearly": 1.75,
            "eps_latest_yearly": 1.56,
            "eps_growth_yearly": 480.4
        },
        "20201": {
            "year_quarter": 20201,
            "year": 2020,
            "quarter": 1,
            "eps": -0.46,
            "eps_growth_year": null,
            "eps_4q": -1.52,
            "eps_4q_growth_year": -235.92,
            "roe": -3.92,
            "roe_4q": -12.899999999999999,
            "gross_profit": 18000,
            "gross_margin": 11.08,
            "gross_margin_4q_avg": 14.7,
            "net_income": -21077,
            "net_income_4q": null,
            "revenue": 162520,
            "revenue_4q": null,
            "common_shares": 451382,
            "book_valuer_per_share": 10.01,
            "book_valuer_per_share_4q_avg": 10.66,
            "equity": 532819,
            "current_ratio": 79.8,
            "debt_ratio": 64.35,
            "inventory_turnover_ratio": 0.75,
            "account_receivable_turnover_ratio": 1.03,
            "reinvestment_rate": null,
            "research_to_sale_ratio": 2.94,
            "price_fair": 61.13,
            "eps_avg_yearly": 1.75,
            "eps_latest_yearly": 1.56,
            "eps_growth_yearly": 480.4
        },
        "20202": {
            "year_quarter": 20202,
            "year": 2020,
            "quarter": 2,
            "eps": -0.26,
            "eps_growth_year": -425,
            "eps_4q": -1.86,
            "eps_4q_growth_year": -358.24,
            "roe": -2.41,
            "roe_4q": -16.049999999999997,
            "gross_profit": 19115,
            "gross_margin": 10.57,
            "gross_margin_4q_avg": 12.45,
            "net_income": -12438,
            "net_income_4q": null,
            "revenue": 180886,
            "revenue_4q": null,
            "common_shares": 451382,
            "book_valuer_per_share": 9.34,
            "book_valuer_per_share_4q_avg": 10.11,
            "equity": 501319,
            "current_ratio": 81.07,
            "debt_ratio": 64.97,
            "inventory_turnover_ratio": 0.94,
            "account_receivable_turnover_ratio": 1.13,
            "reinvestment_rate": null,
            "research_to_sale_ratio": 4.04,
            "price_fair": 61.13,
            "eps_avg_yearly": 1.75,
            "eps_latest_yearly": 1.56,
            "eps_growth_yearly": 480.4
        },
        "20203": {
            "year_quarter": 20203,
            "year": 2020,
            "quarter": 3,
            "eps": -0.14,
            "eps_growth_year": null,
            "eps_4q": -1.42,
            "eps_4q_growth_year": null,
            "roe": -1.38,
            "roe_4q": -12.6,
            "gross_profit": 23593,
            "gross_margin": 13.84,
            "gross_margin_4q_avg": 11.94,
            "net_income": -6906,
            "net_income_4q": null,
            "revenue": 170486,
            "revenue_4q": null,
            "common_shares": 451382,
            "book_valuer_per_share": 9.34,
            "book_valuer_per_share_4q_avg": 9.72,
            "equity": 501105,
            "current_ratio": 83.62,
            "debt_ratio": 65.9,
            "inventory_turnover_ratio": 0.94,
            "account_receivable_turnover_ratio": 0.99,
            "reinvestment_rate": null,
            "research_to_sale_ratio": 2.84,
            "price_fair": 61.13,
            "eps_avg_yearly": 1.75,
            "eps_latest_yearly": 1.56,
            "eps_growth_yearly": 480.4
        },
        "20204": {
            "year_quarter": 20204,
            "year": 2020,
            "quarter": 4,
            "eps": -0.02,
            "eps_growth_year": null,
            "eps_4q": -0.88,
            "eps_4q_growth_year": null,
            "roe": -0.33,
            "roe_4q": -8.04,
            "gross_profit": 39135,
            "gross_margin": 18.9,
            "gross_margin_4q_avg": 13.6,
            "net_income": -1663,
            "net_income_4q": null,
            "revenue": 207054,
            "revenue_4q": null,
            "common_shares": 451382,
            "book_valuer_per_share": 9.44,
            "book_valuer_per_share_4q_avg": 9.53,
            "equity": 505987,
            "current_ratio": 82.04,
            "debt_ratio": 66.2,
            "inventory_turnover_ratio": 1.1,
            "account_receivable_turnover_ratio": 1.14,
            "reinvestment_rate": null,
            "research_to_sale_ratio": 4.08,
            "price_fair": 61.13,
            "eps_avg_yearly": 1.75,
            "eps_latest_yearly": 1.56,
            "eps_growth_yearly": 480.4
        },
        "20211": {
            "year_quarter": 20211,
            "year": 2021,
            "quarter": 1,
            "eps": 0.04,
            "eps_growth_year": null,
            "eps_4q": -0.38,
            "eps_4q_growth_year": null,
            "roe": 0.5,
            "roe_4q": -3.62,
            "gross_profit": 51034,
            "gross_margin": 21.31,
            "gross_margin_4q_avg": 16.16,
            "net_income": 2518,
            "net_income_4q": null,
            "revenue": 239465,
            "revenue_4q": null,
            "common_shares": 451382,
            "book_valuer_per_share": 9.47,
            "book_valuer_per_share_4q_avg": 9.4,
            "equity": 507709,
            "current_ratio": 102.86,
            "debt_ratio": 67.5,
            "inventory_turnover_ratio": 1.28,
            "account_receivable_turnover_ratio": 1.19,
            "reinvestment_rate": null,
            "research_to_sale_ratio": 4.7,
            "price_fair": 61.13,
            "eps_avg_yearly": 1.75,
            "eps_latest_yearly": 1.56,
            "eps_growth_yearly": 480.4
        },
        "20212": {
            "year_quarter": 20212,
            "year": 2021,
            "quarter": 2,
            "eps": 0.01,
            "eps_growth_year": null,
            "eps_4q": -0.11,
            "eps_4q_growth_year": null,
            "roe": -0.03,
            "roe_4q": -1.24,
            "gross_profit": 37152,
            "gross_margin": 15.75,
            "gross_margin_4q_avg": 17.45,
            "net_income": -137,
            "net_income_4q": null,
            "revenue": 235948,
            "revenue_4q": null,
            "common_shares": 451382,
            "book_valuer_per_share": 9.41,
            "book_valuer_per_share_4q_avg": 9.42,
            "equity": 524531,
            "current_ratio": 99.18,
            "debt_ratio": 69.1,
            "inventory_turnover_ratio": 1.31,
            "account_receivable_turnover_ratio": 1.06,
            "reinvestment_rate": null,
            "research_to_sale_ratio": 3.64,
            "price_fair": 46.2,
            "eps_avg_yearly": 1.32,
            "eps_latest_yearly": 0.04,
            "eps_growth_yearly": 285.3
        },
        "20213": {
            "year_quarter": 20213,
            "year": 2021,
            "quarter": 3,
            "eps": -0.01,
            "eps_growth_year": null,
            "eps_4q": 0.02,
            "eps_4q_growth_year": null,
            "roe": -0.02,
            "roe_4q": 0.12,
            "gross_profit": 35978,
            "gross_margin": 14.58,
            "gross_margin_4q_avg": 17.64,
            "net_income": -125,
            "net_income_4q": null,
            "revenue": 246758,
            "revenue_4q": null,
            "common_shares": 451382,
            "book_valuer_per_share": 9.37,
            "book_valuer_per_share_4q_avg": 9.42,
            "equity": 523096,
            "current_ratio": 92.15,
            "debt_ratio": 70.42,
            "inventory_turnover_ratio": 1.22,
            "account_receivable_turnover_ratio": 1.05,
            "reinvestment_rate": null,
            "research_to_sale_ratio": 2.68,
            "price_fair": 46.2,
            "eps_avg_yearly": 1.32,
            "eps_latest_yearly": 0.04,
            "eps_growth_yearly": 285.3
        },
        "20214": {
            "year_quarter": 20214,
            "year": 2021,
            "quarter": 4,
            "eps": -0.28,
            "eps_growth_year": null,
            "eps_4q": -0.24,
            "eps_4q_growth_year": null,
            "roe": -3.21,
            "roe_4q": -2.76,
            "gross_profit": 34404,
            "gross_margin": 13.07,
            "gross_margin_4q_avg": 16.18,
            "net_income": -16561,
            "net_income_4q": null,
            "revenue": 263294,
            "revenue_4q": null,
            "common_shares": 451382,
            "book_valuer_per_share": 9.11,
            "book_valuer_per_share_4q_avg": 9.34,
            "equity": 507753,
            "current_ratio": 87.22,
            "debt_ratio": 72.36,
            "inventory_turnover_ratio": 1.16,
            "account_receivable_turnover_ratio": 1.08,
            "reinvestment_rate": null,
            "research_to_sale_ratio": 6.32,
            "price_fair": 46.2,
            "eps_avg_yearly": 1.32,
            "eps_latest_yearly": 0.04,
            "eps_growth_yearly": 285.3
        },
        "20221": {
            "year_quarter": 20221,
            "year": 2022,
            "quarter": 1,
            "eps": -0.21,
            "eps_growth_year": -625,
            "eps_4q": -0.5,
            "eps_4q_growth_year": null,
            "roe": -2.65,
            "roe_4q": -5.909999999999999,
            "gross_profit": 31653,
            "gross_margin": 11.7,
            "gross_margin_4q_avg": 13.78,
            "net_income": -13421,
            "net_income_4q": null,
            "revenue": 270639,
            "revenue_4q": null,
            "common_shares": 451382,
            "book_valuer_per_share": 9.11,
            "book_valuer_per_share_4q_avg": 9.25,
            "equity": 505625,
            "current_ratio": 80.86,
            "debt_ratio": 73,
            "inventory_turnover_ratio": 1.07,
            "account_receivable_turnover_ratio": 1.09,
            "reinvestment_rate": null,
            "research_to_sale_ratio": 2.78,
            "price_fair": 46.2,
            "eps_avg_yearly": 1.32,
            "eps_latest_yearly": 0.04,
            "eps_growth_yearly": 285.3
        },
        "20222": {
            "year_quarter": 20222,
            "year": 2022,
            "quarter": 2,
            "eps": -0.06,
            "eps_growth_year": -700,
            "eps_4q": -0.56,
            "eps_4q_growth_year": null,
            "roe": -1.44,
            "roe_4q": -7.319999999999999,
            "gross_profit": 32409,
            "gross_margin": 10.67,
            "gross_margin_4q_avg": 12.51,
            "net_income": -7164,
            "net_income_4q": null,
            "revenue": 303789,
            "revenue_4q": null,
            "common_shares": 451382,
            "book_valuer_per_share": 8.93,
            "book_valuer_per_share_4q_avg": 9.13,
            "equity": 492319,
            "current_ratio": 87.08,
            "debt_ratio": 75.07,
            "inventory_turnover_ratio": 1.17,
            "account_receivable_turnover_ratio": 1.15,
            "reinvestment_rate": null,
            "research_to_sale_ratio": 2.31,
            "price_fair": 3.36,
            "eps_avg_yearly": 1.12,
            "eps_latest_yearly": 0.04,
            "eps_growth_yearly": -126.26
        },
        "20223": {
            "year_quarter": 20223,
            "year": 2022,
            "quarter": 3,
            "eps": -0.22,
            "eps_growth_year": null,
            "eps_4q": -0.77,
            "eps_4q_growth_year": -4739.33,
            "roe": -3.22,
            "roe_4q": -10.52,
            "gross_profit": 33349,
            "gross_margin": 10.7,
            "gross_margin_4q_avg": 11.54,
            "net_income": -15624,
            "net_income_4q": null,
            "revenue": 311802,
            "revenue_4q": null,
            "common_shares": 451382,
            "book_valuer_per_share": 8.74,
            "book_valuer_per_share_4q_avg": 8.97,
            "equity": 478980,
            "current_ratio": 82.94,
            "debt_ratio": 75.72,
            "inventory_turnover_ratio": 1.24,
            "account_receivable_turnover_ratio": 1.16,
            "reinvestment_rate": null,
            "research_to_sale_ratio": 3.05,
            "price_fair": 2.4,
            "eps_avg_yearly": 0.8,
            "eps_latest_yearly": 0.04,
            "eps_growth_yearly": -172.73
        },
        "20224": {
            "year_quarter": 20224,
            "year": 2022,
            "quarter": 4,
            "eps": -0.12,
            "eps_growth_year": null,
            "eps_4q": -0.62,
            "eps_4q_growth_year": null,
            "roe": -1.98,
            "roe_4q": -9.290000000000001,
            "gross_profit": 46125,
            "gross_margin": 13.11,
            "gross_margin_4q_avg": 11.55,
            "net_income": -9376,
            "net_income_4q": null,
            "revenue": 351941,
            "revenue_4q": null,
            "common_shares": 451382,
            "book_valuer_per_share": 8.61,
            "book_valuer_per_share_4q_avg": 8.85,
            "equity": 468457,
            "current_ratio": 80.52,
            "debt_ratio": 76.39,
            "inventory_turnover_ratio": 1.43,
            "account_receivable_turnover_ratio": 1.21,
            "reinvestment_rate": null,
            "research_to_sale_ratio": 4.71,
            "price_fair": 0.12,
            "eps_avg_yearly": 0.04,
            "eps_latest_yearly": 0.04,
            "eps_growth_yearly": -300
        },
        "20231": {
            "year_quarter": 20231,
            "year": 2023,
            "quarter": 1,
            "eps": 0.01,
            "eps_growth_year": null,
            "eps_4q": -0.39,
            "eps_4q_growth_year": null,
            "roe": -0.99,
            "roe_4q": -7.629999999999999,
            "gross_profit": 35527,
            "gross_margin": 12,
            "gross_margin_4q_avg": 11.62,
            "net_income": -4604,
            "net_income_4q": null,
            "revenue": 296078,
            "revenue_4q": null,
            "common_shares": 451382,
            "book_valuer_per_share": 8.65,
            "book_valuer_per_share_4q_avg": 8.73,
            "equity": 465344,
            "current_ratio": 77.44,
            "debt_ratio": 75.61,
            "inventory_turnover_ratio": 1.23,
            "account_receivable_turnover_ratio": 1.02,
            "reinvestment_rate": null,
            "research_to_sale_ratio": 1.32,
            "price_fair": 0.12,
            "eps_avg_yearly": 0.04,
            "eps_latest_yearly": 0.04,
            "eps_growth_yearly": -300
        },
        "20232": {
            "year_quarter": 20232,
            "year": 2023,
            "quarter": 2,
            "eps": 0.01,
            "eps_growth_year": null,
            "eps_4q": -0.32,
            "eps_4q_growth_year": null,
            "roe": -0.5,
            "roe_4q": -6.6899999999999995,
            "gross_profit": 51587,
            "gross_margin": 15.52,
            "gross_margin_4q_avg": 12.83,
            "net_income": -2283,
            "net_income_4q": null,
            "revenue": 332422,
            "revenue_4q": null,
            "common_shares": 451382,
            "book_valuer_per_share": 8.52,
            "book_valuer_per_share_4q_avg": 8.63,
            "equity": 454664,
            "current_ratio": 80.44,
            "debt_ratio": 76.94,
            "inventory_turnover_ratio": 1.3,
            "account_receivable_turnover_ratio": 1.25,
            "reinvestment_rate": null,
            "research_to_sale_ratio": 1.91,
            "price_fair": 0.12,
            "eps_avg_yearly": 0.04,
            "eps_latest_yearly": 0.04,
            "eps_growth_yearly": -150
        },
        "20233": {
            "year_quarter": 20233,
            "year": 2023,
            "quarter": 3,
            "eps": 0,
            "eps_growth_year": null,
            "eps_4q": -0.1,
            "eps_4q_growth_year": null,
            "roe": -0.92,
            "roe_4q": -4.390000000000001,
            "gross_profit": 41664,
            "gross_margin": 14.28,
            "gross_margin_4q_avg": 13.73,
            "net_income": -4225,
            "net_income_4q": null,
            "revenue": 291801,
            "revenue_4q": null,
            "common_shares": 451382,
            "book_valuer_per_share": 8.73,
            "book_valuer_per_share_4q_avg": 8.63,
            "equity": 461268,
            "current_ratio": 76.13,
            "debt_ratio": 76.42,
            "inventory_turnover_ratio": 1.19,
            "account_receivable_turnover_ratio": 1.1,
            "reinvestment_rate": null,
            "research_to_sale_ratio": 1.86,
            "price_fair": 0.12,
            "eps_avg_yearly": 0.04,
            "eps_latest_yearly": 0.04,
            "eps_growth_yearly": -150
        }
    },
    "months": {
        "2012-11": {
            "month": "2012-11",
            "price": "24.80",
            "revenue": 36849
        },
        "2012-12": {
            "month": "2012-12",
            "price": "23.46",
            "revenue": 36840
        },
        "2013-01": {
            "month": "2013-01",
            "price": "22.78",
            "revenue": 83707
        },
        "2013-02": {
            "month": "2013-02",
            "price": "23.83",
            "revenue": 75762
        },
        "2013-03": {
            "month": "2013-03",
            "price": "26.22",
            "revenue": 77086
        },
        "2013-04": {
            "month": "2013-04",
            "price": "24.68",
            "revenue": 70954
        },
        "2013-05": {
            "month": "2013-05",
            "price": "22.45",
            "revenue": 75445
        },
        "2013-06": {
            "month": "2013-06",
            "price": "21.81",
            "revenue": 81175
        },
        "2013-07": {
            "month": "2013-07",
            "price": "20.67",
            "revenue": 91530
        },
        "2013-08": {
            "month": "2013-08",
            "price": "17.37",
            "revenue": 84838
        },
        "2013-09": {
            "month": "2013-09",
            "price": "17.12",
            "revenue": 84977
        },
        "2013-10": {
            "month": "2013-10",
            "price": "18.06",
            "revenue": 107345
        },
        "2013-11": {
            "month": "2013-11",
            "price": "19.97",
            "revenue": 95250
        },
        "2013-12": {
            "month": "2013-12",
            "price": "22.65",
            "revenue": 110478
        },
        "2014-01": {
            "month": "2014-01",
            "price": "26.34",
            "revenue": 106675
        },
        "2014-02": {
            "month": "2014-02",
            "price": "26.60",
            "revenue": 72590
        },
        "2014-03": {
            "month": "2014-03",
            "price": "27.62",
            "revenue": 105519
        },
        "2014-04": {
            "month": "2014-04",
            "price": "30.58",
            "revenue": 118575
        },
        "2014-05": {
            "month": "2014-05",
            "price": "33.26",
            "revenue": 104547
        },
        "2014-06": {
            "month": "2014-06",
            "price": "33.63",
            "revenue": 97086
        },
        "2014-07": {
            "month": "2014-07",
            "price": "31.74",
            "revenue": 113001
        },
        "2014-08": {
            "month": "2014-08",
            "price": "33.59",
            "revenue": 87259
        },
        "2014-09": {
            "month": "2014-09",
            "price": "35.01",
            "revenue": 102215
        },
        "2014-10": {
            "month": "2014-10",
            "price": "33.99",
            "revenue": 82984
        },
        "2014-11": {
            "month": "2014-11",
            "price": "29.25",
            "revenue": 80198
        },
        "2014-12": {
            "month": "2014-12",
            "price": "25.48",
            "revenue": 91805
        },
        "2015-01": {
            "month": "2015-01",
            "price": "25.90",
            "revenue": 78152
        },
        "2015-02": {
            "month": "2015-02",
            "price": "25.13",
            "revenue": 63807
        },
        "2015-03": {
            "month": "2015-03",
            "price": "23.34",
            "revenue": 81242
        },
        "2015-04": {
            "month": "2015-04",
            "price": "21.80",
            "revenue": 71532
        },
        "2015-05": {
            "month": "2015-05",
            "price": "19.16",
            "revenue": 69328
        },
        "2015-06": {
            "month": "2015-06",
            "price": "18.04",
            "revenue": 56165
        },
        "2015-07": {
            "month": "2015-07",
            "price": "18.32",
            "revenue": 60192
        },
        "2015-08": {
            "month": "2015-08",
            "price": "16.03",
            "revenue": 55190
        },
        "2015-09": {
            "month": "2015-09",
            "price": "14.02",
            "revenue": 74894
        },
        "2015-10": {
            "month": "2015-10",
            "price": "14.54",
            "revenue": 66302
        },
        "2015-11": {
            "month": "2015-11",
            "price": "14.60",
            "revenue": 69958
        },
        "2015-12": {
            "month": "2015-12",
            "price": "14.12",
            "revenue": 116240
        },
        "2016-01": {
            "month": "2016-01",
            "price": "13.93",
            "revenue": 73324
        },
        "2016-02": {
            "month": "2016-02",
            "price": "13.99",
            "revenue": 45870
        },
        "2016-03": {
            "month": "2016-03",
            "price": "14.25",
            "revenue": 93372
        },
        "2016-04": {
            "month": "2016-04",
            "price": "13.89",
            "revenue": 96709
        },
        "2016-05": {
            "month": "2016-05",
            "price": "14.06",
            "revenue": 81776
        },
        "2016-06": {
            "month": "2016-06",
            "price": "13.94",
            "revenue": 80521
        },
        "2016-07": {
            "month": "2016-07",
            "price": "14.21",
            "revenue": 82573
        },
        "2016-08": {
            "month": "2016-08",
            "price": "16.66",
            "revenue": 78859
        },
        "2016-09": {
            "month": "2016-09",
            "price": "17.03",
            "revenue": 68973
        },
        "2016-10": {
            "month": "2016-10",
            "price": "16.59",
            "revenue": 93239
        },
        "2016-11": {
            "month": "2016-11",
            "price": "15.59",
            "revenue": 114042
        },
        "2016-12": {
            "month": "2016-12",
            "price": "14.10",
            "revenue": 99988
        },
        "2017-01": {
            "month": "2017-01",
            "price": "13.63",
            "revenue": 71845
        },
        "2017-02": {
            "month": "2017-02",
            "price": "13.72",
            "revenue": 68386
        },
        "2017-03": {
            "month": "2017-03",
            "price": "13.46",
            "revenue": 93230
        },
        "2017-04": {
            "month": "2017-04",
            "price": "12.83",
            "revenue": 101100
        },
        "2017-05": {
            "month": "2017-05",
            "price": "11.98",
            "revenue": 113138
        },
        "2017-06": {
            "month": "2017-06",
            "price": "12.00",
            "revenue": 101570
        },
        "2017-07": {
            "month": "2017-07",
            "price": "12.32",
            "revenue": 106941
        },
        "2017-08": {
            "month": "2017-08",
            "price": "11.45",
            "revenue": 110378
        },
        "2017-09": {
            "month": "2017-09",
            "price": "12.12",
            "revenue": 114829
        },
        "2017-10": {
            "month": "2017-10",
            "price": "12.17",
            "revenue": 123769
        },
        "2017-11": {
            "month": "2017-11",
            "price": "12.78",
            "revenue": 123369
        },
        "2017-12": {
            "month": "2017-12",
            "price": "11.68",
            "revenue": 126010
        },
        "2018-01": {
            "month": "2018-01",
            "price": "12.38",
            "revenue": 134425
        },
        "2018-02": {
            "month": "2018-02",
            "price": "12.70",
            "revenue": 90899
        },
        "2018-03": {
            "month": "2018-03",
            "price": "17.38",
            "revenue": 115556
        },
        "2018-04": {
            "month": "2018-04",
            "price": "16.30",
            "revenue": 117946
        },
        "2018-05": {
            "month": "2018-05",
            "price": "15.11",
            "revenue": 135808
        },
        "2018-06": {
            "month": "2018-06",
            "price": "15.89",
            "revenue": 122360
        },
        "2018-07": {
            "month": "2018-07",
            "price": "15.77",
            "revenue": 125298
        },
        "2018-08": {
            "month": "2018-08",
            "price": "15.72",
            "revenue": 112855
        },
        "2018-09": {
            "month": "2018-09",
            "price": "15.32",
            "revenue": 116075
        },
        "2018-10": {
            "month": "2018-10",
            "price": "14.17",
            "revenue": 129031
        },
        "2018-11": {
            "month": "2018-11",
            "price": "14.09",
            "revenue": 124305
        },
        "2018-12": {
            "month": "2018-12",
            "price": "14.72",
            "revenue": 87098
        },
        "2019-01": {
            "month": "2019-01",
            "price": "14.67",
            "revenue": 93666
        },
        "2019-02": {
            "month": "2019-02",
            "price": "14.67",
            "revenue": 58441
        },
        "2019-03": {
            "month": "2019-03",
            "price": "14.34",
            "revenue": 89588
        },
        "2019-04": {
            "month": "2019-04",
            "price": "14.16",
            "revenue": 89212
        },
        "2019-05": {
            "month": "2019-05",
            "price": "13.07",
            "revenue": 80257
        },
        "2019-06": {
            "month": "2019-06",
            "price": "12.35",
            "revenue": 70441
        },
        "2019-07": {
            "month": "2019-07",
            "price": "12.33",
            "revenue": 77281
        },
        "2019-08": {
            "month": "2019-08",
            "price": "11.90",
            "revenue": 69526
        },
        "2019-09": {
            "month": "2019-09",
            "price": "11.54",
            "revenue": 73472
        },
        "2019-10": {
            "month": "2019-10",
            "price": "11.41",
            "revenue": 61213
        },
        "2019-11": {
            "month": "2019-11",
            "price": "10.88",
            "revenue": 65546
        },
        "2019-12": {
            "month": "2019-12",
            "price": "11.29",
            "revenue": 55983
        },
        "2020-01": {
            "month": "2020-01",
            "price": "11.23",
            "revenue": 54277
        },
        "2020-02": {
            "month": "2020-02",
            "price": "11.11",
            "revenue": 40802
        },
        "2020-03": {
            "month": "2020-03",
            "price": "9.29",
            "revenue": 63552
        },
        "2020-04": {
            "month": "2020-04",
            "price": "9.40",
            "revenue": 71043
        },
        "2020-05": {
            "month": "2020-05",
            "price": "8.91",
            "revenue": 62409
        },
        "2020-06": {
            "month": "2020-06",
            "price": "8.84",
            "revenue": 51098
        },
        "2020-07": {
            "month": "2020-07",
            "price": "8.83",
            "revenue": 55879
        },
        "2020-08": {
            "month": "2020-08",
            "price": "8.73",
            "revenue": 58967
        },
        "2020-09": {
            "month": "2020-09",
            "price": "9.00",
            "revenue": 56416
        },
        "2020-10": {
            "month": "2020-10",
            "price": "9.03",
            "revenue": 59341
        },
        "2020-11": {
            "month": "2020-11",
            "price": "8.93",
            "revenue": 76011
        },
        "2020-12": {
            "month": "2020-12",
            "price": "9.91",
            "revenue": 76600
        },
        "2021-01": {
            "month": "2021-01",
            "price": "10.18",
            "revenue": 88581
        },
        "2021-02": {
            "month": "2021-02",
            "price": "10.06",
            "revenue": 52117
        },
        "2021-03": {
            "month": "2021-03",
            "price": "12.59",
            "revenue": 100124
        },
        "2021-04": {
            "month": "2021-04",
            "price": "14.26",
            "revenue": 79457
        },
        "2021-05": {
            "month": "2021-05",
            "price": "13.15",
            "revenue": 76050
        },
        "2021-06": {
            "month": "2021-06",
            "price": "12.69",
            "revenue": 76314
        },
        "2021-07": {
            "month": "2021-07",
            "price": "13.33",
            "revenue": 82158
        },
        "2021-08": {
            "month": "2021-08",
            "price": "12.81",
            "revenue": 95811
        },
        "2021-09": {
            "month": "2021-09",
            "price": "13.14",
            "revenue": 71559
        },
        "2021-10": {
            "month": "2021-10",
            "price": "12.69",
            "revenue": 102069
        },
        "2021-11": {
            "month": "2021-11",
            "price": "12.85",
            "revenue": 88571
        },
        "2021-12": {
            "month": "2021-12",
            "price": "13.26",
            "revenue": 79881
        },
        "2022-01": {
            "month": "2022-01",
            "price": "14.11",
            "revenue": 106249
        },
        "2022-02": {
            "month": "2022-02",
            "price": "14.41",
            "revenue": 70319
        },
        "2022-03": {
            "month": "2022-03",
            "price": "14.22",
            "revenue": 92182
        },
        "2022-04": {
            "month": "2022-04",
            "price": "13.90",
            "revenue": 95596
        },
        "2022-05": {
            "month": "2022-05",
            "price": "13.70",
            "revenue": 115119
        },
        "2022-06": {
            "month": "2022-06",
            "price": "13.78",
            "revenue": 94992
        },
        "2022-07": {
            "month": "2022-07",
            "price": "13.33",
            "revenue": 102919
        },
        "2022-08": {
            "month": "2022-08",
            "price": "12.98",
            "revenue": 116275
        },
        "2022-09": {
            "month": "2022-09",
            "price": "12.84",
            "revenue": 92304
        },
        "2022-10": {
            "month": "2022-10",
            "price": "12.72",
            "revenue": 116845
        },
        "2022-11": {
            "month": "2022-11",
            "price": "11.62",
            "revenue": 115615
        },
        "2022-12": {
            "month": "2022-12",
            "price": "10.84",
            "revenue": 118982
        },
        "2023-01": {
            "month": "2023-01",
            "price": "10.56",
            "revenue": 71586
        },
        "2023-02": {
            "month": "2023-02",
            "price": "10.51",
            "revenue": 101411
        },
        "2023-03": {
            "month": "2023-03",
            "price": "11.33",
            "revenue": 122952
        },
        "2023-04": {
            "month": "2023-04",
            "price": "12.16",
            "revenue": 113613
        },
        "2023-05": {
            "month": "2023-05",
            "price": "12.30",
            "revenue": 111519
        },
        "2023-06": {
            "month": "2023-06",
            "price": "12.75",
            "revenue": 107187
        },
        "2023-07": {
            "month": "2023-07",
            "price": "13.51",
            "revenue": 93339
        },
        "2023-08": {
            "month": "2023-08",
            "price": "13.70",
            "revenue": 98135
        },
        "2023-09": {
            "month": "2023-09",
            "price": "13.11",
            "revenue": 98246
        },
        "2023-10": {
            "month": "2023-10",
            "price": "12.80",
            "revenue": 80213
        },
        "2023-11": {
            "month": "2023-11",
            "price": "13.26",
            "revenue": 77836
        },
        "2023-12": {
            "month": "2023-12",
            "price": "13.10",
            "revenue": 81395
        }
    }
}
