{
    "summary": {
        "stock_name": "運錩",
        "stock_id": "2069",
        "category": "鋼鐵",
        "main_business": "不銹鋼板、捲裁切<br>不銹鋼捲分條<br>不銹鋼板表面處理",
        "website_url": "http://www.yuenchang.com.tw",
        "ceo": "顏德和",
        "pe_ratio": -18,
        "report_year_from": 2012,
        "report_year_to": 2023,
        "age": 12,
        "eps_negative_percentage": 11,
        "eps_growth_avg": {
            "last_all": 11.8,
            "last_2y": -25.09,
            "last_4y": -14.89,
            "last_8y": null,
            "last_12y": null,
            "last_16y": null,
            "last_20y": null,
            "at_2006_last_3y": null,
            "at_2007_last_3y": null,
            "at_2008_last_3y": null,
            "at_2009_last_3y": null,
            "at_2010_last_3y": null,
            "at_2011_last_3y": null,
            "at_2012_last_3y": null,
            "at_2013_last_3y": null,
            "at_2014_last_3y": null,
            "at_2015_last_3y": null,
            "at_2016_last_3y": null,
            "at_2017_last_3y": null,
            "at_2018_last_3y": null,
            "at_2019_last_3y": 17.43,
            "at_2020_last_3y": 17.43,
            "at_2021_last_3y": 50.2,
            "at_2022_last_3y": 6.39,
            "at_2023_last_3y": 6.18,
            "at_2024_last_3y": 6.18,
            "at_2006_last_all": null,
            "at_2007_last_all": null,
            "at_2008_last_all": null,
            "at_2009_last_all": null,
            "at_2010_last_all": null,
            "at_2011_last_all": null,
            "at_2012_last_all": null,
            "at_2013_last_all": null,
            "at_2014_last_all": null,
            "at_2015_last_all": null,
            "at_2016_last_all": null,
            "at_2017_last_all": 34.44,
            "at_2018_last_all": 56.3,
            "at_2019_last_all": 17.43,
            "at_2020_last_all": 33.94,
            "at_2021_last_all": 44.95,
            "at_2022_last_all": 27.78,
            "at_2023_last_all": 11.8,
            "at_2024_last_all": 11.8
        },
        "latest_eps": -0.9,
        "latest_price": 15.9,
        "latest_roe": -3.77,
        "latest_gross_margin": 4.89,
        "latest_equity": 3777891,
        "latest_revenue": 2773399,
        "latest_gross_profit": 135549,
        "latest_net_income": 30703,
        "latest_debt_ratio": 56.47,
        "latest_current_ratio": 104.24,
        "latest_account_receivable_turnover_ratio": 2.65,
        "latest_inventory_turnover_ratio": 0.93,
        "latest_reinvestment_rate": 16.96,
        "latest_research_to_sale_ratio": 0.27
    },
    "eps_dividends": {
        "2001": {
            "cash": 0,
            "stock": 0,
            "eps": 0
        },
        "2002": {
            "cash": 0,
            "stock": 0,
            "eps": 0
        },
        "2003": {
            "cash": 0,
            "stock": 0,
            "eps": 0
        },
        "2004": {
            "cash": 0,
            "stock": 0,
            "eps": 0
        },
        "2005": {
            "cash": 0,
            "stock": 0,
            "eps": 0
        },
        "2006": {
            "cash": 0,
            "stock": 0,
            "eps": 0
        },
        "2007": {
            "cash": 0,
            "stock": 0,
            "eps": 0
        },
        "2008": {
            "cash": 0,
            "stock": 0,
            "eps": 0
        },
        "2009": {
            "cash": 0,
            "stock": 0,
            "eps": 0
        },
        "2010": {
            "cash": 0,
            "stock": 0,
            "eps": 0
        },
        "2011": {
            "cash": 0,
            "stock": 0,
            "eps": 0
        },
        "2012": {
            "cash": 0,
            "stock": 0,
            "eps": 0
        },
        "2013": {
            "cash": 0,
            "stock": 0,
            "eps": 0
        },
        "2014": {
            "cash": 0,
            "stock": 0,
            "eps": 0
        },
        "2015": {
            "cash": 0.8,
            "stock": 0.2,
            "eps": 0.21
        },
        "2016": {
            "cash": 0.6,
            "stock": 0,
            "eps": 2.25
        },
        "2017": {
            "cash": 1.65,
            "stock": 0,
            "eps": 1.55
        },
        "2018": {
            "cash": 1.55,
            "stock": 0,
            "eps": 6.15
        },
        "2019": {
            "cash": 2.5,
            "stock": 0,
            "eps": 0.05
        },
        "2020": {
            "cash": 0.5,
            "stock": 0,
            "eps": 0.27
        },
        "2021": {
            "cash": 0.55,
            "stock": 0,
            "eps": 4.69
        },
        "2022": {
            "cash": 2.2,
            "stock": 0,
            "eps": 1.16
        },
        "2023": {
            "cash": 1,
            "stock": 0,
            "eps": -0.9
        },
        "2024": {
            "cash": 0.5,
            "stock": 0,
            "eps": 0
        }
    },
    "dividends": {
        "2015-11-11": {
            "cash": 0.8,
            "stock": 0.2
        },
        "2016-09-30": {
            "cash": 0.6,
            "stock": 0
        },
        "2017-08-22": {
            "cash": 1.65,
            "stock": 0
        },
        "2018-08-20": {
            "cash": 1.55,
            "stock": 0
        },
        "2019-08-20": {
            "cash": 2.5,
            "stock": 0
        },
        "2020-08-14": {
            "cash": 0.5,
            "stock": 0
        },
        "2021-08-20": {
            "cash": 0.55,
            "stock": 0
        },
        "2022-07-29": {
            "cash": 2.2,
            "stock": 0
        },
        "2023-08-03": {
            "cash": 1,
            "stock": 0
        },
        "2024-03-08": {
            "cash": 0.5,
            "stock": 0
        }
    },
    "prices": {
        "200101": "無",
        "200102": "無",
        "200103": "無",
        "200104": "無",
        "200105": "無",
        "200106": "無",
        "200107": "無",
        "200108": "無",
        "200109": "無",
        "200110": "無",
        "200111": "無",
        "200112": "無",
        "200201": "無",
        "200202": "無",
        "200203": "無",
        "200204": "無",
        "200205": "無",
        "200206": "無",
        "200207": "無",
        "200208": "無",
        "200209": "無",
        "200210": "無",
        "200211": "無",
        "200212": "無",
        "200301": "無",
        "200302": "無",
        "200303": "無",
        "200304": "無",
        "200305": "無",
        "200306": "無",
        "200307": "無",
        "200308": "無",
        "200309": "無",
        "200310": "無",
        "200311": "無",
        "200312": "無",
        "200401": "無",
        "200402": "無",
        "200403": "無",
        "200404": "無",
        "200405": "無",
        "200406": "無",
        "200407": "無",
        "200408": "無",
        "200409": "無",
        "200410": "無",
        "200411": "無",
        "200412": "無",
        "200501": "無",
        "200502": "無",
        "200503": "無",
        "200504": "無",
        "200505": "無",
        "200506": "無",
        "200507": "無",
        "200508": "無",
        "200509": "無",
        "200510": "無",
        "200511": "無",
        "200512": "無",
        "200601": "無",
        "200602": "無",
        "200603": "無",
        "200604": "無",
        "200605": "無",
        "200606": "無",
        "200607": "無",
        "200608": "無",
        "200609": "無",
        "200610": "無",
        "200611": "無",
        "200612": "無",
        "200701": "無",
        "200702": "無",
        "200703": "無",
        "200704": "無",
        "200705": "無",
        "200706": "無",
        "200707": "無",
        "200708": "無",
        "200709": "無",
        "200710": "無",
        "200711": "無",
        "200712": "無",
        "200801": "無",
        "200802": "無",
        "200803": "無",
        "200804": "無",
        "200805": "無",
        "200806": "無",
        "200807": "無",
        "200808": "無",
        "200809": "無",
        "200810": "無",
        "200811": "無",
        "200812": "無",
        "200901": "無",
        "200902": "無",
        "200903": "無",
        "200904": "無",
        "200905": "無",
        "200906": "無",
        "200907": "無",
        "200908": "無",
        "200909": "無",
        "200910": "無",
        "200911": "無",
        "200912": "無",
        "201001": "無",
        "201002": "無",
        "201003": "無",
        "201004": "無",
        "201005": "無",
        "201006": "無",
        "201007": "無",
        "201008": "無",
        "201009": "無",
        "201010": "無",
        "201011": "無",
        "201012": "無",
        "201101": "無",
        "201102": "無",
        "201103": "無",
        "201104": "無",
        "201105": "無",
        "201106": "無",
        "201107": "無",
        "201108": "無",
        "201109": "無",
        "201110": "無",
        "201111": "無",
        "201112": "無",
        "201201": "無",
        "201202": "無",
        "201203": "無",
        "201204": "無",
        "201205": "無",
        "201206": "無",
        "201207": "無",
        "201208": "無",
        "201209": "無",
        "201210": "無",
        "201211": "無",
        "201212": "無",
        "201301": "無",
        "201302": "無",
        "201303": "無",
        "201304": "無",
        "201305": "無",
        "201306": "無",
        "201307": "無",
        "201308": "無",
        "201309": "無",
        "201310": "無",
        "201311": "無",
        "201312": "無",
        "201401": "無",
        "201402": "無",
        "201403": "無",
        "201404": "無",
        "201405": "無",
        "201406": "無",
        "201407": "無",
        "201408": "無",
        "201409": "無",
        "201410": "無",
        "201411": "無",
        "201412": "無",
        "201501": "無",
        "201502": "22.89",
        "201503": "23.41",
        "201504": "23.06",
        "201505": "22.57",
        "201506": "21.52",
        "201507": "20.85",
        "201508": "18.20",
        "201509": "16.71",
        "201510": "17.65",
        "201511": "19.47",
        "201512": "20.72",
        "201601": "21.03",
        "201602": "21.50",
        "201603": "20.01",
        "201604": "18.92",
        "201605": "18.09",
        "201606": "17.64",
        "201607": "17.53",
        "201608": "18.07",
        "201609": "18.04",
        "201610": "18.66",
        "201611": "21.25",
        "201612": "23.10",
        "201701": "23.67",
        "201702": "26.64",
        "201703": "29.23",
        "201704": "28.06",
        "201705": "26.55",
        "201706": "25.70",
        "201707": "27.24",
        "201708": "25.33",
        "201709": "25.47",
        "201710": "25.17",
        "201711": "24.92",
        "201712": "24.47",
        "201801": "24.97",
        "201802": "24.06",
        "201803": "23.95",
        "201804": "24.40",
        "201805": "24.70",
        "201806": "24.72",
        "201807": "23.87",
        "201808": "23.05",
        "201809": "23.24",
        "201810": "23.57",
        "201811": "23.39",
        "201812": "24.21",
        "201901": "24.01",
        "201902": "23.87",
        "201903": "26.32",
        "201904": "25.88",
        "201905": "24.14",
        "201906": "23.81",
        "201907": "23.98",
        "201908": "20.69",
        "201909": "21.15",
        "201910": "20.23",
        "201911": "19.46",
        "201912": "18.84",
        "202001": "18.64",
        "202002": "16.66",
        "202003": "14.03",
        "202004": "14.86",
        "202005": "15.67",
        "202006": "15.34",
        "202007": "15.11",
        "202008": "14.68",
        "202009": "14.92",
        "202010": "14.81",
        "202011": "15.44",
        "202012": "17.44",
        "202101": "16.60",
        "202102": "16.24",
        "202103": "16.89",
        "202104": "22.32",
        "202105": "23.17",
        "202106": "27.83",
        "202107": "41.14",
        "202108": "37.15",
        "202109": "37.95",
        "202110": "31.38",
        "202111": "35.12",
        "202112": "35.51",
        "202201": "32.61",
        "202202": "33.45",
        "202203": "35.15",
        "202204": "34.60",
        "202205": "27.51",
        "202206": "24.41",
        "202207": "20.68",
        "202208": "22.65",
        "202209": "21.82",
        "202210": "20.06",
        "202211": "19.87",
        "202212": "20.56",
        "202301": "20.91",
        "202302": "21.47",
        "202303": "20.64",
        "202304": "20.04",
        "202305": "19.44",
        "202306": "19.63",
        "202307": "18.63",
        "202308": "17.20",
        "202309": "16.99",
        "202310": "15.83",
        "202311": "16.02",
        "202312": "17.17",
        "202401": "16.78",
        "202402": "16.10",
        "202403": "15.98",
        "202404": "無"
    },
    "quarters": {
        "20011": {
            "year_quarter": 20011,
            "year": 2001,
            "quarter": 1,
            "eps": null,
            "eps_growth_year": null,
            "eps_4q": null,
            "eps_4q_growth_year": null,
            "roe": null,
            "roe_4q": 0,
            "gross_profit": null,
            "gross_margin": null,
            "gross_margin_4q_avg": 0,
            "net_income": null,
            "net_income_4q": null,
            "revenue": null,
            "revenue_4q": null,
            "common_shares": null,
            "book_valuer_per_share": null,
            "book_valuer_per_share_4q_avg": 0,
            "equity": null,
            "current_ratio": null,
            "debt_ratio": null,
            "inventory_turnover_ratio": null,
            "account_receivable_turnover_ratio": null,
            "reinvestment_rate": null,
            "research_to_sale_ratio": null,
            "price_fair": 0,
            "eps_avg_yearly": 0,
            "eps_latest_yearly": 0,
            "eps_growth_yearly": 0
        },
        "20012": {
            "year_quarter": 20012,
            "year": 2001,
            "quarter": 2,
            "eps": null,
            "eps_growth_year": null,
            "eps_4q": null,
            "eps_4q_growth_year": null,
            "roe": null,
            "roe_4q": 0,
            "gross_profit": null,
            "gross_margin": null,
            "gross_margin_4q_avg": 0,
            "net_income": null,
            "net_income_4q": null,
            "revenue": null,
            "revenue_4q": null,
            "common_shares": null,
            "book_valuer_per_share": null,
            "book_valuer_per_share_4q_avg": 0,
            "equity": null,
            "current_ratio": null,
            "debt_ratio": null,
            "inventory_turnover_ratio": null,
            "account_receivable_turnover_ratio": null,
            "reinvestment_rate": null,
            "research_to_sale_ratio": null,
            "price_fair": 0,
            "eps_avg_yearly": 0,
            "eps_latest_yearly": 0,
            "eps_growth_yearly": 0
        },
        "20013": {
            "year_quarter": 20013,
            "year": 2001,
            "quarter": 3,
            "eps": null,
            "eps_growth_year": null,
            "eps_4q": null,
            "eps_4q_growth_year": null,
            "roe": null,
            "roe_4q": 0,
            "gross_profit": null,
            "gross_margin": null,
            "gross_margin_4q_avg": 0,
            "net_income": null,
            "net_income_4q": null,
            "revenue": null,
            "revenue_4q": null,
            "common_shares": null,
            "book_valuer_per_share": null,
            "book_valuer_per_share_4q_avg": 0,
            "equity": null,
            "current_ratio": null,
            "debt_ratio": null,
            "inventory_turnover_ratio": null,
            "account_receivable_turnover_ratio": null,
            "reinvestment_rate": null,
            "research_to_sale_ratio": null,
            "price_fair": 0,
            "eps_avg_yearly": 0,
            "eps_latest_yearly": 0,
            "eps_growth_yearly": 0
        },
        "20014": {
            "year_quarter": 20014,
            "year": 2001,
            "quarter": 4,
            "eps": null,
            "eps_growth_year": null,
            "eps_4q": null,
            "eps_4q_growth_year": null,
            "roe": null,
            "roe_4q": 0,
            "gross_profit": null,
            "gross_margin": null,
            "gross_margin_4q_avg": 0,
            "net_income": null,
            "net_income_4q": null,
            "revenue": null,
            "revenue_4q": null,
            "common_shares": null,
            "book_valuer_per_share": null,
            "book_valuer_per_share_4q_avg": 0,
            "equity": null,
            "current_ratio": null,
            "debt_ratio": null,
            "inventory_turnover_ratio": null,
            "account_receivable_turnover_ratio": null,
            "reinvestment_rate": null,
            "research_to_sale_ratio": null,
            "price_fair": 0,
            "eps_avg_yearly": 0,
            "eps_latest_yearly": 0,
            "eps_growth_yearly": 0
        },
        "20021": {
            "year_quarter": 20021,
            "year": 2002,
            "quarter": 1,
            "eps": null,
            "eps_growth_year": null,
            "eps_4q": null,
            "eps_4q_growth_year": null,
            "roe": null,
            "roe_4q": 0,
            "gross_profit": null,
            "gross_margin": null,
            "gross_margin_4q_avg": 0,
            "net_income": null,
            "net_income_4q": null,
            "revenue": null,
            "revenue_4q": null,
            "common_shares": null,
            "book_valuer_per_share": null,
            "book_valuer_per_share_4q_avg": 0,
            "equity": null,
            "current_ratio": null,
            "debt_ratio": null,
            "inventory_turnover_ratio": null,
            "account_receivable_turnover_ratio": null,
            "reinvestment_rate": null,
            "research_to_sale_ratio": null,
            "price_fair": 0,
            "eps_avg_yearly": 0,
            "eps_latest_yearly": 0,
            "eps_growth_yearly": 0
        },
        "20022": {
            "year_quarter": 20022,
            "year": 2002,
            "quarter": 2,
            "eps": null,
            "eps_growth_year": null,
            "eps_4q": null,
            "eps_4q_growth_year": null,
            "roe": null,
            "roe_4q": 0,
            "gross_profit": null,
            "gross_margin": null,
            "gross_margin_4q_avg": 0,
            "net_income": null,
            "net_income_4q": null,
            "revenue": null,
            "revenue_4q": null,
            "common_shares": null,
            "book_valuer_per_share": null,
            "book_valuer_per_share_4q_avg": 0,
            "equity": null,
            "current_ratio": null,
            "debt_ratio": null,
            "inventory_turnover_ratio": null,
            "account_receivable_turnover_ratio": null,
            "reinvestment_rate": null,
            "research_to_sale_ratio": null,
            "price_fair": 0,
            "eps_avg_yearly": 0,
            "eps_latest_yearly": 0,
            "eps_growth_yearly": 0
        },
        "20023": {
            "year_quarter": 20023,
            "year": 2002,
            "quarter": 3,
            "eps": null,
            "eps_growth_year": null,
            "eps_4q": null,
            "eps_4q_growth_year": null,
            "roe": null,
            "roe_4q": 0,
            "gross_profit": null,
            "gross_margin": null,
            "gross_margin_4q_avg": 0,
            "net_income": null,
            "net_income_4q": null,
            "revenue": null,
            "revenue_4q": null,
            "common_shares": null,
            "book_valuer_per_share": null,
            "book_valuer_per_share_4q_avg": 0,
            "equity": null,
            "current_ratio": null,
            "debt_ratio": null,
            "inventory_turnover_ratio": null,
            "account_receivable_turnover_ratio": null,
            "reinvestment_rate": null,
            "research_to_sale_ratio": null,
            "price_fair": 0,
            "eps_avg_yearly": 0,
            "eps_latest_yearly": 0,
            "eps_growth_yearly": 0
        },
        "20024": {
            "year_quarter": 20024,
            "year": 2002,
            "quarter": 4,
            "eps": null,
            "eps_growth_year": null,
            "eps_4q": null,
            "eps_4q_growth_year": null,
            "roe": null,
            "roe_4q": 0,
            "gross_profit": null,
            "gross_margin": null,
            "gross_margin_4q_avg": 0,
            "net_income": null,
            "net_income_4q": null,
            "revenue": null,
            "revenue_4q": null,
            "common_shares": null,
            "book_valuer_per_share": null,
            "book_valuer_per_share_4q_avg": 0,
            "equity": null,
            "current_ratio": null,
            "debt_ratio": null,
            "inventory_turnover_ratio": null,
            "account_receivable_turnover_ratio": null,
            "reinvestment_rate": null,
            "research_to_sale_ratio": null,
            "price_fair": 0,
            "eps_avg_yearly": 0,
            "eps_latest_yearly": 0,
            "eps_growth_yearly": 0
        },
        "20031": {
            "year_quarter": 20031,
            "year": 2003,
            "quarter": 1,
            "eps": null,
            "eps_growth_year": null,
            "eps_4q": null,
            "eps_4q_growth_year": null,
            "roe": null,
            "roe_4q": 0,
            "gross_profit": null,
            "gross_margin": null,
            "gross_margin_4q_avg": 0,
            "net_income": null,
            "net_income_4q": null,
            "revenue": null,
            "revenue_4q": null,
            "common_shares": null,
            "book_valuer_per_share": null,
            "book_valuer_per_share_4q_avg": 0,
            "equity": null,
            "current_ratio": null,
            "debt_ratio": null,
            "inventory_turnover_ratio": null,
            "account_receivable_turnover_ratio": null,
            "reinvestment_rate": null,
            "research_to_sale_ratio": null,
            "price_fair": 0,
            "eps_avg_yearly": 0,
            "eps_latest_yearly": 0,
            "eps_growth_yearly": 0
        },
        "20032": {
            "year_quarter": 20032,
            "year": 2003,
            "quarter": 2,
            "eps": null,
            "eps_growth_year": null,
            "eps_4q": null,
            "eps_4q_growth_year": null,
            "roe": null,
            "roe_4q": 0,
            "gross_profit": null,
            "gross_margin": null,
            "gross_margin_4q_avg": 0,
            "net_income": null,
            "net_income_4q": null,
            "revenue": null,
            "revenue_4q": null,
            "common_shares": null,
            "book_valuer_per_share": null,
            "book_valuer_per_share_4q_avg": 0,
            "equity": null,
            "current_ratio": null,
            "debt_ratio": null,
            "inventory_turnover_ratio": null,
            "account_receivable_turnover_ratio": null,
            "reinvestment_rate": null,
            "research_to_sale_ratio": null,
            "price_fair": 0,
            "eps_avg_yearly": 0,
            "eps_latest_yearly": 0,
            "eps_growth_yearly": 0
        },
        "20033": {
            "year_quarter": 20033,
            "year": 2003,
            "quarter": 3,
            "eps": null,
            "eps_growth_year": null,
            "eps_4q": null,
            "eps_4q_growth_year": null,
            "roe": null,
            "roe_4q": 0,
            "gross_profit": null,
            "gross_margin": null,
            "gross_margin_4q_avg": 0,
            "net_income": null,
            "net_income_4q": null,
            "revenue": null,
            "revenue_4q": null,
            "common_shares": null,
            "book_valuer_per_share": null,
            "book_valuer_per_share_4q_avg": 0,
            "equity": null,
            "current_ratio": null,
            "debt_ratio": null,
            "inventory_turnover_ratio": null,
            "account_receivable_turnover_ratio": null,
            "reinvestment_rate": null,
            "research_to_sale_ratio": null,
            "price_fair": 0,
            "eps_avg_yearly": 0,
            "eps_latest_yearly": 0,
            "eps_growth_yearly": 0
        },
        "20034": {
            "year_quarter": 20034,
            "year": 2003,
            "quarter": 4,
            "eps": null,
            "eps_growth_year": null,
            "eps_4q": null,
            "eps_4q_growth_year": null,
            "roe": null,
            "roe_4q": 0,
            "gross_profit": null,
            "gross_margin": null,
            "gross_margin_4q_avg": 0,
            "net_income": null,
            "net_income_4q": null,
            "revenue": null,
            "revenue_4q": null,
            "common_shares": null,
            "book_valuer_per_share": null,
            "book_valuer_per_share_4q_avg": 0,
            "equity": null,
            "current_ratio": null,
            "debt_ratio": null,
            "inventory_turnover_ratio": null,
            "account_receivable_turnover_ratio": null,
            "reinvestment_rate": null,
            "research_to_sale_ratio": null,
            "price_fair": 0,
            "eps_avg_yearly": 0,
            "eps_latest_yearly": 0,
            "eps_growth_yearly": 0
        },
        "20041": {
            "year_quarter": 20041,
            "year": 2004,
            "quarter": 1,
            "eps": null,
            "eps_growth_year": null,
            "eps_4q": null,
            "eps_4q_growth_year": null,
            "roe": null,
            "roe_4q": 0,
            "gross_profit": null,
            "gross_margin": null,
            "gross_margin_4q_avg": 0,
            "net_income": null,
            "net_income_4q": null,
            "revenue": null,
            "revenue_4q": null,
            "common_shares": null,
            "book_valuer_per_share": null,
            "book_valuer_per_share_4q_avg": 0,
            "equity": null,
            "current_ratio": null,
            "debt_ratio": null,
            "inventory_turnover_ratio": null,
            "account_receivable_turnover_ratio": null,
            "reinvestment_rate": null,
            "research_to_sale_ratio": null,
            "price_fair": 0,
            "eps_avg_yearly": 0,
            "eps_latest_yearly": 0,
            "eps_growth_yearly": 0
        },
        "20042": {
            "year_quarter": 20042,
            "year": 2004,
            "quarter": 2,
            "eps": null,
            "eps_growth_year": null,
            "eps_4q": null,
            "eps_4q_growth_year": null,
            "roe": null,
            "roe_4q": 0,
            "gross_profit": null,
            "gross_margin": null,
            "gross_margin_4q_avg": 0,
            "net_income": null,
            "net_income_4q": null,
            "revenue": null,
            "revenue_4q": null,
            "common_shares": null,
            "book_valuer_per_share": null,
            "book_valuer_per_share_4q_avg": 0,
            "equity": null,
            "current_ratio": null,
            "debt_ratio": null,
            "inventory_turnover_ratio": null,
            "account_receivable_turnover_ratio": null,
            "reinvestment_rate": null,
            "research_to_sale_ratio": null,
            "price_fair": 0,
            "eps_avg_yearly": 0,
            "eps_latest_yearly": 0,
            "eps_growth_yearly": 0
        },
        "20043": {
            "year_quarter": 20043,
            "year": 2004,
            "quarter": 3,
            "eps": null,
            "eps_growth_year": null,
            "eps_4q": null,
            "eps_4q_growth_year": null,
            "roe": null,
            "roe_4q": 0,
            "gross_profit": null,
            "gross_margin": null,
            "gross_margin_4q_avg": 0,
            "net_income": null,
            "net_income_4q": null,
            "revenue": null,
            "revenue_4q": null,
            "common_shares": null,
            "book_valuer_per_share": null,
            "book_valuer_per_share_4q_avg": 0,
            "equity": null,
            "current_ratio": null,
            "debt_ratio": null,
            "inventory_turnover_ratio": null,
            "account_receivable_turnover_ratio": null,
            "reinvestment_rate": null,
            "research_to_sale_ratio": null,
            "price_fair": 0,
            "eps_avg_yearly": 0,
            "eps_latest_yearly": 0,
            "eps_growth_yearly": 0
        },
        "20044": {
            "year_quarter": 20044,
            "year": 2004,
            "quarter": 4,
            "eps": null,
            "eps_growth_year": null,
            "eps_4q": null,
            "eps_4q_growth_year": null,
            "roe": null,
            "roe_4q": 0,
            "gross_profit": null,
            "gross_margin": null,
            "gross_margin_4q_avg": 0,
            "net_income": null,
            "net_income_4q": null,
            "revenue": null,
            "revenue_4q": null,
            "common_shares": null,
            "book_valuer_per_share": null,
            "book_valuer_per_share_4q_avg": 0,
            "equity": null,
            "current_ratio": null,
            "debt_ratio": null,
            "inventory_turnover_ratio": null,
            "account_receivable_turnover_ratio": null,
            "reinvestment_rate": null,
            "research_to_sale_ratio": null,
            "price_fair": 0,
            "eps_avg_yearly": 0,
            "eps_latest_yearly": 0,
            "eps_growth_yearly": 0
        },
        "20051": {
            "year_quarter": 20051,
            "year": 2005,
            "quarter": 1,
            "eps": null,
            "eps_growth_year": null,
            "eps_4q": null,
            "eps_4q_growth_year": null,
            "roe": null,
            "roe_4q": 0,
            "gross_profit": null,
            "gross_margin": null,
            "gross_margin_4q_avg": 0,
            "net_income": null,
            "net_income_4q": null,
            "revenue": null,
            "revenue_4q": null,
            "common_shares": null,
            "book_valuer_per_share": null,
            "book_valuer_per_share_4q_avg": 0,
            "equity": null,
            "current_ratio": null,
            "debt_ratio": null,
            "inventory_turnover_ratio": null,
            "account_receivable_turnover_ratio": null,
            "reinvestment_rate": null,
            "research_to_sale_ratio": null,
            "price_fair": 0,
            "eps_avg_yearly": 0,
            "eps_latest_yearly": 0,
            "eps_growth_yearly": 0
        },
        "20052": {
            "year_quarter": 20052,
            "year": 2005,
            "quarter": 2,
            "eps": null,
            "eps_growth_year": null,
            "eps_4q": null,
            "eps_4q_growth_year": null,
            "roe": null,
            "roe_4q": 0,
            "gross_profit": null,
            "gross_margin": null,
            "gross_margin_4q_avg": 0,
            "net_income": null,
            "net_income_4q": null,
            "revenue": null,
            "revenue_4q": null,
            "common_shares": null,
            "book_valuer_per_share": null,
            "book_valuer_per_share_4q_avg": 0,
            "equity": null,
            "current_ratio": null,
            "debt_ratio": null,
            "inventory_turnover_ratio": null,
            "account_receivable_turnover_ratio": null,
            "reinvestment_rate": null,
            "research_to_sale_ratio": null,
            "price_fair": 0,
            "eps_avg_yearly": 0,
            "eps_latest_yearly": 0,
            "eps_growth_yearly": 0
        },
        "20053": {
            "year_quarter": 20053,
            "year": 2005,
            "quarter": 3,
            "eps": null,
            "eps_growth_year": null,
            "eps_4q": null,
            "eps_4q_growth_year": null,
            "roe": null,
            "roe_4q": 0,
            "gross_profit": null,
            "gross_margin": null,
            "gross_margin_4q_avg": 0,
            "net_income": null,
            "net_income_4q": null,
            "revenue": null,
            "revenue_4q": null,
            "common_shares": null,
            "book_valuer_per_share": null,
            "book_valuer_per_share_4q_avg": 0,
            "equity": null,
            "current_ratio": null,
            "debt_ratio": null,
            "inventory_turnover_ratio": null,
            "account_receivable_turnover_ratio": null,
            "reinvestment_rate": null,
            "research_to_sale_ratio": null,
            "price_fair": 0,
            "eps_avg_yearly": 0,
            "eps_latest_yearly": 0,
            "eps_growth_yearly": 0
        },
        "20054": {
            "year_quarter": 20054,
            "year": 2005,
            "quarter": 4,
            "eps": null,
            "eps_growth_year": null,
            "eps_4q": null,
            "eps_4q_growth_year": null,
            "roe": null,
            "roe_4q": 0,
            "gross_profit": null,
            "gross_margin": null,
            "gross_margin_4q_avg": 0,
            "net_income": null,
            "net_income_4q": null,
            "revenue": null,
            "revenue_4q": null,
            "common_shares": null,
            "book_valuer_per_share": null,
            "book_valuer_per_share_4q_avg": 0,
            "equity": null,
            "current_ratio": null,
            "debt_ratio": null,
            "inventory_turnover_ratio": null,
            "account_receivable_turnover_ratio": null,
            "reinvestment_rate": null,
            "research_to_sale_ratio": null,
            "price_fair": 0,
            "eps_avg_yearly": 0,
            "eps_latest_yearly": 0,
            "eps_growth_yearly": 0
        },
        "20061": {
            "year_quarter": 20061,
            "year": 2006,
            "quarter": 1,
            "eps": null,
            "eps_growth_year": null,
            "eps_4q": null,
            "eps_4q_growth_year": null,
            "roe": null,
            "roe_4q": 0,
            "gross_profit": null,
            "gross_margin": null,
            "gross_margin_4q_avg": 0,
            "net_income": null,
            "net_income_4q": null,
            "revenue": null,
            "revenue_4q": null,
            "common_shares": null,
            "book_valuer_per_share": null,
            "book_valuer_per_share_4q_avg": 0,
            "equity": null,
            "current_ratio": null,
            "debt_ratio": null,
            "inventory_turnover_ratio": null,
            "account_receivable_turnover_ratio": null,
            "reinvestment_rate": null,
            "research_to_sale_ratio": null,
            "price_fair": 0,
            "eps_avg_yearly": 0,
            "eps_latest_yearly": 0,
            "eps_growth_yearly": 0
        },
        "20062": {
            "year_quarter": 20062,
            "year": 2006,
            "quarter": 2,
            "eps": null,
            "eps_growth_year": null,
            "eps_4q": null,
            "eps_4q_growth_year": null,
            "roe": null,
            "roe_4q": 0,
            "gross_profit": null,
            "gross_margin": null,
            "gross_margin_4q_avg": 0,
            "net_income": null,
            "net_income_4q": null,
            "revenue": null,
            "revenue_4q": null,
            "common_shares": null,
            "book_valuer_per_share": null,
            "book_valuer_per_share_4q_avg": 0,
            "equity": null,
            "current_ratio": null,
            "debt_ratio": null,
            "inventory_turnover_ratio": null,
            "account_receivable_turnover_ratio": null,
            "reinvestment_rate": null,
            "research_to_sale_ratio": null,
            "price_fair": 0,
            "eps_avg_yearly": 0,
            "eps_latest_yearly": 0,
            "eps_growth_yearly": 0
        },
        "20063": {
            "year_quarter": 20063,
            "year": 2006,
            "quarter": 3,
            "eps": null,
            "eps_growth_year": null,
            "eps_4q": null,
            "eps_4q_growth_year": null,
            "roe": null,
            "roe_4q": 0,
            "gross_profit": null,
            "gross_margin": null,
            "gross_margin_4q_avg": 0,
            "net_income": null,
            "net_income_4q": null,
            "revenue": null,
            "revenue_4q": null,
            "common_shares": null,
            "book_valuer_per_share": null,
            "book_valuer_per_share_4q_avg": 0,
            "equity": null,
            "current_ratio": null,
            "debt_ratio": null,
            "inventory_turnover_ratio": null,
            "account_receivable_turnover_ratio": null,
            "reinvestment_rate": null,
            "research_to_sale_ratio": null,
            "price_fair": 0,
            "eps_avg_yearly": 0,
            "eps_latest_yearly": 0,
            "eps_growth_yearly": 0
        },
        "20064": {
            "year_quarter": 20064,
            "year": 2006,
            "quarter": 4,
            "eps": null,
            "eps_growth_year": null,
            "eps_4q": null,
            "eps_4q_growth_year": null,
            "roe": null,
            "roe_4q": 0,
            "gross_profit": null,
            "gross_margin": null,
            "gross_margin_4q_avg": 0,
            "net_income": null,
            "net_income_4q": null,
            "revenue": null,
            "revenue_4q": null,
            "common_shares": null,
            "book_valuer_per_share": null,
            "book_valuer_per_share_4q_avg": 0,
            "equity": null,
            "current_ratio": null,
            "debt_ratio": null,
            "inventory_turnover_ratio": null,
            "account_receivable_turnover_ratio": null,
            "reinvestment_rate": null,
            "research_to_sale_ratio": null,
            "price_fair": 0,
            "eps_avg_yearly": 0,
            "eps_latest_yearly": 0,
            "eps_growth_yearly": 0
        },
        "20071": {
            "year_quarter": 20071,
            "year": 2007,
            "quarter": 1,
            "eps": null,
            "eps_growth_year": null,
            "eps_4q": null,
            "eps_4q_growth_year": null,
            "roe": null,
            "roe_4q": 0,
            "gross_profit": null,
            "gross_margin": null,
            "gross_margin_4q_avg": 0,
            "net_income": null,
            "net_income_4q": null,
            "revenue": null,
            "revenue_4q": null,
            "common_shares": null,
            "book_valuer_per_share": null,
            "book_valuer_per_share_4q_avg": 0,
            "equity": null,
            "current_ratio": null,
            "debt_ratio": null,
            "inventory_turnover_ratio": null,
            "account_receivable_turnover_ratio": null,
            "reinvestment_rate": null,
            "research_to_sale_ratio": null,
            "price_fair": 0,
            "eps_avg_yearly": 0,
            "eps_latest_yearly": 0,
            "eps_growth_yearly": 0
        },
        "20072": {
            "year_quarter": 20072,
            "year": 2007,
            "quarter": 2,
            "eps": null,
            "eps_growth_year": null,
            "eps_4q": null,
            "eps_4q_growth_year": null,
            "roe": null,
            "roe_4q": 0,
            "gross_profit": null,
            "gross_margin": null,
            "gross_margin_4q_avg": 0,
            "net_income": null,
            "net_income_4q": null,
            "revenue": null,
            "revenue_4q": null,
            "common_shares": null,
            "book_valuer_per_share": null,
            "book_valuer_per_share_4q_avg": 0,
            "equity": null,
            "current_ratio": null,
            "debt_ratio": null,
            "inventory_turnover_ratio": null,
            "account_receivable_turnover_ratio": null,
            "reinvestment_rate": null,
            "research_to_sale_ratio": null,
            "price_fair": 0,
            "eps_avg_yearly": 0,
            "eps_latest_yearly": 0,
            "eps_growth_yearly": 0
        },
        "20073": {
            "year_quarter": 20073,
            "year": 2007,
            "quarter": 3,
            "eps": null,
            "eps_growth_year": null,
            "eps_4q": null,
            "eps_4q_growth_year": null,
            "roe": null,
            "roe_4q": 0,
            "gross_profit": null,
            "gross_margin": null,
            "gross_margin_4q_avg": 0,
            "net_income": null,
            "net_income_4q": null,
            "revenue": null,
            "revenue_4q": null,
            "common_shares": null,
            "book_valuer_per_share": null,
            "book_valuer_per_share_4q_avg": 0,
            "equity": null,
            "current_ratio": null,
            "debt_ratio": null,
            "inventory_turnover_ratio": null,
            "account_receivable_turnover_ratio": null,
            "reinvestment_rate": null,
            "research_to_sale_ratio": null,
            "price_fair": 0,
            "eps_avg_yearly": 0,
            "eps_latest_yearly": 0,
            "eps_growth_yearly": 0
        },
        "20074": {
            "year_quarter": 20074,
            "year": 2007,
            "quarter": 4,
            "eps": null,
            "eps_growth_year": null,
            "eps_4q": null,
            "eps_4q_growth_year": null,
            "roe": null,
            "roe_4q": 0,
            "gross_profit": null,
            "gross_margin": null,
            "gross_margin_4q_avg": 0,
            "net_income": null,
            "net_income_4q": null,
            "revenue": null,
            "revenue_4q": null,
            "common_shares": null,
            "book_valuer_per_share": null,
            "book_valuer_per_share_4q_avg": 0,
            "equity": null,
            "current_ratio": null,
            "debt_ratio": null,
            "inventory_turnover_ratio": null,
            "account_receivable_turnover_ratio": null,
            "reinvestment_rate": null,
            "research_to_sale_ratio": null,
            "price_fair": 0,
            "eps_avg_yearly": 0,
            "eps_latest_yearly": 0,
            "eps_growth_yearly": 0
        },
        "20081": {
            "year_quarter": 20081,
            "year": 2008,
            "quarter": 1,
            "eps": null,
            "eps_growth_year": null,
            "eps_4q": null,
            "eps_4q_growth_year": null,
            "roe": null,
            "roe_4q": 0,
            "gross_profit": null,
            "gross_margin": null,
            "gross_margin_4q_avg": 0,
            "net_income": null,
            "net_income_4q": null,
            "revenue": null,
            "revenue_4q": null,
            "common_shares": null,
            "book_valuer_per_share": null,
            "book_valuer_per_share_4q_avg": 0,
            "equity": null,
            "current_ratio": null,
            "debt_ratio": null,
            "inventory_turnover_ratio": null,
            "account_receivable_turnover_ratio": null,
            "reinvestment_rate": null,
            "research_to_sale_ratio": null,
            "price_fair": 0,
            "eps_avg_yearly": 0,
            "eps_latest_yearly": 0,
            "eps_growth_yearly": 0
        },
        "20082": {
            "year_quarter": 20082,
            "year": 2008,
            "quarter": 2,
            "eps": null,
            "eps_growth_year": null,
            "eps_4q": null,
            "eps_4q_growth_year": null,
            "roe": null,
            "roe_4q": 0,
            "gross_profit": null,
            "gross_margin": null,
            "gross_margin_4q_avg": 0,
            "net_income": null,
            "net_income_4q": null,
            "revenue": null,
            "revenue_4q": null,
            "common_shares": null,
            "book_valuer_per_share": null,
            "book_valuer_per_share_4q_avg": 0,
            "equity": null,
            "current_ratio": null,
            "debt_ratio": null,
            "inventory_turnover_ratio": null,
            "account_receivable_turnover_ratio": null,
            "reinvestment_rate": null,
            "research_to_sale_ratio": null,
            "price_fair": 0,
            "eps_avg_yearly": 0,
            "eps_latest_yearly": 0,
            "eps_growth_yearly": 0
        },
        "20083": {
            "year_quarter": 20083,
            "year": 2008,
            "quarter": 3,
            "eps": null,
            "eps_growth_year": null,
            "eps_4q": null,
            "eps_4q_growth_year": null,
            "roe": null,
            "roe_4q": 0,
            "gross_profit": null,
            "gross_margin": null,
            "gross_margin_4q_avg": 0,
            "net_income": null,
            "net_income_4q": null,
            "revenue": null,
            "revenue_4q": null,
            "common_shares": null,
            "book_valuer_per_share": null,
            "book_valuer_per_share_4q_avg": 0,
            "equity": null,
            "current_ratio": null,
            "debt_ratio": null,
            "inventory_turnover_ratio": null,
            "account_receivable_turnover_ratio": null,
            "reinvestment_rate": null,
            "research_to_sale_ratio": null,
            "price_fair": 0,
            "eps_avg_yearly": 0,
            "eps_latest_yearly": 0,
            "eps_growth_yearly": 0
        },
        "20084": {
            "year_quarter": 20084,
            "year": 2008,
            "quarter": 4,
            "eps": null,
            "eps_growth_year": null,
            "eps_4q": null,
            "eps_4q_growth_year": null,
            "roe": null,
            "roe_4q": 0,
            "gross_profit": null,
            "gross_margin": null,
            "gross_margin_4q_avg": 0,
            "net_income": null,
            "net_income_4q": null,
            "revenue": null,
            "revenue_4q": null,
            "common_shares": null,
            "book_valuer_per_share": null,
            "book_valuer_per_share_4q_avg": 0,
            "equity": null,
            "current_ratio": null,
            "debt_ratio": null,
            "inventory_turnover_ratio": null,
            "account_receivable_turnover_ratio": null,
            "reinvestment_rate": null,
            "research_to_sale_ratio": null,
            "price_fair": 0,
            "eps_avg_yearly": 0,
            "eps_latest_yearly": 0,
            "eps_growth_yearly": 0
        },
        "20091": {
            "year_quarter": 20091,
            "year": 2009,
            "quarter": 1,
            "eps": null,
            "eps_growth_year": null,
            "eps_4q": null,
            "eps_4q_growth_year": null,
            "roe": null,
            "roe_4q": 0,
            "gross_profit": null,
            "gross_margin": null,
            "gross_margin_4q_avg": 0,
            "net_income": null,
            "net_income_4q": null,
            "revenue": null,
            "revenue_4q": null,
            "common_shares": null,
            "book_valuer_per_share": null,
            "book_valuer_per_share_4q_avg": 0,
            "equity": null,
            "current_ratio": null,
            "debt_ratio": null,
            "inventory_turnover_ratio": null,
            "account_receivable_turnover_ratio": null,
            "reinvestment_rate": null,
            "research_to_sale_ratio": null,
            "price_fair": 0,
            "eps_avg_yearly": 0,
            "eps_latest_yearly": 0,
            "eps_growth_yearly": 0
        },
        "20092": {
            "year_quarter": 20092,
            "year": 2009,
            "quarter": 2,
            "eps": null,
            "eps_growth_year": null,
            "eps_4q": null,
            "eps_4q_growth_year": null,
            "roe": null,
            "roe_4q": 0,
            "gross_profit": null,
            "gross_margin": null,
            "gross_margin_4q_avg": 0,
            "net_income": null,
            "net_income_4q": null,
            "revenue": null,
            "revenue_4q": null,
            "common_shares": null,
            "book_valuer_per_share": null,
            "book_valuer_per_share_4q_avg": 0,
            "equity": null,
            "current_ratio": null,
            "debt_ratio": null,
            "inventory_turnover_ratio": null,
            "account_receivable_turnover_ratio": null,
            "reinvestment_rate": null,
            "research_to_sale_ratio": null,
            "price_fair": 0,
            "eps_avg_yearly": 0,
            "eps_latest_yearly": 0,
            "eps_growth_yearly": 0
        },
        "20093": {
            "year_quarter": 20093,
            "year": 2009,
            "quarter": 3,
            "eps": null,
            "eps_growth_year": null,
            "eps_4q": null,
            "eps_4q_growth_year": null,
            "roe": null,
            "roe_4q": 0,
            "gross_profit": null,
            "gross_margin": null,
            "gross_margin_4q_avg": 0,
            "net_income": null,
            "net_income_4q": null,
            "revenue": null,
            "revenue_4q": null,
            "common_shares": null,
            "book_valuer_per_share": null,
            "book_valuer_per_share_4q_avg": 0,
            "equity": null,
            "current_ratio": null,
            "debt_ratio": null,
            "inventory_turnover_ratio": null,
            "account_receivable_turnover_ratio": null,
            "reinvestment_rate": null,
            "research_to_sale_ratio": null,
            "price_fair": 0,
            "eps_avg_yearly": 0,
            "eps_latest_yearly": 0,
            "eps_growth_yearly": 0
        },
        "20094": {
            "year_quarter": 20094,
            "year": 2009,
            "quarter": 4,
            "eps": null,
            "eps_growth_year": null,
            "eps_4q": null,
            "eps_4q_growth_year": null,
            "roe": null,
            "roe_4q": 0,
            "gross_profit": null,
            "gross_margin": null,
            "gross_margin_4q_avg": 0,
            "net_income": null,
            "net_income_4q": null,
            "revenue": null,
            "revenue_4q": null,
            "common_shares": null,
            "book_valuer_per_share": null,
            "book_valuer_per_share_4q_avg": 0,
            "equity": null,
            "current_ratio": null,
            "debt_ratio": null,
            "inventory_turnover_ratio": null,
            "account_receivable_turnover_ratio": null,
            "reinvestment_rate": null,
            "research_to_sale_ratio": null,
            "price_fair": 0,
            "eps_avg_yearly": 0,
            "eps_latest_yearly": 0,
            "eps_growth_yearly": 0
        },
        "20101": {
            "year_quarter": 20101,
            "year": 2010,
            "quarter": 1,
            "eps": null,
            "eps_growth_year": null,
            "eps_4q": null,
            "eps_4q_growth_year": null,
            "roe": null,
            "roe_4q": 0,
            "gross_profit": null,
            "gross_margin": null,
            "gross_margin_4q_avg": 0,
            "net_income": null,
            "net_income_4q": null,
            "revenue": null,
            "revenue_4q": null,
            "common_shares": null,
            "book_valuer_per_share": null,
            "book_valuer_per_share_4q_avg": 0,
            "equity": null,
            "current_ratio": null,
            "debt_ratio": null,
            "inventory_turnover_ratio": null,
            "account_receivable_turnover_ratio": null,
            "reinvestment_rate": null,
            "research_to_sale_ratio": null,
            "price_fair": 0,
            "eps_avg_yearly": 0,
            "eps_latest_yearly": 0,
            "eps_growth_yearly": 0
        },
        "20102": {
            "year_quarter": 20102,
            "year": 2010,
            "quarter": 2,
            "eps": null,
            "eps_growth_year": null,
            "eps_4q": null,
            "eps_4q_growth_year": null,
            "roe": null,
            "roe_4q": 0,
            "gross_profit": null,
            "gross_margin": null,
            "gross_margin_4q_avg": 0,
            "net_income": null,
            "net_income_4q": null,
            "revenue": null,
            "revenue_4q": null,
            "common_shares": null,
            "book_valuer_per_share": null,
            "book_valuer_per_share_4q_avg": 0,
            "equity": null,
            "current_ratio": null,
            "debt_ratio": null,
            "inventory_turnover_ratio": null,
            "account_receivable_turnover_ratio": null,
            "reinvestment_rate": null,
            "research_to_sale_ratio": null,
            "price_fair": 0,
            "eps_avg_yearly": 0,
            "eps_latest_yearly": 0,
            "eps_growth_yearly": 0
        },
        "20103": {
            "year_quarter": 20103,
            "year": 2010,
            "quarter": 3,
            "eps": null,
            "eps_growth_year": null,
            "eps_4q": null,
            "eps_4q_growth_year": null,
            "roe": null,
            "roe_4q": 0,
            "gross_profit": null,
            "gross_margin": null,
            "gross_margin_4q_avg": 0,
            "net_income": null,
            "net_income_4q": null,
            "revenue": null,
            "revenue_4q": null,
            "common_shares": null,
            "book_valuer_per_share": null,
            "book_valuer_per_share_4q_avg": 0,
            "equity": null,
            "current_ratio": null,
            "debt_ratio": null,
            "inventory_turnover_ratio": null,
            "account_receivable_turnover_ratio": null,
            "reinvestment_rate": null,
            "research_to_sale_ratio": null,
            "price_fair": 0,
            "eps_avg_yearly": 0,
            "eps_latest_yearly": 0,
            "eps_growth_yearly": 0
        },
        "20104": {
            "year_quarter": 20104,
            "year": 2010,
            "quarter": 4,
            "eps": null,
            "eps_growth_year": null,
            "eps_4q": null,
            "eps_4q_growth_year": null,
            "roe": null,
            "roe_4q": 0,
            "gross_profit": null,
            "gross_margin": null,
            "gross_margin_4q_avg": 0,
            "net_income": null,
            "net_income_4q": null,
            "revenue": null,
            "revenue_4q": null,
            "common_shares": null,
            "book_valuer_per_share": null,
            "book_valuer_per_share_4q_avg": 0,
            "equity": null,
            "current_ratio": null,
            "debt_ratio": null,
            "inventory_turnover_ratio": null,
            "account_receivable_turnover_ratio": null,
            "reinvestment_rate": null,
            "research_to_sale_ratio": null,
            "price_fair": 0,
            "eps_avg_yearly": 0,
            "eps_latest_yearly": 0,
            "eps_growth_yearly": 0
        },
        "20111": {
            "year_quarter": 20111,
            "year": 2011,
            "quarter": 1,
            "eps": null,
            "eps_growth_year": null,
            "eps_4q": null,
            "eps_4q_growth_year": null,
            "roe": null,
            "roe_4q": 0,
            "gross_profit": null,
            "gross_margin": null,
            "gross_margin_4q_avg": 0,
            "net_income": null,
            "net_income_4q": null,
            "revenue": null,
            "revenue_4q": null,
            "common_shares": null,
            "book_valuer_per_share": null,
            "book_valuer_per_share_4q_avg": 0,
            "equity": null,
            "current_ratio": null,
            "debt_ratio": null,
            "inventory_turnover_ratio": null,
            "account_receivable_turnover_ratio": null,
            "reinvestment_rate": null,
            "research_to_sale_ratio": null,
            "price_fair": 0,
            "eps_avg_yearly": 0,
            "eps_latest_yearly": 0,
            "eps_growth_yearly": 0
        },
        "20112": {
            "year_quarter": 20112,
            "year": 2011,
            "quarter": 2,
            "eps": null,
            "eps_growth_year": null,
            "eps_4q": null,
            "eps_4q_growth_year": null,
            "roe": null,
            "roe_4q": 0,
            "gross_profit": null,
            "gross_margin": null,
            "gross_margin_4q_avg": 0,
            "net_income": null,
            "net_income_4q": null,
            "revenue": null,
            "revenue_4q": null,
            "common_shares": null,
            "book_valuer_per_share": null,
            "book_valuer_per_share_4q_avg": 0,
            "equity": null,
            "current_ratio": null,
            "debt_ratio": null,
            "inventory_turnover_ratio": null,
            "account_receivable_turnover_ratio": null,
            "reinvestment_rate": null,
            "research_to_sale_ratio": null,
            "price_fair": 0,
            "eps_avg_yearly": 0,
            "eps_latest_yearly": 0,
            "eps_growth_yearly": 0
        },
        "20113": {
            "year_quarter": 20113,
            "year": 2011,
            "quarter": 3,
            "eps": null,
            "eps_growth_year": null,
            "eps_4q": null,
            "eps_4q_growth_year": null,
            "roe": null,
            "roe_4q": 0,
            "gross_profit": null,
            "gross_margin": null,
            "gross_margin_4q_avg": 0,
            "net_income": null,
            "net_income_4q": null,
            "revenue": null,
            "revenue_4q": null,
            "common_shares": null,
            "book_valuer_per_share": null,
            "book_valuer_per_share_4q_avg": 0,
            "equity": null,
            "current_ratio": null,
            "debt_ratio": null,
            "inventory_turnover_ratio": null,
            "account_receivable_turnover_ratio": null,
            "reinvestment_rate": null,
            "research_to_sale_ratio": null,
            "price_fair": 0,
            "eps_avg_yearly": 0,
            "eps_latest_yearly": 0,
            "eps_growth_yearly": 0
        },
        "20114": {
            "year_quarter": 20114,
            "year": 2011,
            "quarter": 4,
            "eps": null,
            "eps_growth_year": null,
            "eps_4q": null,
            "eps_4q_growth_year": null,
            "roe": null,
            "roe_4q": 0,
            "gross_profit": null,
            "gross_margin": null,
            "gross_margin_4q_avg": 0,
            "net_income": null,
            "net_income_4q": null,
            "revenue": null,
            "revenue_4q": null,
            "common_shares": 1100000,
            "book_valuer_per_share": 20.13,
            "book_valuer_per_share_4q_avg": 5.03,
            "equity": 2214362,
            "current_ratio": 100.05,
            "debt_ratio": 44.32,
            "inventory_turnover_ratio": null,
            "account_receivable_turnover_ratio": null,
            "reinvestment_rate": null,
            "research_to_sale_ratio": null,
            "price_fair": 0,
            "eps_avg_yearly": 0,
            "eps_latest_yearly": 0,
            "eps_growth_yearly": 0
        },
        "20121": {
            "year_quarter": 20121,
            "year": 2012,
            "quarter": 1,
            "eps": null,
            "eps_growth_year": null,
            "eps_4q": null,
            "eps_4q_growth_year": null,
            "roe": null,
            "roe_4q": 0,
            "gross_profit": null,
            "gross_margin": null,
            "gross_margin_4q_avg": 0,
            "net_income": null,
            "net_income_4q": null,
            "revenue": null,
            "revenue_4q": null,
            "common_shares": null,
            "book_valuer_per_share": null,
            "book_valuer_per_share_4q_avg": 5.03,
            "equity": null,
            "current_ratio": null,
            "debt_ratio": null,
            "inventory_turnover_ratio": null,
            "account_receivable_turnover_ratio": null,
            "reinvestment_rate": null,
            "research_to_sale_ratio": null,
            "price_fair": 0,
            "eps_avg_yearly": 0,
            "eps_latest_yearly": 0,
            "eps_growth_yearly": 0
        },
        "20122": {
            "year_quarter": 20122,
            "year": 2012,
            "quarter": 2,
            "eps": null,
            "eps_growth_year": null,
            "eps_4q": null,
            "eps_4q_growth_year": null,
            "roe": null,
            "roe_4q": 0,
            "gross_profit": null,
            "gross_margin": null,
            "gross_margin_4q_avg": 0,
            "net_income": null,
            "net_income_4q": null,
            "revenue": null,
            "revenue_4q": null,
            "common_shares": null,
            "book_valuer_per_share": null,
            "book_valuer_per_share_4q_avg": 5.03,
            "equity": null,
            "current_ratio": null,
            "debt_ratio": null,
            "inventory_turnover_ratio": null,
            "account_receivable_turnover_ratio": null,
            "reinvestment_rate": null,
            "research_to_sale_ratio": null,
            "price_fair": 0,
            "eps_avg_yearly": 0,
            "eps_latest_yearly": 0,
            "eps_growth_yearly": 0
        },
        "20123": {
            "year_quarter": 20123,
            "year": 2012,
            "quarter": 3,
            "eps": null,
            "eps_growth_year": null,
            "eps_4q": null,
            "eps_4q_growth_year": null,
            "roe": null,
            "roe_4q": 0,
            "gross_profit": null,
            "gross_margin": null,
            "gross_margin_4q_avg": 0,
            "net_income": null,
            "net_income_4q": null,
            "revenue": null,
            "revenue_4q": null,
            "common_shares": null,
            "book_valuer_per_share": null,
            "book_valuer_per_share_4q_avg": 5.03,
            "equity": null,
            "current_ratio": null,
            "debt_ratio": null,
            "inventory_turnover_ratio": null,
            "account_receivable_turnover_ratio": null,
            "reinvestment_rate": null,
            "research_to_sale_ratio": null,
            "price_fair": 0,
            "eps_avg_yearly": 0,
            "eps_latest_yearly": 0,
            "eps_growth_yearly": 0
        },
        "20124": {
            "year_quarter": 20124,
            "year": 2012,
            "quarter": 4,
            "eps": null,
            "eps_growth_year": null,
            "eps_4q": null,
            "eps_4q_growth_year": null,
            "roe": null,
            "roe_4q": 0,
            "gross_profit": null,
            "gross_margin": null,
            "gross_margin_4q_avg": 0,
            "net_income": null,
            "net_income_4q": null,
            "revenue": null,
            "revenue_4q": null,
            "common_shares": 1100000,
            "book_valuer_per_share": 19.14,
            "book_valuer_per_share_4q_avg": 4.79,
            "equity": 2105563,
            "current_ratio": 99.52,
            "debt_ratio": 61.72,
            "inventory_turnover_ratio": null,
            "account_receivable_turnover_ratio": null,
            "reinvestment_rate": null,
            "research_to_sale_ratio": null,
            "price_fair": 0,
            "eps_avg_yearly": 0,
            "eps_latest_yearly": 0,
            "eps_growth_yearly": 0
        },
        "20131": {
            "year_quarter": 20131,
            "year": 2013,
            "quarter": 1,
            "eps": null,
            "eps_growth_year": null,
            "eps_4q": null,
            "eps_4q_growth_year": null,
            "roe": null,
            "roe_4q": 0,
            "gross_profit": null,
            "gross_margin": null,
            "gross_margin_4q_avg": 0,
            "net_income": null,
            "net_income_4q": null,
            "revenue": null,
            "revenue_4q": null,
            "common_shares": null,
            "book_valuer_per_share": null,
            "book_valuer_per_share_4q_avg": 4.79,
            "equity": null,
            "current_ratio": null,
            "debt_ratio": null,
            "inventory_turnover_ratio": null,
            "account_receivable_turnover_ratio": null,
            "reinvestment_rate": null,
            "research_to_sale_ratio": null,
            "price_fair": 0,
            "eps_avg_yearly": 0,
            "eps_latest_yearly": 0,
            "eps_growth_yearly": 0
        },
        "20132": {
            "year_quarter": 20132,
            "year": 2013,
            "quarter": 2,
            "eps": null,
            "eps_growth_year": null,
            "eps_4q": null,
            "eps_4q_growth_year": null,
            "roe": null,
            "roe_4q": 0,
            "gross_profit": null,
            "gross_margin": null,
            "gross_margin_4q_avg": 0,
            "net_income": null,
            "net_income_4q": null,
            "revenue": null,
            "revenue_4q": null,
            "common_shares": null,
            "book_valuer_per_share": null,
            "book_valuer_per_share_4q_avg": 4.79,
            "equity": null,
            "current_ratio": null,
            "debt_ratio": null,
            "inventory_turnover_ratio": null,
            "account_receivable_turnover_ratio": null,
            "reinvestment_rate": null,
            "research_to_sale_ratio": null,
            "price_fair": 0,
            "eps_avg_yearly": 0,
            "eps_latest_yearly": 0,
            "eps_growth_yearly": 0
        },
        "20133": {
            "year_quarter": 20133,
            "year": 2013,
            "quarter": 3,
            "eps": null,
            "eps_growth_year": null,
            "eps_4q": null,
            "eps_4q_growth_year": null,
            "roe": null,
            "roe_4q": 0,
            "gross_profit": null,
            "gross_margin": null,
            "gross_margin_4q_avg": 0,
            "net_income": null,
            "net_income_4q": null,
            "revenue": null,
            "revenue_4q": null,
            "common_shares": null,
            "book_valuer_per_share": null,
            "book_valuer_per_share_4q_avg": 4.79,
            "equity": null,
            "current_ratio": null,
            "debt_ratio": null,
            "inventory_turnover_ratio": null,
            "account_receivable_turnover_ratio": null,
            "reinvestment_rate": null,
            "research_to_sale_ratio": null,
            "price_fair": 0,
            "eps_avg_yearly": 0,
            "eps_latest_yearly": 0,
            "eps_growth_yearly": 0
        },
        "20134": {
            "year_quarter": 20134,
            "year": 2013,
            "quarter": 4,
            "eps": null,
            "eps_growth_year": null,
            "eps_4q": null,
            "eps_4q_growth_year": null,
            "roe": null,
            "roe_4q": 0,
            "gross_profit": null,
            "gross_margin": null,
            "gross_margin_4q_avg": 0,
            "net_income": null,
            "net_income_4q": null,
            "revenue": null,
            "revenue_4q": null,
            "common_shares": null,
            "book_valuer_per_share": null,
            "book_valuer_per_share_4q_avg": 0,
            "equity": null,
            "current_ratio": null,
            "debt_ratio": null,
            "inventory_turnover_ratio": null,
            "account_receivable_turnover_ratio": null,
            "reinvestment_rate": null,
            "research_to_sale_ratio": null,
            "price_fair": 0,
            "eps_avg_yearly": 0,
            "eps_latest_yearly": 0,
            "eps_growth_yearly": 0
        },
        "20141": {
            "year_quarter": 20141,
            "year": 2014,
            "quarter": 1,
            "eps": null,
            "eps_growth_year": null,
            "eps_4q": null,
            "eps_4q_growth_year": null,
            "roe": null,
            "roe_4q": 0,
            "gross_profit": null,
            "gross_margin": null,
            "gross_margin_4q_avg": 0,
            "net_income": null,
            "net_income_4q": null,
            "revenue": null,
            "revenue_4q": null,
            "common_shares": null,
            "book_valuer_per_share": null,
            "book_valuer_per_share_4q_avg": 0,
            "equity": null,
            "current_ratio": null,
            "debt_ratio": null,
            "inventory_turnover_ratio": null,
            "account_receivable_turnover_ratio": null,
            "reinvestment_rate": null,
            "research_to_sale_ratio": null,
            "price_fair": 0,
            "eps_avg_yearly": 0,
            "eps_latest_yearly": 0,
            "eps_growth_yearly": 0
        },
        "20142": {
            "year_quarter": 20142,
            "year": 2014,
            "quarter": 2,
            "eps": null,
            "eps_growth_year": null,
            "eps_4q": null,
            "eps_4q_growth_year": null,
            "roe": null,
            "roe_4q": 0,
            "gross_profit": null,
            "gross_margin": null,
            "gross_margin_4q_avg": 0,
            "net_income": null,
            "net_income_4q": null,
            "revenue": null,
            "revenue_4q": null,
            "common_shares": 1100000,
            "book_valuer_per_share": null,
            "book_valuer_per_share_4q_avg": 0,
            "equity": 2152981,
            "current_ratio": null,
            "debt_ratio": null,
            "inventory_turnover_ratio": null,
            "account_receivable_turnover_ratio": null,
            "reinvestment_rate": null,
            "research_to_sale_ratio": null,
            "price_fair": 0,
            "eps_avg_yearly": 0,
            "eps_latest_yearly": 0,
            "eps_growth_yearly": 0
        },
        "20143": {
            "year_quarter": 20143,
            "year": 2014,
            "quarter": 3,
            "eps": null,
            "eps_growth_year": null,
            "eps_4q": null,
            "eps_4q_growth_year": null,
            "roe": null,
            "roe_4q": 0,
            "gross_profit": 207934,
            "gross_margin": null,
            "gross_margin_4q_avg": 0,
            "net_income": 59476,
            "net_income_4q": null,
            "revenue": 2212273,
            "revenue_4q": null,
            "common_shares": 1100000,
            "book_valuer_per_share": null,
            "book_valuer_per_share_4q_avg": 0,
            "equity": 2306866,
            "current_ratio": null,
            "debt_ratio": null,
            "inventory_turnover_ratio": null,
            "account_receivable_turnover_ratio": null,
            "reinvestment_rate": null,
            "research_to_sale_ratio": null,
            "price_fair": 0,
            "eps_avg_yearly": 0,
            "eps_latest_yearly": 0,
            "eps_growth_yearly": 0
        },
        "20144": {
            "year_quarter": 20144,
            "year": 2014,
            "quarter": 4,
            "eps": null,
            "eps_growth_year": null,
            "eps_4q": null,
            "eps_4q_growth_year": null,
            "roe": null,
            "roe_4q": 0,
            "gross_profit": 106790,
            "gross_margin": null,
            "gross_margin_4q_avg": 0,
            "net_income": -23751,
            "net_income_4q": null,
            "revenue": 2222095,
            "revenue_4q": null,
            "common_shares": 1100000,
            "book_valuer_per_share": null,
            "book_valuer_per_share_4q_avg": 0,
            "equity": 2317438,
            "current_ratio": null,
            "debt_ratio": null,
            "inventory_turnover_ratio": null,
            "account_receivable_turnover_ratio": null,
            "reinvestment_rate": null,
            "research_to_sale_ratio": null,
            "price_fair": 0,
            "eps_avg_yearly": 0,
            "eps_latest_yearly": 0,
            "eps_growth_yearly": 0
        },
        "20151": {
            "year_quarter": 20151,
            "year": 2015,
            "quarter": 1,
            "eps": null,
            "eps_growth_year": null,
            "eps_4q": null,
            "eps_4q_growth_year": null,
            "roe": null,
            "roe_4q": 0,
            "gross_profit": 105848,
            "gross_margin": null,
            "gross_margin_4q_avg": 0,
            "net_income": 6591,
            "net_income_4q": null,
            "revenue": 1651066,
            "revenue_4q": null,
            "common_shares": 1100000,
            "book_valuer_per_share": null,
            "book_valuer_per_share_4q_avg": 0,
            "equity": 2312982,
            "current_ratio": null,
            "debt_ratio": null,
            "inventory_turnover_ratio": null,
            "account_receivable_turnover_ratio": null,
            "reinvestment_rate": null,
            "research_to_sale_ratio": null,
            "price_fair": 0,
            "eps_avg_yearly": 0,
            "eps_latest_yearly": 0,
            "eps_growth_yearly": 0
        },
        "20152": {
            "year_quarter": 20152,
            "year": 2015,
            "quarter": 2,
            "eps": null,
            "eps_growth_year": null,
            "eps_4q": null,
            "eps_4q_growth_year": null,
            "roe": null,
            "roe_4q": 0,
            "gross_profit": 147987,
            "gross_margin": null,
            "gross_margin_4q_avg": 0,
            "net_income": 31108,
            "net_income_4q": null,
            "revenue": 2099026,
            "revenue_4q": null,
            "common_shares": 1100000,
            "book_valuer_per_share": 20.36,
            "book_valuer_per_share_4q_avg": 5.09,
            "equity": 2239328,
            "current_ratio": 123.63,
            "debt_ratio": 58.15,
            "inventory_turnover_ratio": null,
            "account_receivable_turnover_ratio": null,
            "reinvestment_rate": null,
            "research_to_sale_ratio": null,
            "price_fair": 0,
            "eps_avg_yearly": 0,
            "eps_latest_yearly": 0,
            "eps_growth_yearly": 0
        },
        "20153": {
            "year_quarter": 20153,
            "year": 2015,
            "quarter": 3,
            "eps": 0.19,
            "eps_growth_year": null,
            "eps_4q": 0.18,
            "eps_4q_growth_year": null,
            "roe": 0.91,
            "roe_4q": 0.91,
            "gross_profit": 141999,
            "gross_margin": 6.85,
            "gross_margin_4q_avg": 1.71,
            "net_income": 20719,
            "net_income_4q": null,
            "revenue": 2073888,
            "revenue_4q": null,
            "common_shares": 1100000,
            "book_valuer_per_share": 21.02,
            "book_valuer_per_share_4q_avg": 10.35,
            "equity": 2312351,
            "current_ratio": 125.54,
            "debt_ratio": 57.14,
            "inventory_turnover_ratio": 1.41,
            "account_receivable_turnover_ratio": 2.4,
            "reinvestment_rate": null,
            "research_to_sale_ratio": 0.41,
            "price_fair": 0,
            "eps_avg_yearly": 0,
            "eps_latest_yearly": 0,
            "eps_growth_yearly": 0
        },
        "20154": {
            "year_quarter": 20154,
            "year": 2015,
            "quarter": 4,
            "eps": 0.02,
            "eps_growth_year": null,
            "eps_4q": 0.21,
            "eps_4q_growth_year": null,
            "roe": 0.11,
            "roe_4q": 1.02,
            "gross_profit": 113621,
            "gross_margin": 6.23,
            "gross_margin_4q_avg": 3.27,
            "net_income": 2604,
            "net_income_4q": null,
            "revenue": 1825148,
            "revenue_4q": null,
            "common_shares": 1121560,
            "book_valuer_per_share": 20.68,
            "book_valuer_per_share_4q_avg": 15.52,
            "equity": 2273715,
            "current_ratio": 132.57,
            "debt_ratio": 52.56,
            "inventory_turnover_ratio": 1.43,
            "account_receivable_turnover_ratio": 2.23,
            "reinvestment_rate": null,
            "research_to_sale_ratio": 0.4,
            "price_fair": 0.24,
            "eps_avg_yearly": 0.08,
            "eps_latest_yearly": 0.08,
            "eps_growth_yearly": -357.89
        },
        "20161": {
            "year_quarter": 20161,
            "year": 2016,
            "quarter": 1,
            "eps": 0.09,
            "eps_growth_year": null,
            "eps_4q": 0.27,
            "eps_4q_growth_year": null,
            "roe": 0.41,
            "roe_4q": 1.4300000000000002,
            "gross_profit": 121813,
            "gross_margin": 7.99,
            "gross_margin_4q_avg": 5.27,
            "net_income": 9686,
            "net_income_4q": null,
            "revenue": 1524774,
            "revenue_4q": null,
            "common_shares": 1243100,
            "book_valuer_per_share": 20.37,
            "book_valuer_per_share_4q_avg": 20.61,
            "equity": 2487507,
            "current_ratio": 140.72,
            "debt_ratio": 49.84,
            "inventory_turnover_ratio": 1.38,
            "account_receivable_turnover_ratio": 2.07,
            "reinvestment_rate": null,
            "research_to_sale_ratio": 0.49,
            "price_fair": 7.7,
            "eps_avg_yearly": 0.22,
            "eps_latest_yearly": 0.36,
            "eps_growth_yearly": 521.05
        },
        "20162": {
            "year_quarter": 20162,
            "year": 2016,
            "quarter": 2,
            "eps": 0.55,
            "eps_growth_year": null,
            "eps_4q": 0.82,
            "eps_4q_growth_year": null,
            "roe": 2.73,
            "roe_4q": 4.16,
            "gross_profit": 183320,
            "gross_margin": 10.16,
            "gross_margin_4q_avg": 7.81,
            "net_income": 67209,
            "net_income_4q": null,
            "revenue": 1803621,
            "revenue_4q": null,
            "common_shares": 1243100,
            "book_valuer_per_share": 20,
            "book_valuer_per_share_4q_avg": 20.52,
            "equity": 2441893,
            "current_ratio": 135.36,
            "debt_ratio": 51.35,
            "inventory_turnover_ratio": 1.47,
            "account_receivable_turnover_ratio": 2.65,
            "reinvestment_rate": null,
            "research_to_sale_ratio": 0.47,
            "price_fair": 30.8,
            "eps_avg_yearly": 0.88,
            "eps_latest_yearly": 2.2,
            "eps_growth_yearly": 1028.85
        },
        "20163": {
            "year_quarter": 20163,
            "year": 2016,
            "quarter": 3,
            "eps": 0.68,
            "eps_growth_year": 257.89,
            "eps_4q": 1.33,
            "eps_4q_growth_year": 619.18,
            "roe": 3.35,
            "roe_4q": 6.6000000000000005,
            "gross_profit": 216460,
            "gross_margin": 11.18,
            "gross_margin_4q_avg": 8.89,
            "net_income": 82736,
            "net_income_4q": null,
            "revenue": 1936310,
            "revenue_4q": null,
            "common_shares": 1243100,
            "book_valuer_per_share": 20.41,
            "book_valuer_per_share_4q_avg": 20.37,
            "equity": 2492102,
            "current_ratio": 103.97,
            "debt_ratio": 57.42,
            "inventory_turnover_ratio": 1.29,
            "account_receivable_turnover_ratio": 2.83,
            "reinvestment_rate": null,
            "research_to_sale_ratio": 0.46,
            "price_fair": 46.9,
            "eps_avg_yearly": 1.34,
            "eps_latest_yearly": 2.72,
            "eps_growth_yearly": 795.27
        },
        "20164": {
            "year_quarter": 20164,
            "year": 2016,
            "quarter": 4,
            "eps": 0.93,
            "eps_growth_year": 3830.85,
            "eps_4q": 2.16,
            "eps_4q_growth_year": 916.34,
            "roe": 4.7,
            "roe_4q": 11.190000000000001,
            "gross_profit": 267281,
            "gross_margin": 12.14,
            "gross_margin_4q_avg": 10.37,
            "net_income": 121319,
            "net_income_4q": null,
            "revenue": 2200860,
            "revenue_4q": null,
            "common_shares": 1221100,
            "book_valuer_per_share": 21.02,
            "book_valuer_per_share_4q_avg": 20.45,
            "equity": 2673295,
            "current_ratio": 106.25,
            "debt_ratio": 54.9,
            "inventory_turnover_ratio": 1.4,
            "account_receivable_turnover_ratio": 2.96,
            "reinvestment_rate": null,
            "research_to_sale_ratio": 0.4,
            "price_fair": 63.56,
            "eps_avg_yearly": 1.82,
            "eps_latest_yearly": 3.72,
            "eps_growth_yearly": 665.63
        },
        "20171": {
            "year_quarter": 20171,
            "year": 2017,
            "quarter": 1,
            "eps": 0.66,
            "eps_growth_year": 633.33,
            "eps_4q": 2.68,
            "eps_4q_growth_year": 890.36,
            "roe": 3.1,
            "roe_4q": 13.88,
            "gross_profit": 251149,
            "gross_margin": 11.37,
            "gross_margin_4q_avg": 11.21,
            "net_income": 84580,
            "net_income_4q": null,
            "revenue": 2209672,
            "revenue_4q": null,
            "common_shares": 1271680,
            "book_valuer_per_share": 20.96,
            "book_valuer_per_share_4q_avg": 20.6,
            "equity": 2785827,
            "current_ratio": 113.19,
            "debt_ratio": 58.81,
            "inventory_turnover_ratio": 1.36,
            "account_receivable_turnover_ratio": 2.65,
            "reinvestment_rate": null,
            "research_to_sale_ratio": 0.37,
            "price_fair": 68.37,
            "eps_avg_yearly": 1.95,
            "eps_latest_yearly": 2.64,
            "eps_growth_yearly": 535.34
        },
        "20172": {
            "year_quarter": 20172,
            "year": 2017,
            "quarter": 2,
            "eps": -0.11,
            "eps_growth_year": -120,
            "eps_4q": 2.05,
            "eps_4q_growth_year": 149.54,
            "roe": -0.53,
            "roe_4q": 10.620000000000001,
            "gross_profit": 91906,
            "gross_margin": 4.37,
            "gross_margin_4q_avg": 9.77,
            "net_income": -14260,
            "net_income_4q": null,
            "revenue": 2102725,
            "revenue_4q": null,
            "common_shares": 1329179,
            "book_valuer_per_share": 19.35,
            "book_valuer_per_share_4q_avg": 20.44,
            "equity": 2592566,
            "current_ratio": 106.05,
            "debt_ratio": 62.57,
            "inventory_turnover_ratio": 1.36,
            "account_receivable_turnover_ratio": 2.25,
            "reinvestment_rate": null,
            "research_to_sale_ratio": 0.4,
            "price_fair": 68.37,
            "eps_avg_yearly": 1.95,
            "eps_latest_yearly": 2.64,
            "eps_growth_yearly": 535.34
        },
        "20173": {
            "year_quarter": 20173,
            "year": 2017,
            "quarter": 3,
            "eps": 0.27,
            "eps_growth_year": -60.29,
            "eps_4q": 1.62,
            "eps_4q_growth_year": 22.09,
            "roe": 1.36,
            "roe_4q": 8.63,
            "gross_profit": 149452,
            "gross_margin": 6.99,
            "gross_margin_4q_avg": 8.72,
            "net_income": 36407,
            "net_income_4q": null,
            "revenue": 2137372,
            "revenue_4q": null,
            "common_shares": 1339702,
            "book_valuer_per_share": 19.6,
            "book_valuer_per_share_4q_avg": 20.23,
            "equity": 2755562,
            "current_ratio": 108.01,
            "debt_ratio": 59.42,
            "inventory_turnover_ratio": 1.58,
            "account_receivable_turnover_ratio": 2.18,
            "reinvestment_rate": null,
            "research_to_sale_ratio": 0.34,
            "price_fair": 68.37,
            "eps_avg_yearly": 1.95,
            "eps_latest_yearly": 2.64,
            "eps_growth_yearly": 535.34
        },
        "20174": {
            "year_quarter": 20174,
            "year": 2017,
            "quarter": 4,
            "eps": 0.73,
            "eps_growth_year": -21.87,
            "eps_4q": 1.48,
            "eps_4q_growth_year": -31.21,
            "roe": 3.65,
            "roe_4q": 7.58,
            "gross_profit": 188661,
            "gross_margin": 9.01,
            "gross_margin_4q_avg": 7.94,
            "net_income": 102729,
            "net_income_4q": null,
            "revenue": 2093838,
            "revenue_4q": null,
            "common_shares": 1405830,
            "book_valuer_per_share": 20.35,
            "book_valuer_per_share_4q_avg": 20.07,
            "equity": 2873655,
            "current_ratio": 103.33,
            "debt_ratio": 62.5,
            "inventory_turnover_ratio": 1.57,
            "account_receivable_turnover_ratio": 1.96,
            "reinvestment_rate": null,
            "research_to_sale_ratio": 0.46,
            "price_fair": 73.2,
            "eps_avg_yearly": 2.09,
            "eps_latest_yearly": 2.92,
            "eps_growth_yearly": 556.22
        },
        "20181": {
            "year_quarter": 20181,
            "year": 2018,
            "quarter": 1,
            "eps": 0.38,
            "eps_growth_year": -42.42,
            "eps_4q": 1.25,
            "eps_4q_growth_year": -53.17,
            "roe": 1.82,
            "roe_4q": 6.3,
            "gross_profit": 125099,
            "gross_margin": 6.21,
            "gross_margin_4q_avg": 6.65,
            "net_income": 53070,
            "net_income_4q": null,
            "revenue": 2014698,
            "revenue_4q": null,
            "common_shares": 1405830,
            "book_valuer_per_share": 20.89,
            "book_valuer_per_share_4q_avg": 20.05,
            "equity": 2965669,
            "current_ratio": 99.62,
            "debt_ratio": 64.04,
            "inventory_turnover_ratio": 1.26,
            "account_receivable_turnover_ratio": 1.92,
            "reinvestment_rate": null,
            "research_to_sale_ratio": 0.34,
            "price_fair": 70.7,
            "eps_avg_yearly": 2.02,
            "eps_latest_yearly": 1.52,
            "eps_growth_yearly": 462.72
        },
        "20182": {
            "year_quarter": 20182,
            "year": 2018,
            "quarter": 2,
            "eps": 0.19,
            "eps_growth_year": null,
            "eps_4q": 1.54,
            "eps_4q_growth_year": -24.81,
            "roe": 0.95,
            "roe_4q": 7.78,
            "gross_profit": 216400,
            "gross_margin": 8.87,
            "gross_margin_4q_avg": 7.77,
            "net_income": 27349,
            "net_income_4q": null,
            "revenue": 2439155,
            "revenue_4q": null,
            "common_shares": 1419370,
            "book_valuer_per_share": 19.41,
            "book_valuer_per_share_4q_avg": 20.06,
            "equity": 2767480,
            "current_ratio": 95.31,
            "debt_ratio": 67.67,
            "inventory_turnover_ratio": 1.27,
            "account_receivable_turnover_ratio": 2.5,
            "reinvestment_rate": 232.71,
            "research_to_sale_ratio": 0.25,
            "price_fair": 65.8,
            "eps_avg_yearly": 1.88,
            "eps_latest_yearly": 0.76,
            "eps_growth_yearly": 389.08
        },
        "20183": {
            "year_quarter": 20183,
            "year": 2018,
            "quarter": 3,
            "eps": 6.14,
            "eps_growth_year": 2174.07,
            "eps_4q": 6.93,
            "eps_4q_growth_year": 327,
            "roe": 26.71,
            "roe_4q": 33.13,
            "gross_profit": 129407,
            "gross_margin": 6.25,
            "gross_margin_4q_avg": 7.59,
            "net_income": 876929,
            "net_income_4q": null,
            "revenue": 2068947,
            "revenue_4q": null,
            "common_shares": 1425829,
            "book_valuer_per_share": 24.83,
            "book_valuer_per_share_4q_avg": 21.37,
            "equity": 3799872,
            "current_ratio": 165.01,
            "debt_ratio": 56.94,
            "inventory_turnover_ratio": 1.08,
            "account_receivable_turnover_ratio": 2.2,
            "reinvestment_rate": 93.06,
            "research_to_sale_ratio": 0.22,
            "price_fair": 145.18,
            "eps_avg_yearly": 4.15,
            "eps_latest_yearly": 24.56,
            "eps_growth_yearly": 1602.8
        },
        "20184": {
            "year_quarter": 20184,
            "year": 2018,
            "quarter": 4,
            "eps": -0.56,
            "eps_growth_year": -177.44,
            "eps_4q": 5.65,
            "eps_4q_growth_year": 280.74,
            "roe": -2.3,
            "roe_4q": 27.18,
            "gross_profit": 30200,
            "gross_margin": 1.49,
            "gross_margin_4q_avg": 5.71,
            "net_income": -86840,
            "net_income_4q": null,
            "revenue": 2030813,
            "revenue_4q": null,
            "common_shares": 1530461,
            "book_valuer_per_share": 24.29,
            "book_valuer_per_share_4q_avg": 22.36,
            "equity": 3744891,
            "current_ratio": 129.93,
            "debt_ratio": 55.06,
            "inventory_turnover_ratio": 1.07,
            "account_receivable_turnover_ratio": 2.35,
            "reinvestment_rate": 122.32,
            "research_to_sale_ratio": 0.41,
            "price_fair": 145.18,
            "eps_avg_yearly": 4.15,
            "eps_latest_yearly": 24.56,
            "eps_growth_yearly": 1602.8
        },
        "20191": {
            "year_quarter": 20191,
            "year": 2019,
            "quarter": 1,
            "eps": 0.06,
            "eps_growth_year": -84.21,
            "eps_4q": 5.29,
            "eps_4q_growth_year": 321.9,
            "roe": 0.26,
            "roe_4q": 25.62,
            "gross_profit": 46712,
            "gross_margin": 2.37,
            "gross_margin_4q_avg": 4.75,
            "net_income": 9740,
            "net_income_4q": null,
            "revenue": 1974536,
            "revenue_4q": null,
            "common_shares": 1530461,
            "book_valuer_per_share": 24.59,
            "book_valuer_per_share_4q_avg": 23.28,
            "equity": 3845672,
            "current_ratio": 128.26,
            "debt_ratio": 56.27,
            "inventory_turnover_ratio": 0.96,
            "account_receivable_turnover_ratio": 2.45,
            "reinvestment_rate": 141.39,
            "research_to_sale_ratio": 0.27,
            "price_fair": 145.18,
            "eps_avg_yearly": 4.15,
            "eps_latest_yearly": 24.56,
            "eps_growth_yearly": 1602.8
        },
        "20192": {
            "year_quarter": 20192,
            "year": 2019,
            "quarter": 2,
            "eps": 0.04,
            "eps_growth_year": -78.95,
            "eps_4q": 5.15,
            "eps_4q_growth_year": 234.48,
            "roe": 0.15,
            "roe_4q": 24.82,
            "gross_profit": 170195,
            "gross_margin": 7.68,
            "gross_margin_4q_avg": 4.45,
            "net_income": 5628,
            "net_income_4q": null,
            "revenue": 2216062,
            "revenue_4q": null,
            "common_shares": 1563868,
            "book_valuer_per_share": 21.92,
            "book_valuer_per_share_4q_avg": 23.91,
            "equity": 3428160,
            "current_ratio": 101.01,
            "debt_ratio": 62.43,
            "inventory_turnover_ratio": 0.97,
            "account_receivable_turnover_ratio": 2.84,
            "reinvestment_rate": 163.26,
            "research_to_sale_ratio": 0.33,
            "price_fair": 132.49,
            "eps_avg_yearly": 3.79,
            "eps_latest_yearly": 0.16,
            "eps_growth_yearly": 1444.97
        },
        "20193": {
            "year_quarter": 20193,
            "year": 2019,
            "quarter": 3,
            "eps": -0.3,
            "eps_growth_year": -104.89,
            "eps_4q": -0.76,
            "eps_4q_growth_year": -110.91,
            "roe": -1.39,
            "roe_4q": -3.28,
            "gross_profit": 135107,
            "gross_margin": 5.8,
            "gross_margin_4q_avg": 4.34,
            "net_income": -46734,
            "net_income_4q": null,
            "revenue": 2329782,
            "revenue_4q": null,
            "common_shares": 1563868,
            "book_valuer_per_share": 21.16,
            "book_valuer_per_share_4q_avg": 22.99,
            "equity": 3309584,
            "current_ratio": 108.28,
            "debt_ratio": 61.19,
            "inventory_turnover_ratio": 1.08,
            "account_receivable_turnover_ratio": 2.89,
            "reinvestment_rate": 156.75,
            "research_to_sale_ratio": 0.26,
            "price_fair": 132.49,
            "eps_avg_yearly": 3.79,
            "eps_latest_yearly": 0.16,
            "eps_growth_yearly": 1444.97
        },
        "20194": {
            "year_quarter": 20194,
            "year": 2019,
            "quarter": 4,
            "eps": 0.25,
            "eps_growth_year": null,
            "eps_4q": 0.05,
            "eps_4q_growth_year": -99.1,
            "roe": 1.18,
            "roe_4q": 0.20000000000000004,
            "gross_profit": 161120,
            "gross_margin": 7.3,
            "gross_margin_4q_avg": 5.79,
            "net_income": 39272,
            "net_income_4q": null,
            "revenue": 2207524,
            "revenue_4q": null,
            "common_shares": 1563868,
            "book_valuer_per_share": 21.26,
            "book_valuer_per_share_4q_avg": 22.23,
            "equity": 3324139,
            "current_ratio": 110.18,
            "debt_ratio": 58.87,
            "inventory_turnover_ratio": 1.16,
            "account_receivable_turnover_ratio": 2.76,
            "reinvestment_rate": 152.27,
            "research_to_sale_ratio": 0.37,
            "price_fair": 145.46,
            "eps_avg_yearly": 4.16,
            "eps_latest_yearly": 0.16,
            "eps_growth_yearly": 1625.26
        },
        "20201": {
            "year_quarter": 20201,
            "year": 2020,
            "quarter": 1,
            "eps": -0.56,
            "eps_growth_year": -1033.33,
            "eps_4q": -0.57,
            "eps_4q_growth_year": -110.79,
            "roe": -2.67,
            "roe_4q": -2.73,
            "gross_profit": 34935,
            "gross_margin": 2.19,
            "gross_margin_4q_avg": 5.74,
            "net_income": -87157,
            "net_income_4q": null,
            "revenue": 1593195,
            "revenue_4q": null,
            "common_shares": 1563868,
            "book_valuer_per_share": 20.6,
            "book_valuer_per_share_4q_avg": 21.24,
            "equity": 3212984,
            "current_ratio": 106.06,
            "debt_ratio": 60.53,
            "inventory_turnover_ratio": 0.87,
            "account_receivable_turnover_ratio": 2.36,
            "reinvestment_rate": 162.14,
            "research_to_sale_ratio": 0.48,
            "price_fair": 160.22,
            "eps_avg_yearly": 4.58,
            "eps_latest_yearly": 0.16,
            "eps_growth_yearly": 1650.29
        },
        "20202": {
            "year_quarter": 20202,
            "year": 2020,
            "quarter": 2,
            "eps": -0.2,
            "eps_growth_year": -600,
            "eps_4q": -0.81,
            "eps_4q_growth_year": -115.82,
            "roe": -0.98,
            "roe_4q": -3.8599999999999994,
            "gross_profit": 83402,
            "gross_margin": 4.98,
            "gross_margin_4q_avg": 5.07,
            "net_income": -30586,
            "net_income_4q": null,
            "revenue": 1675955,
            "revenue_4q": null,
            "common_shares": 1563868,
            "book_valuer_per_share": 19.72,
            "book_valuer_per_share_4q_avg": 20.69,
            "equity": 3030052,
            "current_ratio": 104.15,
            "debt_ratio": 59.32,
            "inventory_turnover_ratio": 0.92,
            "account_receivable_turnover_ratio": 2.8,
            "reinvestment_rate": 169.64,
            "research_to_sale_ratio": 0.36,
            "price_fair": 170.63,
            "eps_avg_yearly": 4.88,
            "eps_latest_yearly": 0.16,
            "eps_growth_yearly": 1601.02
        },
        "20203": {
            "year_quarter": 20203,
            "year": 2020,
            "quarter": 3,
            "eps": 0.41,
            "eps_growth_year": null,
            "eps_4q": -0.1,
            "eps_4q_growth_year": null,
            "roe": 2.05,
            "roe_4q": -0.42000000000000015,
            "gross_profit": 176864,
            "gross_margin": 9.34,
            "gross_margin_4q_avg": 5.95,
            "net_income": 63237,
            "net_income_4q": null,
            "revenue": 1892630,
            "revenue_4q": null,
            "common_shares": 1563868,
            "book_valuer_per_share": 20.34,
            "book_valuer_per_share_4q_avg": 20.48,
            "equity": 3125705,
            "current_ratio": 94.34,
            "debt_ratio": 61.26,
            "inventory_turnover_ratio": 1.04,
            "account_receivable_turnover_ratio": 2.74,
            "reinvestment_rate": 174.31,
            "research_to_sale_ratio": 0.45,
            "price_fair": 181.4,
            "eps_avg_yearly": 5.18,
            "eps_latest_yearly": 0.16,
            "eps_growth_yearly": 1816.23
        },
        "20204": {
            "year_quarter": 20204,
            "year": 2020,
            "quarter": 4,
            "eps": 0.62,
            "eps_growth_year": 145.28,
            "eps_4q": 0.26,
            "eps_4q_growth_year": 416.86,
            "roe": 2.97,
            "roe_4q": 1.3699999999999992,
            "gross_profit": 211381,
            "gross_margin": 9.3,
            "gross_margin_4q_avg": 6.45,
            "net_income": 94663,
            "net_income_4q": null,
            "revenue": 2271823,
            "revenue_4q": null,
            "common_shares": 1563868,
            "book_valuer_per_share": 21.21,
            "book_valuer_per_share_4q_avg": 20.47,
            "equity": 3259089,
            "current_ratio": 96.62,
            "debt_ratio": 61.27,
            "inventory_turnover_ratio": 1.11,
            "account_receivable_turnover_ratio": 2.73,
            "reinvestment_rate": 186.13,
            "research_to_sale_ratio": 0.41,
            "price_fair": 175.2,
            "eps_avg_yearly": 5.01,
            "eps_latest_yearly": 2.48,
            "eps_growth_yearly": 1824.49
        },
        "20211": {
            "year_quarter": 20211,
            "year": 2021,
            "quarter": 1,
            "eps": 0.65,
            "eps_growth_year": null,
            "eps_4q": 1.47,
            "eps_4q_growth_year": null,
            "roe": 3.02,
            "roe_4q": 7.059999999999999,
            "gross_profit": 313250,
            "gross_margin": 12.37,
            "gross_margin_4q_avg": 9,
            "net_income": 100431,
            "net_income_4q": null,
            "revenue": 2532093,
            "revenue_4q": null,
            "common_shares": 1563868,
            "book_valuer_per_share": 21.88,
            "book_valuer_per_share_4q_avg": 20.79,
            "equity": 3392793,
            "current_ratio": 112,
            "debt_ratio": 64.24,
            "inventory_turnover_ratio": 0.95,
            "account_receivable_turnover_ratio": 2.7,
            "reinvestment_rate": 163.22,
            "research_to_sale_ratio": 0.3,
            "price_fair": 175,
            "eps_avg_yearly": 5,
            "eps_latest_yearly": 2.6,
            "eps_growth_yearly": 1843.85
        },
        "20212": {
            "year_quarter": 20212,
            "year": 2021,
            "quarter": 2,
            "eps": 1.11,
            "eps_growth_year": null,
            "eps_4q": 2.77,
            "eps_4q_growth_year": null,
            "roe": 5.01,
            "roe_4q": 13.05,
            "gross_profit": 441000,
            "gross_margin": 12.85,
            "gross_margin_4q_avg": 10.97,
            "net_income": 171784,
            "net_income_4q": null,
            "revenue": 3432425,
            "revenue_4q": null,
            "common_shares": 1563868,
            "book_valuer_per_share": 22.33,
            "book_valuer_per_share_4q_avg": 21.44,
            "equity": 3461964,
            "current_ratio": 118.42,
            "debt_ratio": 65.42,
            "inventory_turnover_ratio": 1.01,
            "account_receivable_turnover_ratio": 3.37,
            "reinvestment_rate": 120.84,
            "research_to_sale_ratio": 0.27,
            "price_fair": 172.55,
            "eps_avg_yearly": 4.93,
            "eps_latest_yearly": 4.44,
            "eps_growth_yearly": 1648.75
        },
        "20213": {
            "year_quarter": 20213,
            "year": 2021,
            "quarter": 3,
            "eps": 1.49,
            "eps_growth_year": 263.41,
            "eps_4q": 3.85,
            "eps_4q_growth_year": null,
            "roe": 6.43,
            "roe_4q": 17.43,
            "gross_profit": 546480,
            "gross_margin": 13.53,
            "gross_margin_4q_avg": 12.01,
            "net_income": 230458,
            "net_income_4q": null,
            "revenue": 4038065,
            "revenue_4q": null,
            "common_shares": 1563868,
            "book_valuer_per_share": 23.88,
            "book_valuer_per_share_4q_avg": 22.33,
            "equity": 3701700,
            "current_ratio": 122.94,
            "debt_ratio": 65.74,
            "inventory_turnover_ratio": 1.02,
            "account_receivable_turnover_ratio": 3.29,
            "reinvestment_rate": 83.36,
            "research_to_sale_ratio": 0.22,
            "price_fair": 176.56,
            "eps_avg_yearly": 5.04,
            "eps_latest_yearly": 5.96,
            "eps_growth_yearly": 1480.77
        },
        "20214": {
            "year_quarter": 20214,
            "year": 2021,
            "quarter": 4,
            "eps": 1.44,
            "eps_growth_year": 134.19,
            "eps_4q": 4.49,
            "eps_4q_growth_year": 1617.75,
            "roe": 5.98,
            "roe_4q": 20.44,
            "gross_profit": 632060,
            "gross_margin": 14.84,
            "gross_margin_4q_avg": 13.4,
            "net_income": 238067,
            "net_income_4q": null,
            "revenue": 4257833,
            "revenue_4q": null,
            "common_shares": 1663868,
            "book_valuer_per_share": 25.78,
            "book_valuer_per_share_4q_avg": 23.47,
            "equity": 4255351,
            "current_ratio": 143.02,
            "debt_ratio": 61.82,
            "inventory_turnover_ratio": 0.93,
            "account_receivable_turnover_ratio": 3.24,
            "reinvestment_rate": 59.37,
            "research_to_sale_ratio": 0.24,
            "price_fair": 187.6,
            "eps_avg_yearly": 5.36,
            "eps_latest_yearly": 5.76,
            "eps_growth_yearly": 1403.56
        },
        "20221": {
            "year_quarter": 20221,
            "year": 2022,
            "quarter": 1,
            "eps": 0.43,
            "eps_growth_year": -33.85,
            "eps_4q": 4.3,
            "eps_4q_growth_year": 193.05,
            "roe": 1.62,
            "roe_4q": 19.04,
            "gross_profit": 347700,
            "gross_margin": 9.32,
            "gross_margin_4q_avg": 12.64,
            "net_income": 70152,
            "net_income_4q": null,
            "revenue": 3731137,
            "revenue_4q": null,
            "common_shares": 1663868,
            "book_valuer_per_share": 26.78,
            "book_valuer_per_share_4q_avg": 24.69,
            "equity": 4420000,
            "current_ratio": 147.69,
            "debt_ratio": 58.27,
            "inventory_turnover_ratio": 0.83,
            "account_receivable_turnover_ratio": 3.4,
            "reinvestment_rate": 52.46,
            "research_to_sale_ratio": 0.21,
            "price_fair": 188.38,
            "eps_avg_yearly": 5.38,
            "eps_latest_yearly": 1.72,
            "eps_growth_yearly": 1393.69
        },
        "20222": {
            "year_quarter": 20222,
            "year": 2022,
            "quarter": 2,
            "eps": 1.43,
            "eps_growth_year": 28.83,
            "eps_4q": 4.7,
            "eps_4q_growth_year": 69.35,
            "roe": 5.46,
            "roe_4q": 19.490000000000002,
            "gross_profit": 662739,
            "gross_margin": 16.36,
            "gross_margin_4q_avg": 13.51,
            "net_income": 236703,
            "net_income_4q": null,
            "revenue": 4050683,
            "revenue_4q": null,
            "common_shares": 1663868,
            "book_valuer_per_share": 25.79,
            "book_valuer_per_share_4q_avg": 25.56,
            "equity": 4256956,
            "current_ratio": 131.53,
            "debt_ratio": 59.82,
            "inventory_turnover_ratio": 0.86,
            "account_receivable_turnover_ratio": 4.13,
            "reinvestment_rate": 43.55,
            "research_to_sale_ratio": 0.2,
            "price_fair": 207.67,
            "eps_avg_yearly": 5.93,
            "eps_latest_yearly": 5.72,
            "eps_growth_yearly": 1519.28
        },
        "20223": {
            "year_quarter": 20223,
            "year": 2022,
            "quarter": 3,
            "eps": -0.56,
            "eps_growth_year": -137.58,
            "eps_4q": 2.74,
            "eps_4q_growth_year": -28.87,
            "roe": -2.2,
            "roe_4q": 10.86,
            "gross_profit": 115213,
            "gross_margin": 3.38,
            "gross_margin_4q_avg": 10.98,
            "net_income": -92623,
            "net_income_4q": null,
            "revenue": 3406770,
            "revenue_4q": null,
            "common_shares": 1663868,
            "book_valuer_per_share": 25.32,
            "book_valuer_per_share_4q_avg": 25.92,
            "equity": 4178061,
            "current_ratio": 126.12,
            "debt_ratio": 53.67,
            "inventory_turnover_ratio": 1.01,
            "account_receivable_turnover_ratio": 3.36,
            "reinvestment_rate": 108.33,
            "research_to_sale_ratio": 0.2,
            "price_fair": 126.18,
            "eps_avg_yearly": 3.61,
            "eps_latest_yearly": 5.72,
            "eps_growth_yearly": 143.4
        },
        "20224": {
            "year_quarter": 20224,
            "year": 2022,
            "quarter": 4,
            "eps": -0.14,
            "eps_growth_year": -109.5,
            "eps_4q": 1.16,
            "eps_4q_growth_year": -74.13,
            "roe": -0.54,
            "roe_4q": 4.34,
            "gross_profit": 45229,
            "gross_margin": 1.58,
            "gross_margin_4q_avg": 7.66,
            "net_income": -22622,
            "net_income_4q": null,
            "revenue": 2854075,
            "revenue_4q": null,
            "common_shares": 1663868,
            "book_valuer_per_share": 25.05,
            "book_valuer_per_share_4q_avg": 25.74,
            "equity": 4134279,
            "current_ratio": 111.47,
            "debt_ratio": 53.86,
            "inventory_turnover_ratio": 1.03,
            "account_receivable_turnover_ratio": 3.17,
            "reinvestment_rate": 59.02,
            "research_to_sale_ratio": 0.23,
            "price_fair": 126.18,
            "eps_avg_yearly": 3.61,
            "eps_latest_yearly": 5.72,
            "eps_growth_yearly": 143.4
        },
        "20231": {
            "year_quarter": 20231,
            "year": 2023,
            "quarter": 1,
            "eps": -0.23,
            "eps_growth_year": -153.49,
            "eps_4q": 0.5,
            "eps_4q_growth_year": -88.31,
            "roe": -0.93,
            "roe_4q": 1.7899999999999996,
            "gross_profit": 113078,
            "gross_margin": 3.87,
            "gross_margin_4q_avg": 6.3,
            "net_income": -38439,
            "net_income_4q": null,
            "revenue": 2921778,
            "revenue_4q": null,
            "common_shares": 1663868,
            "book_valuer_per_share": 24.85,
            "book_valuer_per_share_4q_avg": 25.25,
            "equity": 4100902,
            "current_ratio": 106.81,
            "debt_ratio": 57.16,
            "inventory_turnover_ratio": 0.92,
            "account_receivable_turnover_ratio": 3.79,
            "reinvestment_rate": 34.63,
            "research_to_sale_ratio": 0.15,
            "price_fair": 126.18,
            "eps_avg_yearly": 3.61,
            "eps_latest_yearly": 5.72,
            "eps_growth_yearly": 143.4
        },
        "20232": {
            "year_quarter": 20232,
            "year": 2023,
            "quarter": 2,
            "eps": -0.56,
            "eps_growth_year": -139.16,
            "eps_4q": -1.49,
            "eps_4q_growth_year": -131.81,
            "roe": -2.37,
            "roe_4q": -6.040000000000001,
            "gross_profit": 61596,
            "gross_margin": 1.99,
            "gross_margin_4q_avg": 2.71,
            "net_income": -92971,
            "net_income_4q": null,
            "revenue": 3094154,
            "revenue_4q": null,
            "common_shares": 1663868,
            "book_valuer_per_share": 22.76,
            "book_valuer_per_share_4q_avg": 24.5,
            "equity": 3757010,
            "current_ratio": 100.28,
            "debt_ratio": 60.32,
            "inventory_turnover_ratio": 0.93,
            "account_receivable_turnover_ratio": 3.65,
            "reinvestment_rate": -8.33,
            "research_to_sale_ratio": 0.14,
            "price_fair": 143.4,
            "eps_avg_yearly": 4.1,
            "eps_latest_yearly": 5.72,
            "eps_growth_yearly": 182.93
        },
        "20233": {
            "year_quarter": 20233,
            "year": 2023,
            "quarter": 3,
            "eps": -0.29,
            "eps_growth_year": null,
            "eps_4q": -1.23,
            "eps_4q_growth_year": -144.77,
            "roe": -1.28,
            "roe_4q": -5.12,
            "gross_profit": 101784,
            "gross_margin": 3.34,
            "gross_margin_4q_avg": 2.7,
            "net_income": -48442,
            "net_income_4q": null,
            "revenue": 3048521,
            "revenue_4q": null,
            "common_shares": 1663868,
            "book_valuer_per_share": 22.94,
            "book_valuer_per_share_4q_avg": 23.9,
            "equity": 3785556,
            "current_ratio": 98.19,
            "debt_ratio": 60.78,
            "inventory_turnover_ratio": 0.92,
            "account_receivable_turnover_ratio": 3,
            "reinvestment_rate": 21.57,
            "research_to_sale_ratio": 0.14,
            "price_fair": 143.4,
            "eps_avg_yearly": 4.1,
            "eps_latest_yearly": 5.72,
            "eps_growth_yearly": 182.93
        },
        "20234": {
            "year_quarter": 20234,
            "year": 2023,
            "quarter": 4,
            "eps": 0.18,
            "eps_growth_year": null,
            "eps_4q": -0.9,
            "eps_4q_growth_year": -177.21,
            "roe": 0.81,
            "roe_4q": -3.77,
            "gross_profit": 135549,
            "gross_margin": 4.89,
            "gross_margin_4q_avg": 3.52,
            "net_income": 30703,
            "net_income_4q": null,
            "revenue": 2773399,
            "revenue_4q": null,
            "common_shares": 1663868,
            "book_valuer_per_share": 22.71,
            "book_valuer_per_share_4q_avg": 23.32,
            "equity": 3777891,
            "current_ratio": 104.24,
            "debt_ratio": 56.47,
            "inventory_turnover_ratio": 0.93,
            "account_receivable_turnover_ratio": 2.65,
            "reinvestment_rate": 16.96,
            "research_to_sale_ratio": 0.27,
            "price_fair": 143.4,
            "eps_avg_yearly": 4.1,
            "eps_latest_yearly": 5.72,
            "eps_growth_yearly": 182.93
        }
    },
    "months": {
        "2015-02": {
            "month": "2015-02",
            "price": "22.89",
            "revenue": 396578
        },
        "2015-03": {
            "month": "2015-03",
            "price": "23.41",
            "revenue": 617310
        },
        "2015-04": {
            "month": "2015-04",
            "price": "23.06",
            "revenue": 619807
        },
        "2015-05": {
            "month": "2015-05",
            "price": "22.57",
            "revenue": 682720
        },
        "2015-06": {
            "month": "2015-06",
            "price": "21.52",
            "revenue": 746073
        },
        "2015-07": {
            "month": "2015-07",
            "price": "20.85",
            "revenue": 747539
        },
        "2015-08": {
            "month": "2015-08",
            "price": "18.20",
            "revenue": 705072
        },
        "2015-09": {
            "month": "2015-09",
            "price": "16.71",
            "revenue": 621062
        },
        "2015-10": {
            "month": "2015-10",
            "price": "17.65",
            "revenue": 666187
        },
        "2015-11": {
            "month": "2015-11",
            "price": "19.47",
            "revenue": 569138
        },
        "2015-12": {
            "month": "2015-12",
            "price": "20.72",
            "revenue": 586899
        },
        "2016-01": {
            "month": "2016-01",
            "price": "21.03",
            "revenue": 559304
        },
        "2016-02": {
            "month": "2016-02",
            "price": "21.50",
            "revenue": 373475
        },
        "2016-03": {
            "month": "2016-03",
            "price": "20.01",
            "revenue": 591995
        },
        "2016-04": {
            "month": "2016-04",
            "price": "18.92",
            "revenue": 547536
        },
        "2016-05": {
            "month": "2016-05",
            "price": "18.09",
            "revenue": 627237
        },
        "2016-06": {
            "month": "2016-06",
            "price": "17.64",
            "revenue": 628848
        },
        "2016-07": {
            "month": "2016-07",
            "price": "17.53",
            "revenue": 648349
        },
        "2016-08": {
            "month": "2016-08",
            "price": "18.07",
            "revenue": 650424
        },
        "2016-09": {
            "month": "2016-09",
            "price": "18.04",
            "revenue": 637538
        },
        "2016-10": {
            "month": "2016-10",
            "price": "18.66",
            "revenue": 652514
        },
        "2016-11": {
            "month": "2016-11",
            "price": "21.25",
            "revenue": 729101
        },
        "2016-12": {
            "month": "2016-12",
            "price": "23.10",
            "revenue": 826042
        },
        "2017-01": {
            "month": "2017-01",
            "price": "23.67",
            "revenue": 653638
        },
        "2017-02": {
            "month": "2017-02",
            "price": "26.64",
            "revenue": 720455
        },
        "2017-03": {
            "month": "2017-03",
            "price": "29.23",
            "revenue": 835578
        },
        "2017-04": {
            "month": "2017-04",
            "price": "28.06",
            "revenue": 701765
        },
        "2017-05": {
            "month": "2017-05",
            "price": "26.55",
            "revenue": 729483
        },
        "2017-06": {
            "month": "2017-06",
            "price": "25.70",
            "revenue": 671465
        },
        "2017-07": {
            "month": "2017-07",
            "price": "27.24",
            "revenue": 708375
        },
        "2017-08": {
            "month": "2017-08",
            "price": "25.33",
            "revenue": 744402
        },
        "2017-09": {
            "month": "2017-09",
            "price": "25.47",
            "revenue": 679825
        },
        "2017-10": {
            "month": "2017-10",
            "price": "25.17",
            "revenue": 680616
        },
        "2017-11": {
            "month": "2017-11",
            "price": "24.92",
            "revenue": 677101
        },
        "2017-12": {
            "month": "2017-12",
            "price": "24.47",
            "revenue": 739356
        },
        "2018-01": {
            "month": "2018-01",
            "price": "24.97",
            "revenue": 725527
        },
        "2018-02": {
            "month": "2018-02",
            "price": "24.06",
            "revenue": 521098
        },
        "2018-03": {
            "month": "2018-03",
            "price": "23.95",
            "revenue": 768073
        },
        "2018-04": {
            "month": "2018-04",
            "price": "24.40",
            "revenue": 817366
        },
        "2018-05": {
            "month": "2018-05",
            "price": "24.70",
            "revenue": 809955
        },
        "2018-06": {
            "month": "2018-06",
            "price": "24.72",
            "revenue": 812115
        },
        "2018-07": {
            "month": "2018-07",
            "price": "23.87",
            "revenue": 694523
        },
        "2018-08": {
            "month": "2018-08",
            "price": "23.05",
            "revenue": 748882
        },
        "2018-09": {
            "month": "2018-09",
            "price": "23.24",
            "revenue": 625261
        },
        "2018-10": {
            "month": "2018-10",
            "price": "23.57",
            "revenue": 699276
        },
        "2018-11": {
            "month": "2018-11",
            "price": "23.39",
            "revenue": 688715
        },
        "2018-12": {
            "month": "2018-12",
            "price": "24.21",
            "revenue": 640296
        },
        "2019-01": {
            "month": "2019-01",
            "price": "24.01",
            "revenue": 760900
        },
        "2019-02": {
            "month": "2019-02",
            "price": "23.87",
            "revenue": 454092
        },
        "2019-03": {
            "month": "2019-03",
            "price": "26.32",
            "revenue": 779572
        },
        "2019-04": {
            "month": "2019-04",
            "price": "25.88",
            "revenue": 751917
        },
        "2019-05": {
            "month": "2019-05",
            "price": "24.14",
            "revenue": 787848
        },
        "2019-06": {
            "month": "2019-06",
            "price": "23.81",
            "revenue": 656269
        },
        "2019-07": {
            "month": "2019-07",
            "price": "23.98",
            "revenue": 913958
        },
        "2019-08": {
            "month": "2019-08",
            "price": "20.69",
            "revenue": 727194
        },
        "2019-09": {
            "month": "2019-09",
            "price": "21.15",
            "revenue": 688630
        },
        "2019-10": {
            "month": "2019-10",
            "price": "20.23",
            "revenue": 812629
        },
        "2019-11": {
            "month": "2019-11",
            "price": "19.46",
            "revenue": 686903
        },
        "2019-12": {
            "month": "2019-12",
            "price": "18.84",
            "revenue": 707992
        },
        "2020-01": {
            "month": "2020-01",
            "price": "18.64",
            "revenue": 496122
        },
        "2020-02": {
            "month": "2020-02",
            "price": "16.66",
            "revenue": 464213
        },
        "2020-03": {
            "month": "2020-03",
            "price": "14.03",
            "revenue": 632860
        },
        "2020-04": {
            "month": "2020-04",
            "price": "14.86",
            "revenue": 566325
        },
        "2020-05": {
            "month": "2020-05",
            "price": "15.67",
            "revenue": 574928
        },
        "2020-06": {
            "month": "2020-06",
            "price": "15.34",
            "revenue": 534702
        },
        "2020-07": {
            "month": "2020-07",
            "price": "15.11",
            "revenue": 610247
        },
        "2020-08": {
            "month": "2020-08",
            "price": "14.68",
            "revenue": 645619
        },
        "2020-09": {
            "month": "2020-09",
            "price": "14.92",
            "revenue": 636764
        },
        "2020-10": {
            "month": "2020-10",
            "price": "14.81",
            "revenue": 672466
        },
        "2020-11": {
            "month": "2020-11",
            "price": "15.44",
            "revenue": 742212
        },
        "2020-12": {
            "month": "2020-12",
            "price": "17.44",
            "revenue": 857145
        },
        "2021-01": {
            "month": "2021-01",
            "price": "16.60",
            "revenue": 886535
        },
        "2021-02": {
            "month": "2021-02",
            "price": "16.24",
            "revenue": 685675
        },
        "2021-03": {
            "month": "2021-03",
            "price": "16.89",
            "revenue": 959883
        },
        "2021-04": {
            "month": "2021-04",
            "price": "22.32",
            "revenue": 975613
        },
        "2021-05": {
            "month": "2021-05",
            "price": "23.17",
            "revenue": 1235547
        },
        "2021-06": {
            "month": "2021-06",
            "price": "27.83",
            "revenue": 1221264
        },
        "2021-07": {
            "month": "2021-07",
            "price": "41.14",
            "revenue": 1244033
        },
        "2021-08": {
            "month": "2021-08",
            "price": "37.15",
            "revenue": 1278281
        },
        "2021-09": {
            "month": "2021-09",
            "price": "37.95",
            "revenue": 1515752
        },
        "2021-10": {
            "month": "2021-10",
            "price": "31.38",
            "revenue": 1379164
        },
        "2021-11": {
            "month": "2021-11",
            "price": "35.12",
            "revenue": 1499792
        },
        "2021-12": {
            "month": "2021-12",
            "price": "35.51",
            "revenue": 1378770
        },
        "2022-01": {
            "month": "2022-01",
            "price": "32.61",
            "revenue": 1283596
        },
        "2022-02": {
            "month": "2022-02",
            "price": "33.45",
            "revenue": 1179783
        },
        "2022-03": {
            "month": "2022-03",
            "price": "35.15",
            "revenue": 1267758
        },
        "2022-04": {
            "month": "2022-04",
            "price": "34.60",
            "revenue": 1367533
        },
        "2022-05": {
            "month": "2022-05",
            "price": "27.51",
            "revenue": 1119589
        },
        "2022-06": {
            "month": "2022-06",
            "price": "24.41",
            "revenue": 1563560
        },
        "2022-07": {
            "month": "2022-07",
            "price": "20.68",
            "revenue": 1229673
        },
        "2022-08": {
            "month": "2022-08",
            "price": "22.65",
            "revenue": 1099130
        },
        "2022-09": {
            "month": "2022-09",
            "price": "21.82",
            "revenue": 1077967
        },
        "2022-10": {
            "month": "2022-10",
            "price": "20.06",
            "revenue": 818097
        },
        "2022-11": {
            "month": "2022-11",
            "price": "19.87",
            "revenue": 1113525
        },
        "2022-12": {
            "month": "2022-12",
            "price": "20.56",
            "revenue": 922453
        },
        "2023-01": {
            "month": "2023-01",
            "price": "20.91",
            "revenue": 952122
        },
        "2023-02": {
            "month": "2023-02",
            "price": "21.47",
            "revenue": 947459
        },
        "2023-03": {
            "month": "2023-03",
            "price": "20.64",
            "revenue": 1022197
        },
        "2023-04": {
            "month": "2023-04",
            "price": "20.04",
            "revenue": 997113
        },
        "2023-05": {
            "month": "2023-05",
            "price": "19.44",
            "revenue": 1022214
        },
        "2023-06": {
            "month": "2023-06",
            "price": "19.63",
            "revenue": 1074827
        },
        "2023-07": {
            "month": "2023-07",
            "price": "18.63",
            "revenue": 966430
        },
        "2023-08": {
            "month": "2023-08",
            "price": "17.20",
            "revenue": 1111157
        },
        "2023-09": {
            "month": "2023-09",
            "price": "16.99",
            "revenue": 970934
        },
        "2023-10": {
            "month": "2023-10",
            "price": "15.83",
            "revenue": 873381
        },
        "2023-11": {
            "month": "2023-11",
            "price": "16.02",
            "revenue": 959585
        },
        "2023-12": {
            "month": "2023-12",
            "price": "17.17",
            "revenue": 940433
        },
        "2024-01": {
            "month": "2024-01",
            "price": "16.78",
            "revenue": 890278
        },
        "2024-02": {
            "month": "2024-02",
            "price": "16.10",
            "revenue": 624965
        }
    }
}
