{
    "summary": {
        "stock_name": "南港",
        "stock_id": "2101",
        "category": "橡膠",
        "main_business": "輪胎生產<br>輪胎銷售",
        "website_url": "http://www.nankang-tyre.com",
        "ceo": "林君穎",
        "pe_ratio": -41,
        "report_year_from": 2001,
        "report_year_to": 2023,
        "age": 22,
        "eps_negative_percentage": 22,
        "eps_growth_avg": {
            "last_all": -0.34,
            "last_2y": -62.68,
            "last_4y": -24.06,
            "last_8y": -3.77,
            "last_12y": 1.38,
            "last_16y": -6.8,
            "last_20y": -0.34,
            "at_2006_last_3y": 19.76,
            "at_2007_last_3y": 33.21,
            "at_2008_last_3y": -16.79,
            "at_2009_last_3y": -39.53,
            "at_2010_last_3y": -50.87,
            "at_2011_last_3y": -17,
            "at_2012_last_3y": -12.22,
            "at_2013_last_3y": 11.67,
            "at_2014_last_3y": 18.06,
            "at_2015_last_3y": 18.06,
            "at_2016_last_3y": 46.43,
            "at_2017_last_3y": 16.52,
            "at_2018_last_3y": 5.16,
            "at_2019_last_3y": 5.16,
            "at_2020_last_3y": -8.13,
            "at_2021_last_3y": -24.06,
            "at_2022_last_3y": -8.45,
            "at_2023_last_3y": -8.45,
            "at_2006_last_all": 19.76,
            "at_2007_last_all": 15.48,
            "at_2008_last_all": -3.76,
            "at_2009_last_all": -3.76,
            "at_2010_last_all": -10.51,
            "at_2011_last_all": 3.3,
            "at_2012_last_all": -6.58,
            "at_2013_last_all": 2.41,
            "at_2014_last_all": -0.12,
            "at_2015_last_all": 8.22,
            "at_2016_last_all": 9.73,
            "at_2017_last_all": 6.44,
            "at_2018_last_all": 1.29,
            "at_2019_last_all": 7.46,
            "at_2020_last_all": 5.53,
            "at_2021_last_all": -0.34,
            "at_2022_last_all": -0.34,
            "at_2023_last_all": -0.34
        },
        "latest_eps": -0.94,
        "latest_price": 38.95,
        "latest_roe": -7.32,
        "latest_gross_margin": 11.77,
        "latest_equity": 10288434,
        "latest_revenue": 1712289,
        "latest_gross_profit": 201468,
        "latest_net_income": -55272,
        "latest_debt_ratio": 72.83,
        "latest_current_ratio": 147.25,
        "latest_account_receivable_turnover_ratio": 1.34,
        "latest_inventory_turnover_ratio": 0.08,
        "latest_reinvestment_rate": 704.19,
        "latest_research_to_sale_ratio": 1.17
    },
    "eps_dividends": {
        "1996": {
            "cash": 0,
            "stock": 1,
            "eps": 0
        },
        "1997": {
            "cash": 0,
            "stock": 3,
            "eps": 0
        },
        "1998": {
            "cash": 0,
            "stock": 2,
            "eps": 0
        },
        "1999": {
            "cash": 0,
            "stock": 3,
            "eps": 0
        },
        "2000": {
            "cash": 0,
            "stock": 1,
            "eps": 0
        },
        "2001": {
            "cash": 0,
            "stock": 0,
            "eps": -1.68
        },
        "2002": {
            "cash": 0,
            "stock": 0,
            "eps": 2.58
        },
        "2003": {
            "cash": 0,
            "stock": 0,
            "eps": 1.15
        },
        "2004": {
            "cash": 0,
            "stock": 0,
            "eps": 3.46
        },
        "2005": {
            "cash": 0,
            "stock": 0,
            "eps": 5.24
        },
        "2006": {
            "cash": 1,
            "stock": 4,
            "eps": 4.35
        },
        "2007": {
            "cash": 1,
            "stock": 5,
            "eps": 4.28
        },
        "2008": {
            "cash": 1,
            "stock": 3,
            "eps": -0.8
        },
        "2009": {
            "cash": 0,
            "stock": 0,
            "eps": 1.98
        },
        "2010": {
            "cash": 0,
            "stock": 0,
            "eps": 0.97
        },
        "2011": {
            "cash": 2,
            "stock": 3,
            "eps": 2.09
        },
        "2012": {
            "cash": 0,
            "stock": 0,
            "eps": 0.3
        },
        "2013": {
            "cash": 0,
            "stock": 0,
            "eps": 0.55
        },
        "2014": {
            "cash": 1,
            "stock": 0,
            "eps": 0.41
        },
        "2015": {
            "cash": 0,
            "stock": 0,
            "eps": 0.97
        },
        "2016": {
            "cash": 0,
            "stock": 0,
            "eps": 1.24
        },
        "2017": {
            "cash": 1,
            "stock": 0,
            "eps": 0.79
        },
        "2018": {
            "cash": 1,
            "stock": 0,
            "eps": 0.23
        },
        "2019": {
            "cash": 1,
            "stock": 0,
            "eps": 1.42
        },
        "2020": {
            "cash": 1,
            "stock": 0,
            "eps": 1.06
        },
        "2021": {
            "cash": 1,
            "stock": 0,
            "eps": -0.27
        },
        "2022": {
            "cash": 0,
            "stock": 0,
            "eps": -1.22
        },
        "2023": {
            "cash": 0,
            "stock": 0,
            "eps": -0.07
        }
    },
    "dividends": {
        "1996-06-18": {
            "cash": 0,
            "stock": 0.5
        },
        "1997-04-10": {
            "cash": 0,
            "stock": 2.8
        },
        "1998-04-16": {
            "cash": 0,
            "stock": 2
        },
        "1999-04-30": {
            "cash": 0,
            "stock": 2.5
        },
        "2000-06-21": {
            "cash": 0,
            "stock": 1.2
        },
        "2006-03-02": {
            "cash": 1,
            "stock": 4
        },
        "2007-03-14": {
            "cash": 0.52,
            "stock": 4.69
        },
        "2008-03-13": {
            "cash": 0.5,
            "stock": 3
        },
        "2011-01-01": {
            "cash": 0.53,
            "stock": 2.35
        },
        "2011-03-15": {
            "cash": 0.52,
            "stock": 0.63
        },
        "2014-06-12": {
            "cash": 1,
            "stock": 0
        },
        "2016-07-26": {
            "cash": 0.2,
            "stock": 0
        },
        "2017-05-26": {
            "cash": 1.1,
            "stock": 0
        },
        "2018-05-31": {
            "cash": 0.68,
            "stock": 0
        },
        "2019-06-13": {
            "cash": 0.19,
            "stock": 0
        },
        "2019-09-04": {
            "cash": 0.5,
            "stock": 0
        },
        "2020-03-25": {
            "cash": 0.75,
            "stock": 0
        },
        "2020-09-09": {
            "cash": 0.35,
            "stock": 0
        },
        "2021-05-28": {
            "cash": 0.6,
            "stock": 0
        }
    },
    "prices": {
        "200101": "無",
        "200102": "無",
        "200103": "無",
        "200104": "9.20",
        "200105": "7.57",
        "200106": "5.96",
        "200107": "4.32",
        "200108": "4.42",
        "200109": "4.01",
        "200110": "2.98",
        "200111": "2.91",
        "200112": "4.34",
        "200201": "5.75",
        "200202": "5.00",
        "200203": "5.60",
        "200204": "7.61",
        "200205": "6.58",
        "200206": "6.79",
        "200207": "6.64",
        "200208": "7.64",
        "200209": "6.34",
        "200210": "5.75",
        "200211": "13.56",
        "200212": "14.76",
        "200301": "15.76",
        "200302": "14.46",
        "200303": "14.65",
        "200304": "15.39",
        "200305": "14.20",
        "200306": "21.26",
        "200307": "20.44",
        "200308": "19.36",
        "200309": "21.26",
        "200310": "23.81",
        "200311": "26.02",
        "200312": "27.50",
        "200401": "34.55",
        "200402": "38.80",
        "200403": "38.83",
        "200404": "37.10",
        "200405": "33.79",
        "200406": "33.59",
        "200407": "35.42",
        "200408": "39.76",
        "200409": "41.06",
        "200410": "40.71",
        "200411": "39.05",
        "200412": "39.47",
        "200501": "40.39",
        "200502": "38.95",
        "200503": "38.51",
        "200504": "31.69",
        "200505": "30.05",
        "200506": "33.56",
        "200507": "32.89",
        "200508": "32.94",
        "200509": "32.53",
        "200510": "31.58",
        "200511": "32.14",
        "200512": "35.13",
        "200601": "43.21",
        "200602": "41.51",
        "200603": "41.77",
        "200604": "48.47",
        "200605": "63.95",
        "200606": "56.26",
        "200607": "43.71",
        "200608": "41.14",
        "200609": "41.27",
        "200610": "46.59",
        "200611": "49.34",
        "200612": "52.34",
        "200701": "49.82",
        "200702": "49.15",
        "200703": "51.90",
        "200704": "60.02",
        "200705": "58.87",
        "200706": "60.66",
        "200707": "65.19",
        "200708": "54.79",
        "200709": "50.88",
        "200710": "47.71",
        "200711": "41.73",
        "200712": "37.74",
        "200801": "42.58",
        "200802": "49.88",
        "200803": "56.30",
        "200804": "53.85",
        "200805": "52.03",
        "200806": "43.58",
        "200807": "26.68",
        "200808": "27.30",
        "200809": "26.81",
        "200810": "20.87",
        "200811": "14.61",
        "200812": "14.00",
        "200901": "13.58",
        "200902": "13.74",
        "200903": "17.16",
        "200904": "23.32",
        "200905": "30.97",
        "200906": "31.45",
        "200907": "33.05",
        "200908": "31.68",
        "200909": "33.64",
        "200910": "35.70",
        "200911": "34.18",
        "200912": "36.11",
        "201001": "46.17",
        "201002": "40.69",
        "201003": "44.83",
        "201004": "46.79",
        "201005": "41.72",
        "201006": "41.01",
        "201007": "41.82",
        "201008": "44.21",
        "201009": "42.77",
        "201010": "44.41",
        "201011": "46.03",
        "201012": "48.74",
        "201101": "47.49",
        "201102": "46.82",
        "201103": "44.85",
        "201104": "45.04",
        "201105": "46.18",
        "201106": "46.71",
        "201107": "51.34",
        "201108": "51.96",
        "201109": "47.82",
        "201110": "49.14",
        "201111": "47.55",
        "201112": "44.76",
        "201201": "45.71",
        "201202": "48.51",
        "201203": "48.63",
        "201204": "44.10",
        "201205": "41.65",
        "201206": "40.72",
        "201207": "41.53",
        "201208": "43.68",
        "201209": "46.78",
        "201210": "38.13",
        "201211": "33.57",
        "201212": "35.54",
        "201301": "35.13",
        "201302": "34.71",
        "201303": "34.34",
        "201304": "34.91",
        "201305": "35.55",
        "201306": "34.53",
        "201307": "35.62",
        "201308": "35.04",
        "201309": "35.59",
        "201310": "37.55",
        "201311": "36.45",
        "201312": "36.94",
        "201401": "36.92",
        "201402": "36.32",
        "201403": "36.83",
        "201404": "36.22",
        "201405": "36.39",
        "201406": "35.08",
        "201407": "34.53",
        "201408": "34.29",
        "201409": "34.28",
        "201410": "31.62",
        "201411": "32.70",
        "201412": "32.55",
        "201501": "33.16",
        "201502": "32.42",
        "201503": "31.58",
        "201504": "30.81",
        "201505": "30.46",
        "201506": "29.45",
        "201507": "29.35",
        "201508": "26.70",
        "201509": "28.55",
        "201510": "29.50",
        "201511": "28.37",
        "201512": "28.19",
        "201601": "27.61",
        "201602": "27.69",
        "201603": "31.18",
        "201604": "28.50",
        "201605": "26.59",
        "201606": "27.24",
        "201607": "28.09",
        "201608": "29.50",
        "201609": "29.88",
        "201610": "29.62",
        "201611": "28.89",
        "201612": "29.38",
        "201701": "29.49",
        "201702": "31.17",
        "201703": "30.14",
        "201704": "28.89",
        "201705": "28.51",
        "201706": "27.84",
        "201707": "28.01",
        "201708": "27.30",
        "201709": "27.45",
        "201710": "27.38",
        "201711": "27.04",
        "201712": "26.54",
        "201801": "27.40",
        "201802": "26.53",
        "201803": "26.09",
        "201804": "25.41",
        "201805": "24.98",
        "201806": "26.56",
        "201807": "25.55",
        "201808": "24.86",
        "201809": "25.31",
        "201810": "25.05",
        "201811": "26.85",
        "201812": "25.99",
        "201901": "26.08",
        "201902": "27.23",
        "201903": "30.50",
        "201904": "32.99",
        "201905": "34.63",
        "201906": "34.94",
        "201907": "37.03",
        "201908": "38.10",
        "201909": "41.91",
        "201910": "53.31",
        "201911": "52.53",
        "201912": "48.07",
        "202001": "49.64",
        "202002": "45.11",
        "202003": "40.25",
        "202004": "39.91",
        "202005": "39.84",
        "202006": "43.81",
        "202007": "46.70",
        "202008": "46.76",
        "202009": "46.53",
        "202010": "43.05",
        "202011": "42.97",
        "202012": "42.07",
        "202101": "39.47",
        "202102": "40.85",
        "202103": "41.72",
        "202104": "42.69",
        "202105": "38.55",
        "202106": "38.49",
        "202107": "39.76",
        "202108": "38.80",
        "202109": "39.19",
        "202110": "40.57",
        "202111": "39.95",
        "202112": "39.10",
        "202201": "40.91",
        "202202": "43.35",
        "202203": "41.30",
        "202204": "40.53",
        "202205": "39.60",
        "202206": "38.71",
        "202207": "38.52",
        "202208": "39.22",
        "202209": "38.38",
        "202210": "35.05",
        "202211": "34.67",
        "202212": "34.29",
        "202301": "33.38",
        "202302": "35.45",
        "202303": "37.59",
        "202304": "39.36",
        "202305": "39.12"
    },
    "quarters": {
        "20011": {
            "year_quarter": 20011,
            "year": 2001,
            "quarter": 1,
            "eps": -0.34,
            "eps_growth_year": -108.81,
            "eps_4q": -9.56,
            "eps_4q_growth_year": null,
            "roe": -4.77,
            "roe_4q": -4.77,
            "gross_profit": 117738,
            "gross_margin": 13.73,
            "gross_margin_4q_avg": 13.73,
            "net_income": -89239,
            "revenue": 857437,
            "common_shares": 2608200,
            "book_valuer_per_share": 7,
            "book_valuer_per_share_4q_avg": 7,
            "equity": 1824481,
            "current_ratio": 25.28,
            "debt_ratio": 82.49,
            "inventory_turnover_ratio": 2.38,
            "account_receivable_turnover_ratio": null,
            "reinvestment_rate": null,
            "research_to_sale_ratio": null,
            "price_fair": 0,
            "eps_avg_yearly": 0,
            "eps_latest_yearly": 0,
            "eps_growth_yearly": 0
        },
        "20012": {
            "year_quarter": 20012,
            "year": 2001,
            "quarter": 2,
            "eps": -0.18,
            "eps_growth_year": null,
            "eps_4q": -7.53,
            "eps_4q_growth_year": null,
            "roe": -2.59,
            "roe_4q": -7.359999999999999,
            "gross_profit": 216607,
            "gross_margin": 21.19,
            "gross_margin_4q_avg": 17.46,
            "net_income": -47168,
            "revenue": 1022239,
            "common_shares": 2608200,
            "book_valuer_per_share": 6.98,
            "book_valuer_per_share_4q_avg": 6.99,
            "equity": 1819885,
            "current_ratio": 23.78,
            "debt_ratio": 82.25,
            "inventory_turnover_ratio": 2.62,
            "account_receivable_turnover_ratio": null,
            "reinvestment_rate": null,
            "research_to_sale_ratio": null,
            "price_fair": 0,
            "eps_avg_yearly": 0,
            "eps_latest_yearly": 0,
            "eps_growth_yearly": 0
        },
        "20013": {
            "year_quarter": 20013,
            "year": 2001,
            "quarter": 3,
            "eps": -0.56,
            "eps_growth_year": null,
            "eps_4q": -2.59,
            "eps_4q_growth_year": null,
            "roe": -8.39,
            "roe_4q": -15.75,
            "gross_profit": 185030,
            "gross_margin": 18.49,
            "gross_margin_4q_avg": 17.8,
            "net_income": -146673,
            "revenue": 1000876,
            "common_shares": 2608200,
            "book_valuer_per_share": 6.43,
            "book_valuer_per_share_4q_avg": 6.8,
            "equity": 1675783,
            "current_ratio": 22.72,
            "debt_ratio": 83.34,
            "inventory_turnover_ratio": 2.64,
            "account_receivable_turnover_ratio": null,
            "reinvestment_rate": null,
            "research_to_sale_ratio": null,
            "price_fair": 0,
            "eps_avg_yearly": 0,
            "eps_latest_yearly": 0,
            "eps_growth_yearly": 0
        },
        "20014": {
            "year_quarter": 20014,
            "year": 2001,
            "quarter": 4,
            "eps": -0.6,
            "eps_growth_year": null,
            "eps_4q": -1.69,
            "eps_4q_growth_year": null,
            "roe": -9.85,
            "roe_4q": -25.6,
            "gross_profit": 101218,
            "gross_margin": 12.78,
            "gross_margin_4q_avg": 16.55,
            "net_income": -157625,
            "revenue": 791782,
            "common_shares": 2608200,
            "book_valuer_per_share": 5.85,
            "book_valuer_per_share_4q_avg": 6.57,
            "equity": 1524689,
            "current_ratio": 21.39,
            "debt_ratio": 84.73,
            "inventory_turnover_ratio": 2.33,
            "account_receivable_turnover_ratio": null,
            "reinvestment_rate": null,
            "research_to_sale_ratio": null,
            "price_fair": 0,
            "eps_avg_yearly": 0,
            "eps_latest_yearly": 0,
            "eps_growth_yearly": 0
        },
        "20021": {
            "year_quarter": 20021,
            "year": 2002,
            "quarter": 1,
            "eps": 0.02,
            "eps_growth_year": null,
            "eps_4q": -1.29,
            "eps_4q_growth_year": null,
            "roe": 0.35,
            "roe_4q": -20.48,
            "gross_profit": 207151,
            "gross_margin": 21.12,
            "gross_margin_4q_avg": 18.4,
            "net_income": 5347,
            "revenue": 980789,
            "common_shares": 2608200,
            "book_valuer_per_share": 5.86,
            "book_valuer_per_share_4q_avg": 6.28,
            "equity": 1527187,
            "current_ratio": 22.76,
            "debt_ratio": 84.66,
            "inventory_turnover_ratio": 2.58,
            "account_receivable_turnover_ratio": null,
            "reinvestment_rate": null,
            "research_to_sale_ratio": null,
            "price_fair": 0,
            "eps_avg_yearly": 0,
            "eps_latest_yearly": 0,
            "eps_growth_yearly": 0
        },
        "20022": {
            "year_quarter": 20022,
            "year": 2002,
            "quarter": 2,
            "eps": 0.31,
            "eps_growth_year": null,
            "eps_4q": -0.83,
            "eps_4q_growth_year": null,
            "roe": 5.24,
            "roe_4q": -12.65,
            "gross_profit": 304965,
            "gross_margin": 25.45,
            "gross_margin_4q_avg": 19.46,
            "net_income": 81230,
            "revenue": 1198287,
            "common_shares": 2608200,
            "book_valuer_per_share": 6.02,
            "book_valuer_per_share_4q_avg": 6.04,
            "equity": 1570712,
            "current_ratio": 24.84,
            "debt_ratio": 84.25,
            "inventory_turnover_ratio": 2.76,
            "account_receivable_turnover_ratio": null,
            "reinvestment_rate": null,
            "research_to_sale_ratio": null,
            "price_fair": 43.4,
            "eps_avg_yearly": 1.24,
            "eps_latest_yearly": 1.24,
            "eps_growth_yearly": 5800
        },
        "20023": {
            "year_quarter": 20023,
            "year": 2002,
            "quarter": 3,
            "eps": 1.79,
            "eps_growth_year": null,
            "eps_4q": 1.31,
            "eps_4q_growth_year": null,
            "roe": 15.46,
            "roe_4q": 11.200000000000005,
            "gross_profit": 261550,
            "gross_margin": 23.34,
            "gross_margin_4q_avg": 20.67,
            "net_income": 266405,
            "revenue": 1120822,
            "common_shares": 1486674,
            "book_valuer_per_share": 12.62,
            "book_valuer_per_share_4q_avg": 7.59,
            "equity": 1875488,
            "current_ratio": 21.34,
            "debt_ratio": 80.37,
            "inventory_turnover_ratio": 2.32,
            "account_receivable_turnover_ratio": null,
            "reinvestment_rate": null,
            "research_to_sale_ratio": null,
            "price_fair": 147,
            "eps_avg_yearly": 4.2,
            "eps_latest_yearly": 7.16,
            "eps_growth_yearly": 3854.84
        },
        "20024": {
            "year_quarter": 20024,
            "year": 2002,
            "quarter": 4,
            "eps": 0.46,
            "eps_growth_year": null,
            "eps_4q": 2.83,
            "eps_4q_growth_year": null,
            "roe": 3.59,
            "roe_4q": 24.64,
            "gross_profit": 274007,
            "gross_margin": 24.99,
            "gross_margin_4q_avg": 23.73,
            "net_income": 68463,
            "revenue": 1096531,
            "common_shares": 1486674,
            "book_valuer_per_share": 13.05,
            "book_valuer_per_share_4q_avg": 9.39,
            "equity": 1939417,
            "current_ratio": 23.07,
            "debt_ratio": 79.87,
            "inventory_turnover_ratio": 1.95,
            "account_receivable_turnover_ratio": null,
            "reinvestment_rate": null,
            "research_to_sale_ratio": null,
            "price_fair": 119.47,
            "eps_avg_yearly": 3.41,
            "eps_latest_yearly": 1.84,
            "eps_growth_yearly": 2470.82
        },
        "20031": {
            "year_quarter": 20031,
            "year": 2003,
            "quarter": 1,
            "eps": 0.06,
            "eps_growth_year": 200,
            "eps_4q": 2.85,
            "eps_4q_growth_year": null,
            "roe": 0.46,
            "roe_4q": 24.75,
            "gross_profit": 233093,
            "gross_margin": 21.08,
            "gross_margin_4q_avg": 23.72,
            "net_income": 8936,
            "revenue": 1105705,
            "common_shares": 1486674,
            "book_valuer_per_share": 13.1,
            "book_valuer_per_share_4q_avg": 11.2,
            "equity": 1948169,
            "current_ratio": 23.71,
            "debt_ratio": 79.41,
            "inventory_turnover_ratio": 1.92,
            "account_receivable_turnover_ratio": null,
            "reinvestment_rate": null,
            "research_to_sale_ratio": null,
            "price_fair": 91.7,
            "eps_avg_yearly": 2.62,
            "eps_latest_yearly": 0.24,
            "eps_growth_yearly": 1766.16
        },
        "20032": {
            "year_quarter": 20032,
            "year": 2003,
            "quarter": 2,
            "eps": 0.54,
            "eps_growth_year": 74.19,
            "eps_4q": 2.85,
            "eps_4q_growth_year": null,
            "roe": 3.85,
            "roe_4q": 23.36,
            "gross_profit": 307852,
            "gross_margin": 24.43,
            "gross_margin_4q_avg": 23.46,
            "net_income": 80396,
            "revenue": 1260189,
            "common_shares": 1486674,
            "book_valuer_per_share": 15,
            "book_valuer_per_share_4q_avg": 13.44,
            "equity": 2230652,
            "current_ratio": 30.33,
            "debt_ratio": 77,
            "inventory_turnover_ratio": 2.1,
            "account_receivable_turnover_ratio": null,
            "reinvestment_rate": null,
            "research_to_sale_ratio": null,
            "price_fair": 88.48,
            "eps_avg_yearly": 2.53,
            "eps_latest_yearly": 2.16,
            "eps_growth_yearly": 2052.93
        },
        "20033": {
            "year_quarter": 20033,
            "year": 2003,
            "quarter": 3,
            "eps": 0.32,
            "eps_growth_year": -82.12,
            "eps_4q": 1.31,
            "eps_4q_growth_year": -0.5,
            "roe": 1.89,
            "roe_4q": 9.79,
            "gross_profit": 283853,
            "gross_margin": 22.87,
            "gross_margin_4q_avg": 23.34,
            "net_income": 51211,
            "revenue": 1240963,
            "common_shares": 2608200,
            "book_valuer_per_share": 12.17,
            "book_valuer_per_share_4q_avg": 13.33,
            "equity": 3174829,
            "current_ratio": 32.23,
            "debt_ratio": 66.07,
            "inventory_turnover_ratio": 2.24,
            "account_receivable_turnover_ratio": null,
            "reinvestment_rate": null,
            "research_to_sale_ratio": null,
            "price_fair": 81.2,
            "eps_avg_yearly": 2.32,
            "eps_latest_yearly": 1.28,
            "eps_growth_yearly": 1683.61
        },
        "20034": {
            "year_quarter": 20034,
            "year": 2003,
            "quarter": 4,
            "eps": 0.23,
            "eps_growth_year": -50,
            "eps_4q": 0.97,
            "eps_4q_growth_year": -65.64,
            "roe": 1.18,
            "roe_4q": 7.38,
            "gross_profit": 357390,
            "gross_margin": 26.38,
            "gross_margin_4q_avg": 23.69,
            "net_income": 43502,
            "revenue": 1354857,
            "common_shares": 2608200,
            "book_valuer_per_share": 15.99,
            "book_valuer_per_share_4q_avg": 14.07,
            "equity": 4171416,
            "current_ratio": 37.33,
            "debt_ratio": 57.07,
            "inventory_turnover_ratio": 2.13,
            "account_receivable_turnover_ratio": null,
            "reinvestment_rate": null,
            "research_to_sale_ratio": null,
            "price_fair": 74.2,
            "eps_avg_yearly": 2.12,
            "eps_latest_yearly": 0.92,
            "eps_growth_yearly": 1427.03
        },
        "20041": {
            "year_quarter": 20041,
            "year": 2004,
            "quarter": 1,
            "eps": 0.14,
            "eps_growth_year": 133.33,
            "eps_4q": 0.81,
            "eps_4q_growth_year": -71.68,
            "roe": 0.88,
            "roe_4q": 7.800000000000001,
            "gross_profit": 440484,
            "gross_margin": 30.32,
            "gross_margin_4q_avg": 26,
            "net_income": 36685,
            "revenue": 1452651,
            "common_shares": 2608200,
            "book_valuer_per_share": 16.04,
            "book_valuer_per_share_4q_avg": 14.8,
            "equity": 4183623,
            "current_ratio": 49.21,
            "debt_ratio": 51.89,
            "inventory_turnover_ratio": 1.72,
            "account_receivable_turnover_ratio": null,
            "reinvestment_rate": null,
            "research_to_sale_ratio": null,
            "price_fair": 67.38,
            "eps_avg_yearly": 1.93,
            "eps_latest_yearly": 0.56,
            "eps_growth_yearly": 1229.08
        },
        "20042": {
            "year_quarter": 20042,
            "year": 2004,
            "quarter": 2,
            "eps": 0.94,
            "eps_growth_year": 74.07,
            "eps_4q": 1.44,
            "eps_4q_growth_year": -49.39,
            "roe": 5.7,
            "roe_4q": 9.65,
            "gross_profit": 504175,
            "gross_margin": 30.97,
            "gross_margin_4q_avg": 27.64,
            "net_income": 246103,
            "revenue": 1628127,
            "common_shares": 2608200,
            "book_valuer_per_share": 17.05,
            "book_valuer_per_share_4q_avg": 15.31,
            "equity": 4448212,
            "current_ratio": 50.18,
            "debt_ratio": 50.81,
            "inventory_turnover_ratio": 1.66,
            "account_receivable_turnover_ratio": null,
            "reinvestment_rate": null,
            "research_to_sale_ratio": null,
            "price_fair": 74.51,
            "eps_avg_yearly": 2.13,
            "eps_latest_yearly": 3.76,
            "eps_growth_yearly": 1346.49
        },
        "20043": {
            "year_quarter": 20043,
            "year": 2004,
            "quarter": 3,
            "eps": 1.11,
            "eps_growth_year": 246.88,
            "eps_4q": 2.36,
            "eps_4q_growth_year": 80.8,
            "roe": 6.3,
            "roe_4q": 14.06,
            "gross_profit": 524212,
            "gross_margin": 30.54,
            "gross_margin_4q_avg": 29.55,
            "net_income": 289464,
            "revenue": 1716580,
            "common_shares": 2608200,
            "book_valuer_per_share": 18.19,
            "book_valuer_per_share_4q_avg": 16.82,
            "equity": 4743976,
            "current_ratio": 88.64,
            "debt_ratio": 50.2,
            "inventory_turnover_ratio": 1.76,
            "account_receivable_turnover_ratio": null,
            "reinvestment_rate": -993.7,
            "research_to_sale_ratio": null,
            "price_fair": 82.6,
            "eps_avg_yearly": 2.36,
            "eps_latest_yearly": 4.44,
            "eps_growth_yearly": 1219.07
        },
        "20044": {
            "year_quarter": 20044,
            "year": 2004,
            "quarter": 4,
            "eps": 1.27,
            "eps_growth_year": 452.17,
            "eps_4q": 3.47,
            "eps_4q_growth_year": 256.31,
            "roe": 6.76,
            "roe_4q": 19.639999999999997,
            "gross_profit": 567770,
            "gross_margin": 30.22,
            "gross_margin_4q_avg": 30.51,
            "net_income": 330776,
            "revenue": 1878883,
            "common_shares": 2608200,
            "book_valuer_per_share": 19.36,
            "book_valuer_per_share_4q_avg": 17.66,
            "equity": 5048956,
            "current_ratio": 76.82,
            "debt_ratio": 55.99,
            "inventory_turnover_ratio": 1.8,
            "account_receivable_turnover_ratio": null,
            "reinvestment_rate": 105.38,
            "research_to_sale_ratio": null,
            "price_fair": 91.25,
            "eps_avg_yearly": 2.61,
            "eps_latest_yearly": 5.08,
            "eps_growth_yearly": 1113.49
        },
        "20051": {
            "year_quarter": 20051,
            "year": 2005,
            "quarter": 1,
            "eps": 1.2,
            "eps_growth_year": 757.14,
            "eps_4q": 4.52,
            "eps_4q_growth_year": 459.42,
            "roe": 5.79,
            "roe_4q": 24.55,
            "gross_profit": 559448,
            "gross_margin": 28.42,
            "gross_margin_4q_avg": 30.04,
            "net_income": 312983,
            "revenue": 1968751,
            "common_shares": 2608200,
            "book_valuer_per_share": 22.07,
            "book_valuer_per_share_4q_avg": 19.17,
            "equity": 5757059,
            "current_ratio": 85.67,
            "debt_ratio": 46.62,
            "inventory_turnover_ratio": 1.76,
            "account_receivable_turnover_ratio": null,
            "reinvestment_rate": -205.29,
            "research_to_sale_ratio": null,
            "price_fair": 97.65,
            "eps_avg_yearly": 2.79,
            "eps_latest_yearly": 4.8,
            "eps_growth_yearly": 1018.86
        },
        "20052": {
            "year_quarter": 20052,
            "year": 2005,
            "quarter": 2,
            "eps": 1.64,
            "eps_growth_year": 74.47,
            "eps_4q": 5.31,
            "eps_4q_growth_year": 268.25,
            "roe": 7.28,
            "roe_4q": 26.13,
            "gross_profit": 616434,
            "gross_margin": 28.01,
            "gross_margin_4q_avg": 29.3,
            "net_income": 417061,
            "revenue": 2201051,
            "common_shares": 2608200,
            "book_valuer_per_share": 21.86,
            "book_valuer_per_share_4q_avg": 20.37,
            "equity": 5702154,
            "current_ratio": 67.26,
            "debt_ratio": 48.93,
            "inventory_turnover_ratio": 2.09,
            "account_receivable_turnover_ratio": null,
            "reinvestment_rate": -151.56,
            "research_to_sale_ratio": null,
            "price_fair": 107.8,
            "eps_avg_yearly": 3.08,
            "eps_latest_yearly": 6.56,
            "eps_growth_yearly": 951.77
        },
        "20053": {
            "year_quarter": 20053,
            "year": 2005,
            "quarter": 3,
            "eps": 1.53,
            "eps_growth_year": 37.84,
            "eps_4q": 5.75,
            "eps_4q_growth_year": 143.52,
            "roe": 6.48,
            "roe_4q": 26.310000000000002,
            "gross_profit": 617798,
            "gross_margin": 26.77,
            "gross_margin_4q_avg": 28.36,
            "net_income": 384597,
            "revenue": 2307612,
            "common_shares": 2608200,
            "book_valuer_per_share": 23.62,
            "book_valuer_per_share_4q_avg": 21.73,
            "equity": 6161151,
            "current_ratio": 68.94,
            "debt_ratio": 45.54,
            "inventory_turnover_ratio": 2.56,
            "account_receivable_turnover_ratio": null,
            "reinvestment_rate": -116.7,
            "research_to_sale_ratio": null,
            "price_fair": 115.4,
            "eps_avg_yearly": 3.3,
            "eps_latest_yearly": 6.12,
            "eps_growth_yearly": 881.87
        },
        "20054": {
            "year_quarter": 20054,
            "year": 2005,
            "quarter": 4,
            "eps": 0.87,
            "eps_growth_year": -31.5,
            "eps_4q": 5.34,
            "eps_4q_growth_year": 54.12,
            "roe": 3.46,
            "roe_4q": 23.01,
            "gross_profit": 525001,
            "gross_margin": 22.99,
            "gross_margin_4q_avg": 26.55,
            "net_income": 216772,
            "revenue": 2283686,
            "common_shares": 2608200,
            "book_valuer_per_share": 24.37,
            "book_valuer_per_share_4q_avg": 22.98,
            "equity": 6356225,
            "current_ratio": 71.95,
            "debt_ratio": 51.37,
            "inventory_turnover_ratio": 1.84,
            "account_receivable_turnover_ratio": null,
            "reinvestment_rate": 86.62,
            "research_to_sale_ratio": null,
            "price_fair": 115.83,
            "eps_avg_yearly": 3.31,
            "eps_latest_yearly": 3.48,
            "eps_growth_yearly": 811.57
        },
        "20061": {
            "year_quarter": 20061,
            "year": 2006,
            "quarter": 1,
            "eps": 1.65,
            "eps_growth_year": 37.5,
            "eps_4q": 5.79,
            "eps_4q_growth_year": 28.02,
            "roe": 6.2,
            "roe_4q": 23.42,
            "gross_profit": 462305,
            "gross_margin": 21.15,
            "gross_margin_4q_avg": 24.73,
            "net_income": 406039,
            "revenue": 2186328,
            "common_shares": 2608200,
            "book_valuer_per_share": 25.89,
            "book_valuer_per_share_4q_avg": 23.94,
            "equity": 6751436,
            "current_ratio": 82.93,
            "debt_ratio": 42.33,
            "inventory_turnover_ratio": 1.64,
            "account_receivable_turnover_ratio": null,
            "reinvestment_rate": -84.85,
            "research_to_sale_ratio": null,
            "price_fair": 123.03,
            "eps_avg_yearly": 3.52,
            "eps_latest_yearly": 6.6,
            "eps_growth_yearly": 783.26
        },
        "20062": {
            "year_quarter": 20062,
            "year": 2006,
            "quarter": 2,
            "eps": 0.85,
            "eps_growth_year": -48.17,
            "eps_4q": 3.79,
            "eps_4q_growth_year": -28.7,
            "roe": 4.31,
            "roe_4q": 20.45,
            "gross_profit": 513816,
            "gross_margin": 25.64,
            "gross_margin_4q_avg": 24.14,
            "net_income": 291691,
            "revenue": 2004277,
            "common_shares": 2608200,
            "book_valuer_per_share": 26.07,
            "book_valuer_per_share_4q_avg": 24.99,
            "equity": 6798610,
            "current_ratio": 75.92,
            "debt_ratio": 42.15,
            "inventory_turnover_ratio": 1.87,
            "account_receivable_turnover_ratio": null,
            "reinvestment_rate": -77.48,
            "research_to_sale_ratio": null,
            "price_fair": 127.75,
            "eps_avg_yearly": 3.65,
            "eps_latest_yearly": 3.4,
            "eps_growth_yearly": 408.64
        },
        "20063": {
            "year_quarter": 20063,
            "year": 2006,
            "quarter": 3,
            "eps": 0.78,
            "eps_growth_year": -49.02,
            "eps_4q": 3.42,
            "eps_4q_growth_year": -40.5,
            "roe": 3.87,
            "roe_4q": 17.84,
            "gross_profit": 511495,
            "gross_margin": 25.41,
            "gross_margin_4q_avg": 23.8,
            "net_income": 270079,
            "revenue": 2013241,
            "common_shares": 3592280,
            "book_valuer_per_share": 19.89,
            "book_valuer_per_share_4q_avg": 24.06,
            "equity": 7144793,
            "current_ratio": 82.39,
            "debt_ratio": 41.26,
            "inventory_turnover_ratio": 1.88,
            "account_receivable_turnover_ratio": null,
            "reinvestment_rate": -85.12,
            "research_to_sale_ratio": null,
            "price_fair": 118.91,
            "eps_avg_yearly": 3.4,
            "eps_latest_yearly": 3.12,
            "eps_growth_yearly": 287.23
        },
        "20064": {
            "year_quarter": 20064,
            "year": 2006,
            "quarter": 4,
            "eps": 1.07,
            "eps_growth_year": 22.99,
            "eps_4q": 3.87,
            "eps_4q_growth_year": -27.53,
            "roe": 5.05,
            "roe_4q": 19.43,
            "gross_profit": 396921,
            "gross_margin": 21.59,
            "gross_margin_4q_avg": 23.45,
            "net_income": 369508,
            "revenue": 1838310,
            "common_shares": 3592280,
            "book_valuer_per_share": 20.87,
            "book_valuer_per_share_4q_avg": 23.18,
            "equity": 7497407,
            "current_ratio": 81.72,
            "debt_ratio": 47.64,
            "inventory_turnover_ratio": 1.42,
            "account_receivable_turnover_ratio": null,
            "reinvestment_rate": 65.02,
            "research_to_sale_ratio": null,
            "price_fair": 124.25,
            "eps_avg_yearly": 3.55,
            "eps_latest_yearly": 4.28,
            "eps_growth_yearly": 315.1
        },
        "20071": {
            "year_quarter": 20071,
            "year": 2007,
            "quarter": 1,
            "eps": 0.93,
            "eps_growth_year": -43.64,
            "eps_4q": 3.63,
            "eps_4q_growth_year": -37.32,
            "roe": 4.17,
            "roe_4q": 17.4,
            "gross_profit": 467077,
            "gross_margin": 27.12,
            "gross_margin_4q_avg": 24.94,
            "net_income": 320967,
            "revenue": 1722370,
            "common_shares": 3592280,
            "book_valuer_per_share": 21.93,
            "book_valuer_per_share_4q_avg": 22.19,
            "equity": 7878853,
            "current_ratio": 84.56,
            "debt_ratio": 37.3,
            "inventory_turnover_ratio": 1.23,
            "account_receivable_turnover_ratio": null,
            "reinvestment_rate": -70.02,
            "research_to_sale_ratio": null,
            "price_fair": 131.86,
            "eps_avg_yearly": 3.77,
            "eps_latest_yearly": 3.72,
            "eps_growth_yearly": 333.57
        },
        "20072": {
            "year_quarter": 20072,
            "year": 2007,
            "quarter": 2,
            "eps": 2.95,
            "eps_growth_year": 247.06,
            "eps_4q": 4.85,
            "eps_4q_growth_year": 28.09,
            "roe": 17.67,
            "roe_4q": 30.760000000000005,
            "gross_profit": 643677,
            "gross_margin": 31.35,
            "gross_margin_4q_avg": 26.37,
            "net_income": 1492232,
            "revenue": 2053352,
            "common_shares": 3592280,
            "book_valuer_per_share": 25.09,
            "book_valuer_per_share_4q_avg": 21.95,
            "equity": 9013053,
            "current_ratio": 87.73,
            "debt_ratio": 35.21,
            "inventory_turnover_ratio": 1.7,
            "account_receivable_turnover_ratio": null,
            "reinvestment_rate": -49.86,
            "research_to_sale_ratio": null,
            "price_fair": 152.95,
            "eps_avg_yearly": 4.37,
            "eps_latest_yearly": 11.8,
            "eps_growth_yearly": 187.87
        },
        "20073": {
            "year_quarter": 20073,
            "year": 2007,
            "quarter": 3,
            "eps": 1,
            "eps_growth_year": 28.21,
            "eps_4q": 5.33,
            "eps_4q_growth_year": 55.89,
            "roe": 5.43,
            "roe_4q": 32.32,
            "gross_profit": 549899,
            "gross_margin": 28.08,
            "gross_margin_4q_avg": 27.04,
            "net_income": 503736,
            "revenue": 1958651,
            "common_shares": 5208806,
            "book_valuer_per_share": 18.3,
            "book_valuer_per_share_4q_avg": 21.55,
            "equity": 9533771,
            "current_ratio": 144.6,
            "debt_ratio": 33.54,
            "inventory_turnover_ratio": 1.64,
            "account_receivable_turnover_ratio": null,
            "reinvestment_rate": -45.9,
            "research_to_sale_ratio": null,
            "price_fair": 158.9,
            "eps_avg_yearly": 4.54,
            "eps_latest_yearly": 4,
            "eps_growth_yearly": 181.53
        },
        "20074": {
            "year_quarter": 20074,
            "year": 2007,
            "quarter": 4,
            "eps": -0.6,
            "eps_growth_year": -156.07,
            "eps_4q": 3.85,
            "eps_4q_growth_year": -0.58,
            "roe": -3.21,
            "roe_4q": 24.060000000000002,
            "gross_profit": -97967,
            "gross_margin": 15.66,
            "gross_margin_4q_avg": 25.55,
            "net_income": -310044,
            "revenue": -625401,
            "common_shares": 5208806,
            "book_valuer_per_share": 18.76,
            "book_valuer_per_share_4q_avg": 21.02,
            "equity": 9770026,
            "current_ratio": 119.3,
            "debt_ratio": 38.16,
            "inventory_turnover_ratio": -0.4,
            "account_receivable_turnover_ratio": null,
            "reinvestment_rate": 50.15,
            "research_to_sale_ratio": null,
            "price_fair": 167.35,
            "eps_avg_yearly": 4.78,
            "eps_latest_yearly": 4,
            "eps_growth_yearly": 201.13
        },
        "20081": {
            "year_quarter": 20081,
            "year": 2008,
            "quarter": 1,
            "eps": 0.4,
            "eps_growth_year": -56.99,
            "eps_4q": 3.64,
            "eps_4q_growth_year": 0.44,
            "roe": 2.11,
            "roe_4q": 22,
            "gross_profit": 405978,
            "gross_margin": 16.6,
            "gross_margin_4q_avg": 22.92,
            "net_income": 207849,
            "revenue": 2445656,
            "common_shares": 5208806,
            "book_valuer_per_share": 19,
            "book_valuer_per_share_4q_avg": 20.29,
            "equity": 9898669,
            "current_ratio": 102.54,
            "debt_ratio": 40.31,
            "inventory_turnover_ratio": 1.28,
            "account_receivable_turnover_ratio": null,
            "reinvestment_rate": 129.28,
            "research_to_sale_ratio": null,
            "price_fair": 177.9,
            "eps_avg_yearly": 5.08,
            "eps_latest_yearly": 4,
            "eps_growth_yearly": 226.68
        },
        "20082": {
            "year_quarter": 20082,
            "year": 2008,
            "quarter": 2,
            "eps": -0.24,
            "eps_growth_year": -108.14,
            "eps_4q": 0.46,
            "eps_4q_growth_year": -90.57,
            "roe": -1.68,
            "roe_4q": 2.6499999999999995,
            "gross_profit": 517363,
            "gross_margin": 18.46,
            "gross_margin_4q_avg": 19.7,
            "net_income": -163387,
            "revenue": 2802097,
            "common_shares": 5208806,
            "book_valuer_per_share": 18.32,
            "book_valuer_per_share_4q_avg": 18.6,
            "equity": 9540454,
            "current_ratio": 91.53,
            "debt_ratio": 44.61,
            "inventory_turnover_ratio": 1.53,
            "account_receivable_turnover_ratio": null,
            "reinvestment_rate": 147.53,
            "research_to_sale_ratio": null,
            "price_fair": 181.46,
            "eps_avg_yearly": 5.18,
            "eps_latest_yearly": 4,
            "eps_growth_yearly": 68.29
        },
        "20083": {
            "year_quarter": 20083,
            "year": 2008,
            "quarter": 3,
            "eps": 0.05,
            "eps_growth_year": -95,
            "eps_4q": -0.32,
            "eps_4q_growth_year": -106.01,
            "roe": 0.37,
            "roe_4q": -2.41,
            "gross_profit": 376161,
            "gross_margin": 14.4,
            "gross_margin_4q_avg": 16.28,
            "net_income": 35856,
            "revenue": 2611965,
            "common_shares": 6771448,
            "book_valuer_per_share": 14.47,
            "book_valuer_per_share_4q_avg": 17.64,
            "equity": 9800205,
            "current_ratio": 90.45,
            "debt_ratio": 45.71,
            "inventory_turnover_ratio": 1.15,
            "account_receivable_turnover_ratio": null,
            "reinvestment_rate": 164.18,
            "research_to_sale_ratio": null,
            "price_fair": 183.63,
            "eps_avg_yearly": 5.25,
            "eps_latest_yearly": 4,
            "eps_growth_yearly": 67.95
        },
        "20084": {
            "year_quarter": 20084,
            "year": 2008,
            "quarter": 4,
            "eps": -1.01,
            "eps_growth_year": null,
            "eps_4q": -0.89,
            "eps_4q_growth_year": -123.12,
            "roe": -7.3,
            "roe_4q": -6.5,
            "gross_profit": 23261,
            "gross_margin": 1.34,
            "gross_margin_4q_avg": 12.7,
            "net_income": -680384,
            "revenue": 1738492,
            "common_shares": 6771448,
            "book_valuer_per_share": 13.05,
            "book_valuer_per_share_4q_avg": 16.21,
            "equity": 8835429,
            "current_ratio": 71.26,
            "debt_ratio": 46.98,
            "inventory_turnover_ratio": 0.77,
            "account_receivable_turnover_ratio": 4.89,
            "reinvestment_rate": 81.45,
            "research_to_sale_ratio": null,
            "price_fair": 184.16,
            "eps_avg_yearly": 5.26,
            "eps_latest_yearly": 4,
            "eps_growth_yearly": 68.89
        },
        "20091": {
            "year_quarter": 20091,
            "year": 2009,
            "quarter": 1,
            "eps": -0.02,
            "eps_growth_year": -105,
            "eps_4q": -1.21,
            "eps_4q_growth_year": -133.32,
            "roe": -0.16,
            "roe_4q": -8.77,
            "gross_profit": 146674,
            "gross_margin": 7.12,
            "gross_margin_4q_avg": 10.33,
            "net_income": -14449,
            "revenue": 2059253,
            "common_shares": 6771448,
            "book_valuer_per_share": 13.29,
            "book_valuer_per_share_4q_avg": 14.78,
            "equity": 8999025,
            "current_ratio": 70.48,
            "debt_ratio": 46.92,
            "inventory_turnover_ratio": 0.98,
            "account_receivable_turnover_ratio": 2.41,
            "reinvestment_rate": 223.63,
            "research_to_sale_ratio": null,
            "price_fair": 185.78,
            "eps_avg_yearly": 5.31,
            "eps_latest_yearly": 4,
            "eps_growth_yearly": 77.98
        },
        "20092": {
            "year_quarter": 20092,
            "year": 2009,
            "quarter": 2,
            "eps": 0.72,
            "eps_growth_year": null,
            "eps_4q": -0.3,
            "eps_4q_growth_year": -164.75,
            "roe": 5.1,
            "roe_4q": -1.9900000000000002,
            "gross_profit": 576047,
            "gross_margin": 19.45,
            "gross_margin_4q_avg": 10.58,
            "net_income": 466962,
            "revenue": 2961512,
            "common_shares": 6771448,
            "book_valuer_per_share": 13.73,
            "book_valuer_per_share_4q_avg": 13.64,
            "equity": 9295951,
            "current_ratio": 77.47,
            "debt_ratio": 46.49,
            "inventory_turnover_ratio": 1.42,
            "account_receivable_turnover_ratio": 2.36,
            "reinvestment_rate": 213.66,
            "research_to_sale_ratio": null,
            "price_fair": 180.91,
            "eps_avg_yearly": 5.17,
            "eps_latest_yearly": 4,
            "eps_growth_yearly": 70.35
        },
        "20093": {
            "year_quarter": 20093,
            "year": 2009,
            "quarter": 3,
            "eps": 0.72,
            "eps_growth_year": 1340,
            "eps_4q": 0.38,
            "eps_4q_growth_year": null,
            "roe": 4.97,
            "roe_4q": 2.6100000000000003,
            "gross_profit": 738715,
            "gross_margin": 24.55,
            "gross_margin_4q_avg": 13.12,
            "net_income": 484422,
            "revenue": 3009329,
            "common_shares": 6771448,
            "book_valuer_per_share": 15.04,
            "book_valuer_per_share_4q_avg": 13.78,
            "equity": 10187130,
            "current_ratio": 93.93,
            "debt_ratio": 42.25,
            "inventory_turnover_ratio": 1.38,
            "account_receivable_turnover_ratio": 2.14,
            "reinvestment_rate": 203.9,
            "research_to_sale_ratio": null,
            "price_fair": 168.31,
            "eps_avg_yearly": 4.81,
            "eps_latest_yearly": 2.88,
            "eps_growth_yearly": 73.33
        },
        "20094": {
            "year_quarter": 20094,
            "year": 2009,
            "quarter": 4,
            "eps": 0.56,
            "eps_growth_year": null,
            "eps_4q": 1.94,
            "eps_4q_growth_year": null,
            "roe": 3.67,
            "roe_4q": 13.58,
            "gross_profit": 675034,
            "gross_margin": 26.45,
            "gross_margin_4q_avg": 19.39,
            "net_income": 379854,
            "revenue": 2551735,
            "common_shares": 6771448,
            "book_valuer_per_share": 15.55,
            "book_valuer_per_share_4q_avg": 14.4,
            "equity": 10530914,
            "current_ratio": 97.26,
            "debt_ratio": 39.39,
            "inventory_turnover_ratio": 1.11,
            "account_receivable_turnover_ratio": 4.5,
            "reinvestment_rate": 57.7,
            "research_to_sale_ratio": null,
            "price_fair": 163.49,
            "eps_avg_yearly": 4.67,
            "eps_latest_yearly": 2.24,
            "eps_growth_yearly": 82.63
        },
        "20101": {
            "year_quarter": 20101,
            "year": 2010,
            "quarter": 1,
            "eps": 0.29,
            "eps_growth_year": null,
            "eps_4q": 2.32,
            "eps_4q_growth_year": null,
            "roe": 1.92,
            "roe_4q": 15.659999999999998,
            "gross_profit": 603871,
            "gross_margin": 22.16,
            "gross_margin_4q_avg": 23.15,
            "net_income": 195960,
            "revenue": 2725322,
            "common_shares": 6771448,
            "book_valuer_per_share": 15.04,
            "book_valuer_per_share_4q_avg": 14.84,
            "equity": 9902297,
            "current_ratio": 115.27,
            "debt_ratio": 44.5,
            "inventory_turnover_ratio": 1.12,
            "account_receivable_turnover_ratio": 2.22,
            "reinvestment_rate": 216.39,
            "research_to_sale_ratio": 0.71,
            "price_fair": 127.5,
            "eps_avg_yearly": 4.07,
            "eps_latest_yearly": 1.16,
            "eps_growth_yearly": 21.35
        },
        "20102": {
            "year_quarter": 20102,
            "year": 2010,
            "quarter": 2,
            "eps": -0.14,
            "eps_growth_year": -119.34,
            "eps_4q": 1.5,
            "eps_4q_growth_year": null,
            "roe": -0.93,
            "roe_4q": 9.629999999999999,
            "gross_profit": 708996,
            "gross_margin": 19.93,
            "gross_margin_4q_avg": 23.27,
            "net_income": -89964,
            "revenue": 3557738,
            "common_shares": 6771448,
            "book_valuer_per_share": 14.56,
            "book_valuer_per_share_4q_avg": 15.05,
            "equity": 9407751,
            "current_ratio": 103.23,
            "debt_ratio": 47.6,
            "inventory_turnover_ratio": 1.33,
            "account_receivable_turnover_ratio": 2.47,
            "reinvestment_rate": 236.78,
            "research_to_sale_ratio": 0.62,
            "price_fair": 145.25,
            "eps_avg_yearly": 4.15,
            "eps_latest_yearly": 1.16,
            "eps_growth_yearly": 48.26
        },
        "20103": {
            "year_quarter": 20103,
            "year": 2010,
            "quarter": 3,
            "eps": 0.42,
            "eps_growth_year": -42.28,
            "eps_4q": 1.17,
            "eps_4q_growth_year": 206.17,
            "roe": 2.83,
            "roe_4q": 7.49,
            "gross_profit": 711427,
            "gross_margin": 18.61,
            "gross_margin_4q_avg": 21.79,
            "net_income": 268582,
            "revenue": 3823269,
            "common_shares": 6771448,
            "book_valuer_per_share": 14.84,
            "book_valuer_per_share_4q_avg": 15,
            "equity": 9591608,
            "current_ratio": 110.18,
            "debt_ratio": 46.38,
            "inventory_turnover_ratio": 1.47,
            "account_receivable_turnover_ratio": 2.36,
            "reinvestment_rate": 232.12,
            "research_to_sale_ratio": 0.67,
            "price_fair": 150.4,
            "eps_avg_yearly": 4.3,
            "eps_latest_yearly": 1.16,
            "eps_growth_yearly": 59.86
        },
        "20104": {
            "year_quarter": 20104,
            "year": 2010,
            "quarter": 4,
            "eps": 0.4,
            "eps_growth_year": -28.43,
            "eps_4q": 0.97,
            "eps_4q_growth_year": -50.37,
            "roe": 2.66,
            "roe_4q": 6.48,
            "gross_profit": 598732,
            "gross_margin": 17.11,
            "gross_margin_4q_avg": 19.45,
            "net_income": 265990,
            "revenue": 3499913,
            "common_shares": 6771448,
            "book_valuer_per_share": 15.68,
            "book_valuer_per_share_4q_avg": 15.03,
            "equity": 10407897,
            "current_ratio": 120.38,
            "debt_ratio": 43.81,
            "inventory_turnover_ratio": 1.36,
            "account_receivable_turnover_ratio": 2.14,
            "reinvestment_rate": 53.26,
            "research_to_sale_ratio": 0.97,
            "price_fair": 137,
            "eps_avg_yearly": 3.91,
            "eps_latest_yearly": 1.6,
            "eps_growth_yearly": 35.9
        },
        "20111": {
            "year_quarter": 20111,
            "year": 2011,
            "quarter": 1,
            "eps": 0.27,
            "eps_growth_year": -6.9,
            "eps_4q": 0.95,
            "eps_4q_growth_year": -58.92,
            "roe": 1.74,
            "roe_4q": 6.300000000000001,
            "gross_profit": 660827,
            "gross_margin": 17.76,
            "gross_margin_4q_avg": 18.35,
            "net_income": 177812,
            "revenue": 3720263,
            "common_shares": 6771448,
            "book_valuer_per_share": 15.4,
            "book_valuer_per_share_4q_avg": 15.12,
            "equity": 10055707,
            "current_ratio": 104.16,
            "debt_ratio": 47.68,
            "inventory_turnover_ratio": 1.28,
            "account_receivable_turnover_ratio": 2.28,
            "reinvestment_rate": 242.09,
            "research_to_sale_ratio": 0.7,
            "price_fair": 123.1,
            "eps_avg_yearly": 3.54,
            "eps_latest_yearly": 1.08,
            "eps_growth_yearly": 24.8
        },
        "20112": {
            "year_quarter": 20112,
            "year": 2011,
            "quarter": 2,
            "eps": 0.86,
            "eps_growth_year": null,
            "eps_4q": 1.89,
            "eps_4q_growth_year": 25.94,
            "roe": 5.87,
            "roe_4q": 13.1,
            "gross_profit": 1072071,
            "gross_margin": 23.62,
            "gross_margin_4q_avg": 19.28,
            "net_income": 589637,
            "revenue": 4538457,
            "common_shares": 6771448,
            "book_valuer_per_share": 15.49,
            "book_valuer_per_share_4q_avg": 15.35,
            "equity": 10036060,
            "current_ratio": 102.92,
            "debt_ratio": 49.51,
            "inventory_turnover_ratio": 1.32,
            "account_receivable_turnover_ratio": 2.37,
            "reinvestment_rate": 333.43,
            "research_to_sale_ratio": 0.61,
            "price_fair": 82,
            "eps_avg_yearly": 2.34,
            "eps_latest_yearly": 3.44,
            "eps_growth_yearly": 25.55
        },
        "20113": {
            "year_quarter": 20113,
            "year": 2011,
            "quarter": 3,
            "eps": 0.7,
            "eps_growth_year": 68.26,
            "eps_4q": 2.2,
            "eps_4q_growth_year": 88.84,
            "roe": 4.57,
            "roe_4q": 14.840000000000002,
            "gross_profit": 1016909,
            "gross_margin": 21.9,
            "gross_margin_4q_avg": 20.1,
            "net_income": 480104,
            "revenue": 4644103,
            "common_shares": 7177735,
            "book_valuer_per_share": 16.05,
            "book_valuer_per_share_4q_avg": 15.66,
            "equity": 10973967,
            "current_ratio": 99.13,
            "debt_ratio": 49.04,
            "inventory_turnover_ratio": 1.23,
            "account_receivable_turnover_ratio": 2.12,
            "reinvestment_rate": 358.5,
            "research_to_sale_ratio": 0.77,
            "price_fair": 76,
            "eps_avg_yearly": 2.17,
            "eps_latest_yearly": 2.8,
            "eps_growth_yearly": 52.69
        },
        "20114": {
            "year_quarter": 20114,
            "year": 2011,
            "quarter": 4,
            "eps": 0.26,
            "eps_growth_year": -35.22,
            "eps_4q": 2.1,
            "eps_4q_growth_year": 117.17,
            "roe": 1.58,
            "roe_4q": 13.76,
            "gross_profit": 635141,
            "gross_margin": 15.45,
            "gross_margin_4q_avg": 19.68,
            "net_income": 176357,
            "revenue": 4110278,
            "common_shares": 7204469,
            "book_valuer_per_share": 16.69,
            "book_valuer_per_share_4q_avg": 15.91,
            "equity": 11336918,
            "current_ratio": 139.08,
            "debt_ratio": 51.38,
            "inventory_turnover_ratio": 0.6,
            "account_receivable_turnover_ratio": 1.84,
            "reinvestment_rate": -8.16,
            "research_to_sale_ratio": 0.53,
            "price_fair": 50.1,
            "eps_avg_yearly": 2.03,
            "eps_latest_yearly": 1.04,
            "eps_growth_yearly": 14.68
        },
        "20121": {
            "year_quarter": 20121,
            "year": 2012,
            "quarter": 1,
            "eps": 0.15,
            "eps_growth_year": -44.44,
            "eps_4q": 2,
            "eps_4q_growth_year": 109.46,
            "roe": 0.9,
            "roe_4q": 12.920000000000002,
            "gross_profit": 446012,
            "gross_margin": 12.78,
            "gross_margin_4q_avg": 18.44,
            "net_income": 100207,
            "revenue": 3489933,
            "common_shares": 7204469,
            "book_valuer_per_share": 16.32,
            "book_valuer_per_share_4q_avg": 16.14,
            "equity": 11004793,
            "current_ratio": 120.38,
            "debt_ratio": 51.75,
            "inventory_turnover_ratio": 0.36,
            "account_receivable_turnover_ratio": 1.61,
            "reinvestment_rate": -28.69,
            "research_to_sale_ratio": 0.63,
            "price_fair": 5.61,
            "eps_avg_yearly": 1.87,
            "eps_latest_yearly": 0.6,
            "eps_growth_yearly": -5.76
        },
        "20122": {
            "year_quarter": 20122,
            "year": 2012,
            "quarter": 2,
            "eps": 0.02,
            "eps_growth_year": -97.27,
            "eps_4q": 0.93,
            "eps_4q_growth_year": -50.73,
            "roe": 0.18,
            "roe_4q": 7.23,
            "gross_profit": 623133,
            "gross_margin": 15.47,
            "gross_margin_4q_avg": 16.4,
            "net_income": 19452,
            "revenue": 4027560,
            "common_shares": 7204469,
            "book_valuer_per_share": 15.91,
            "book_valuer_per_share_4q_avg": 16.24,
            "equity": 10731051,
            "current_ratio": 118.15,
            "debt_ratio": 52.24,
            "inventory_turnover_ratio": 0.41,
            "account_receivable_turnover_ratio": 1.65,
            "reinvestment_rate": -43.45,
            "research_to_sale_ratio": 0.63,
            "price_fair": 5.08,
            "eps_avg_yearly": 1.69,
            "eps_latest_yearly": 0.08,
            "eps_growth_yearly": -39.85
        },
        "20123": {
            "year_quarter": 20123,
            "year": 2012,
            "quarter": 3,
            "eps": 0.3,
            "eps_growth_year": -57.5,
            "eps_4q": 0.65,
            "eps_4q_growth_year": -70.4,
            "roe": 2.3,
            "roe_4q": 4.96,
            "gross_profit": 468958,
            "gross_margin": 14.4,
            "gross_margin_4q_avg": 14.53,
            "net_income": 247576,
            "revenue": 3257273,
            "common_shares": 7204469,
            "book_valuer_per_share": 16.01,
            "book_valuer_per_share_4q_avg": 16.23,
            "equity": 10800398,
            "current_ratio": 119.23,
            "debt_ratio": 51.42,
            "inventory_turnover_ratio": 0.34,
            "account_receivable_turnover_ratio": 1.33,
            "reinvestment_rate": -53.84,
            "research_to_sale_ratio": 0.86,
            "price_fair": 57.65,
            "eps_avg_yearly": 1.65,
            "eps_latest_yearly": 1.2,
            "eps_growth_yearly": 472.87
        },
        "20124": {
            "year_quarter": 20124,
            "year": 2012,
            "quarter": 4,
            "eps": -0.17,
            "eps_growth_year": -166.18,
            "eps_4q": 0.27,
            "eps_4q_growth_year": -87.16,
            "roe": -1.33,
            "roe_4q": 2.05,
            "gross_profit": 242249,
            "gross_margin": 8.86,
            "gross_margin_4q_avg": 12.88,
            "net_income": -143114,
            "revenue": 2733470,
            "common_shares": 8789452,
            "book_valuer_per_share": 12.79,
            "book_valuer_per_share_4q_avg": 15.26,
            "equity": 10654357,
            "current_ratio": 122.87,
            "debt_ratio": 48.46,
            "inventory_turnover_ratio": 0.32,
            "account_receivable_turnover_ratio": 1.32,
            "reinvestment_rate": -55.45,
            "research_to_sale_ratio": 1.04,
            "price_fair": 57.65,
            "eps_avg_yearly": 1.65,
            "eps_latest_yearly": 1.2,
            "eps_growth_yearly": 472.87
        },
        "20131": {
            "year_quarter": 20131,
            "year": 2013,
            "quarter": 1,
            "eps": -0.02,
            "eps_growth_year": -113.33,
            "eps_4q": 0.13,
            "eps_4q_growth_year": -93.59,
            "roe": -0.16,
            "roe_4q": 0.9899999999999998,
            "gross_profit": 325607,
            "gross_margin": 11.29,
            "gross_margin_4q_avg": 12.51,
            "net_income": -17376,
            "revenue": 2885140,
            "common_shares": 8789452,
            "book_valuer_per_share": 12.9,
            "book_valuer_per_share_4q_avg": 14.4,
            "equity": 10747962,
            "current_ratio": 127.04,
            "debt_ratio": 47.13,
            "inventory_turnover_ratio": 0.36,
            "account_receivable_turnover_ratio": 1.48,
            "reinvestment_rate": -65.41,
            "research_to_sale_ratio": 0.86,
            "price_fair": 57.65,
            "eps_avg_yearly": 1.65,
            "eps_latest_yearly": 1.2,
            "eps_growth_yearly": 472.87
        },
        "20132": {
            "year_quarter": 20132,
            "year": 2013,
            "quarter": 2,
            "eps": 0.08,
            "eps_growth_year": 242.58,
            "eps_4q": 0.18,
            "eps_4q_growth_year": -80.53,
            "roe": 0.59,
            "roe_4q": 1.3999999999999997,
            "gross_profit": 484150,
            "gross_margin": 12.85,
            "gross_margin_4q_avg": 11.85,
            "net_income": 64201,
            "revenue": 3766470,
            "common_shares": 8789452,
            "book_valuer_per_share": 13.22,
            "book_valuer_per_share_4q_avg": 13.73,
            "equity": 11009434,
            "current_ratio": 131.26,
            "debt_ratio": 46.34,
            "inventory_turnover_ratio": 0.51,
            "account_receivable_turnover_ratio": 1.71,
            "reinvestment_rate": -66.14,
            "research_to_sale_ratio": 0.67,
            "price_fair": 57.65,
            "eps_avg_yearly": 1.65,
            "eps_latest_yearly": 1.2,
            "eps_growth_yearly": 472.87
        },
        "20133": {
            "year_quarter": 20133,
            "year": 2013,
            "quarter": 3,
            "eps": 0.29,
            "eps_growth_year": -2.43,
            "eps_4q": 0.18,
            "eps_4q_growth_year": -73.15,
            "roe": 2.19,
            "roe_4q": 1.2899999999999996,
            "gross_profit": 596452,
            "gross_margin": 17.31,
            "gross_margin_4q_avg": 12.58,
            "net_income": 242421,
            "revenue": 3444848,
            "common_shares": 8798940,
            "book_valuer_per_share": 13.39,
            "book_valuer_per_share_4q_avg": 13.08,
            "equity": 11170384,
            "current_ratio": 135.66,
            "debt_ratio": 46.37,
            "inventory_turnover_ratio": 0.48,
            "account_receivable_turnover_ratio": 1.43,
            "reinvestment_rate": -68.32,
            "research_to_sale_ratio": 0.86,
            "price_fair": 52.18,
            "eps_avg_yearly": 1.49,
            "eps_latest_yearly": 1.16,
            "eps_growth_yearly": 568.32
        },
        "20134": {
            "year_quarter": 20134,
            "year": 2013,
            "quarter": 4,
            "eps": 0.2,
            "eps_growth_year": null,
            "eps_4q": 0.55,
            "eps_4q_growth_year": 104.7,
            "roe": 1.5,
            "roe_4q": 4.12,
            "gross_profit": 550852,
            "gross_margin": 18.09,
            "gross_margin_4q_avg": 14.89,
            "net_income": 170056,
            "revenue": 3045210,
            "common_shares": 8798940,
            "book_valuer_per_share": 13.76,
            "book_valuer_per_share_4q_avg": 13.32,
            "equity": 11477339,
            "current_ratio": 143.46,
            "debt_ratio": 44.21,
            "inventory_turnover_ratio": 0.42,
            "account_receivable_turnover_ratio": 1.35,
            "reinvestment_rate": -90.39,
            "research_to_sale_ratio": 1.12,
            "price_fair": 47.6,
            "eps_avg_yearly": 1.36,
            "eps_latest_yearly": 0.8,
            "eps_growth_yearly": 565.12
        },
        "20141": {
            "year_quarter": 20141,
            "year": 2014,
            "quarter": 1,
            "eps": 0.17,
            "eps_growth_year": null,
            "eps_4q": 0.74,
            "eps_4q_growth_year": 480.52,
            "roe": 1.23,
            "roe_4q": 5.51,
            "gross_profit": 522544,
            "gross_margin": 16.5,
            "gross_margin_4q_avg": 16.19,
            "net_income": 142503,
            "revenue": 3166644,
            "common_shares": 8798940,
            "book_valuer_per_share": 14.08,
            "book_valuer_per_share_4q_avg": 13.61,
            "equity": 11739465,
            "current_ratio": 143.1,
            "debt_ratio": 45.23,
            "inventory_turnover_ratio": 0.45,
            "account_receivable_turnover_ratio": 1.34,
            "reinvestment_rate": -95.8,
            "research_to_sale_ratio": 0.72,
            "price_fair": 46.07,
            "eps_avg_yearly": 1.32,
            "eps_latest_yearly": 0.68,
            "eps_growth_yearly": 577.19
        },
        "20142": {
            "year_quarter": 20142,
            "year": 2014,
            "quarter": 2,
            "eps": 0.24,
            "eps_growth_year": 200,
            "eps_4q": 0.9,
            "eps_4q_growth_year": 397.55,
            "roe": 1.75,
            "roe_4q": 6.67,
            "gross_profit": 772873,
            "gross_margin": 20.37,
            "gross_margin_4q_avg": 18.07,
            "net_income": 197747,
            "revenue": 3794877,
            "common_shares": 8798940,
            "book_valuer_per_share": 13.03,
            "book_valuer_per_share_4q_avg": 13.57,
            "equity": 10867049,
            "current_ratio": 134.48,
            "debt_ratio": 47.55,
            "inventory_turnover_ratio": 0.55,
            "account_receivable_turnover_ratio": 1.45,
            "reinvestment_rate": -94.1,
            "research_to_sale_ratio": 0.57,
            "price_fair": 45.03,
            "eps_avg_yearly": 1.29,
            "eps_latest_yearly": 0.96,
            "eps_growth_yearly": 542.82
        },
        "20143": {
            "year_quarter": 20143,
            "year": 2014,
            "quarter": 3,
            "eps": -0.02,
            "eps_growth_year": -106.9,
            "eps_4q": 0.59,
            "eps_4q_growth_year": 235.9,
            "roe": -0.18,
            "roe_4q": 4.3,
            "gross_profit": 470840,
            "gross_margin": 16.91,
            "gross_margin_4q_avg": 17.97,
            "net_income": -19449,
            "revenue": 2784282,
            "common_shares": 8798940,
            "book_valuer_per_share": 13.17,
            "book_valuer_per_share_4q_avg": 13.51,
            "equity": 10981077,
            "current_ratio": 139.02,
            "debt_ratio": 45.57,
            "inventory_turnover_ratio": 0.42,
            "account_receivable_turnover_ratio": 1.16,
            "reinvestment_rate": -101.46,
            "research_to_sale_ratio": 0.68,
            "price_fair": 45.03,
            "eps_avg_yearly": 1.29,
            "eps_latest_yearly": 0.96,
            "eps_growth_yearly": 542.82
        },
        "20144": {
            "year_quarter": 20144,
            "year": 2014,
            "quarter": 4,
            "eps": 0.02,
            "eps_growth_year": -92.11,
            "eps_4q": 0.4,
            "eps_4q_growth_year": -27.23,
            "roe": 0.12,
            "roe_4q": 2.92,
            "gross_profit": 347373,
            "gross_margin": 13.3,
            "gross_margin_4q_avg": 16.77,
            "net_income": 13414,
            "revenue": 2610981,
            "common_shares": 8449229,
            "book_valuer_per_share": 13.58,
            "book_valuer_per_share_4q_avg": 13.47,
            "equity": 11321346,
            "current_ratio": 141.7,
            "debt_ratio": 44.78,
            "inventory_turnover_ratio": 0.4,
            "account_receivable_turnover_ratio": 1.3,
            "reinvestment_rate": -107.24,
            "research_to_sale_ratio": 1.08,
            "price_fair": 44.04,
            "eps_avg_yearly": 1.26,
            "eps_latest_yearly": 0.96,
            "eps_growth_yearly": 593.9
        },
        "20151": {
            "year_quarter": 20151,
            "year": 2015,
            "quarter": 1,
            "eps": 0.11,
            "eps_growth_year": -35.29,
            "eps_4q": 0.34,
            "eps_4q_growth_year": -54.47,
            "roe": 0.8,
            "roe_4q": 2.49,
            "gross_profit": 434454,
            "gross_margin": 15.42,
            "gross_margin_4q_avg": 16.5,
            "net_income": 90229,
            "revenue": 2817128,
            "common_shares": 8339349,
            "book_valuer_per_share": 13.55,
            "book_valuer_per_share_4q_avg": 13.33,
            "equity": 11299906,
            "current_ratio": 170.66,
            "debt_ratio": 43.8,
            "inventory_turnover_ratio": 0.42,
            "account_receivable_turnover_ratio": 1.44,
            "reinvestment_rate": -120.95,
            "research_to_sale_ratio": 0.74,
            "price_fair": 42,
            "eps_avg_yearly": 1.2,
            "eps_latest_yearly": 0.44,
            "eps_growth_yearly": 769.35
        },
        "20152": {
            "year_quarter": 20152,
            "year": 2015,
            "quarter": 2,
            "eps": 0.37,
            "eps_growth_year": 54.17,
            "eps_4q": 0.47,
            "eps_4q_growth_year": -47.42,
            "roe": 2.73,
            "roe_4q": 3.47,
            "gross_profit": 604580,
            "gross_margin": 20.08,
            "gross_margin_4q_avg": 16.43,
            "net_income": 311596,
            "revenue": 3010421,
            "common_shares": 8339349,
            "book_valuer_per_share": 13.84,
            "book_valuer_per_share_4q_avg": 13.54,
            "equity": 11538415,
            "current_ratio": 170.55,
            "debt_ratio": 43.94,
            "inventory_turnover_ratio": 0.43,
            "account_receivable_turnover_ratio": 1.44,
            "reinvestment_rate": -146.65,
            "research_to_sale_ratio": 0.67,
            "price_fair": 35.76,
            "eps_avg_yearly": 1.02,
            "eps_latest_yearly": 1.48,
            "eps_growth_yearly": 775.84
        },
        "20153": {
            "year_quarter": 20153,
            "year": 2015,
            "quarter": 3,
            "eps": 0.28,
            "eps_growth_year": null,
            "eps_4q": 0.77,
            "eps_4q_growth_year": 31.54,
            "roe": 1.96,
            "roe_4q": 5.609999999999999,
            "gross_profit": 597359,
            "gross_margin": 23.05,
            "gross_margin_4q_avg": 17.96,
            "net_income": 230429,
            "revenue": 2591194,
            "common_shares": 8339349,
            "book_valuer_per_share": 14.3,
            "book_valuer_per_share_4q_avg": 13.82,
            "equity": 11925719,
            "current_ratio": 169.74,
            "debt_ratio": 43.3,
            "inventory_turnover_ratio": 0.35,
            "account_receivable_turnover_ratio": 1.24,
            "reinvestment_rate": -195.41,
            "research_to_sale_ratio": 0.82,
            "price_fair": 30.42,
            "eps_avg_yearly": 0.87,
            "eps_latest_yearly": 1.12,
            "eps_growth_yearly": 773.76
        },
        "20154": {
            "year_quarter": 20154,
            "year": 2015,
            "quarter": 4,
            "eps": 0.21,
            "eps_growth_year": 1228.8,
            "eps_4q": 0.97,
            "eps_4q_growth_year": 142.51,
            "roe": 1.5,
            "roe_4q": 6.989999999999999,
            "gross_profit": 550934,
            "gross_margin": 22.48,
            "gross_margin_4q_avg": 20.26,
            "net_income": 178243,
            "revenue": 2451255,
            "common_shares": 8339349,
            "book_valuer_per_share": 14.29,
            "book_valuer_per_share_4q_avg": 14,
            "equity": 11916662,
            "current_ratio": 151.82,
            "debt_ratio": 48.77,
            "inventory_turnover_ratio": 0.28,
            "account_receivable_turnover_ratio": 1.29,
            "reinvestment_rate": -76.49,
            "research_to_sale_ratio": 0.84,
            "price_fair": 29.78,
            "eps_avg_yearly": 0.85,
            "eps_latest_yearly": 0.84,
            "eps_growth_yearly": 787.53
        },
        "20161": {
            "year_quarter": 20161,
            "year": 2016,
            "quarter": 1,
            "eps": 0.21,
            "eps_growth_year": 90.91,
            "eps_4q": 1.07,
            "eps_4q_growth_year": 216.3,
            "roe": 1.43,
            "roe_4q": 7.619999999999999,
            "gross_profit": 454598,
            "gross_margin": 20.02,
            "gross_margin_4q_avg": 21.41,
            "net_income": 171513,
            "revenue": 2270371,
            "common_shares": 8339349,
            "book_valuer_per_share": 14.4,
            "book_valuer_per_share_4q_avg": 14.21,
            "equity": 12004546,
            "current_ratio": 155.13,
            "debt_ratio": 46.6,
            "inventory_turnover_ratio": 0.23,
            "account_receivable_turnover_ratio": 1.31,
            "reinvestment_rate": -60.72,
            "research_to_sale_ratio": 0.95,
            "price_fair": 30.55,
            "eps_avg_yearly": 0.87,
            "eps_latest_yearly": 0.84,
            "eps_growth_yearly": 802.91
        },
        "20162": {
            "year_quarter": 20162,
            "year": 2016,
            "quarter": 2,
            "eps": 0.59,
            "eps_growth_year": 59.46,
            "eps_4q": 1.3,
            "eps_4q_growth_year": 173.61,
            "roe": 4.12,
            "roe_4q": 9.01,
            "gross_profit": 733747,
            "gross_margin": 24.24,
            "gross_margin_4q_avg": 22.45,
            "net_income": 493662,
            "revenue": 3027469,
            "common_shares": 8339349,
            "book_valuer_per_share": 14.5,
            "book_valuer_per_share_4q_avg": 14.37,
            "equity": 11987006,
            "current_ratio": 151.6,
            "debt_ratio": 46.87,
            "inventory_turnover_ratio": 0.29,
            "account_receivable_turnover_ratio": 1.52,
            "reinvestment_rate": -51.18,
            "research_to_sale_ratio": 0.84,
            "price_fair": 37.8,
            "eps_avg_yearly": 1.08,
            "eps_latest_yearly": 2.36,
            "eps_growth_yearly": 900.23
        },
        "20163": {
            "year_quarter": 20163,
            "year": 2016,
            "quarter": 3,
            "eps": 0.31,
            "eps_growth_year": 10.71,
            "eps_4q": 1.35,
            "eps_4q_growth_year": 74.65,
            "roe": 2.15,
            "roe_4q": 9.2,
            "gross_profit": 579382,
            "gross_margin": 23.13,
            "gross_margin_4q_avg": 22.47,
            "net_income": 252735,
            "revenue": 2505399,
            "common_shares": 8339349,
            "book_valuer_per_share": 14.21,
            "book_valuer_per_share_4q_avg": 14.35,
            "equity": 11515769,
            "current_ratio": 142.37,
            "debt_ratio": 48.78,
            "inventory_turnover_ratio": 0.25,
            "account_receivable_turnover_ratio": 1.11,
            "reinvestment_rate": -49.91,
            "research_to_sale_ratio": 0.77,
            "price_fair": 37.93,
            "eps_avg_yearly": 1.08,
            "eps_latest_yearly": 1.24,
            "eps_growth_yearly": 373.88
        },
        "20164": {
            "year_quarter": 20164,
            "year": 2016,
            "quarter": 4,
            "eps": 0.13,
            "eps_growth_year": -37.63,
            "eps_4q": 1.27,
            "eps_4q_growth_year": 30.56,
            "roe": 0.94,
            "roe_4q": 8.64,
            "gross_profit": 541881,
            "gross_margin": 21.54,
            "gross_margin_4q_avg": 22.23,
            "net_income": 107748,
            "revenue": 2515367,
            "common_shares": 8339349,
            "book_valuer_per_share": 14.2,
            "book_valuer_per_share_4q_avg": 14.33,
            "equity": 11482120,
            "current_ratio": 139.5,
            "debt_ratio": 49.56,
            "inventory_turnover_ratio": 0.25,
            "account_receivable_turnover_ratio": 1.19,
            "reinvestment_rate": -39.73,
            "research_to_sale_ratio": 0.83,
            "price_fair": 36.28,
            "eps_avg_yearly": 1.04,
            "eps_latest_yearly": 0.52,
            "eps_growth_yearly": 323.37
        },
        "20171": {
            "year_quarter": 20171,
            "year": 2017,
            "quarter": 1,
            "eps": 0.26,
            "eps_growth_year": 23.81,
            "eps_4q": 1.32,
            "eps_4q_growth_year": 23.64,
            "roe": 1.82,
            "roe_4q": 9.030000000000001,
            "gross_profit": 534759,
            "gross_margin": 19.72,
            "gross_margin_4q_avg": 22.16,
            "net_income": 206594,
            "revenue": 2712058,
            "common_shares": 8339349,
            "book_valuer_per_share": 13.91,
            "book_valuer_per_share_4q_avg": 14.21,
            "equity": 11162214,
            "current_ratio": 134.12,
            "debt_ratio": 52.12,
            "inventory_turnover_ratio": 0.26,
            "account_receivable_turnover_ratio": 1.31,
            "reinvestment_rate": -31.09,
            "research_to_sale_ratio": 0.76,
            "price_fair": 36.29,
            "eps_avg_yearly": 1.04,
            "eps_latest_yearly": 1.04,
            "eps_growth_yearly": 329.27
        },
        "20172": {
            "year_quarter": 20172,
            "year": 2017,
            "quarter": 2,
            "eps": 0.25,
            "eps_growth_year": -57.63,
            "eps_4q": 0.96,
            "eps_4q_growth_year": -26.02,
            "roe": 1.87,
            "roe_4q": 6.780000000000001,
            "gross_profit": 578817,
            "gross_margin": 18.61,
            "gross_margin_4q_avg": 20.75,
            "net_income": 203656,
            "revenue": 3110935,
            "common_shares": 8339349,
            "book_valuer_per_share": 13.19,
            "book_valuer_per_share_4q_avg": 13.88,
            "equity": 10585601,
            "current_ratio": 132.83,
            "debt_ratio": 54.41,
            "inventory_turnover_ratio": 0.3,
            "account_receivable_turnover_ratio": 1.38,
            "reinvestment_rate": -28.61,
            "research_to_sale_ratio": 0.66,
            "price_fair": 36.2,
            "eps_avg_yearly": 1.03,
            "eps_latest_yearly": 1,
            "eps_growth_yearly": 304.65
        },
        "20173": {
            "year_quarter": 20173,
            "year": 2017,
            "quarter": 3,
            "eps": 0.14,
            "eps_growth_year": -54.84,
            "eps_4q": 0.79,
            "eps_4q_growth_year": -41.85,
            "roe": 1.06,
            "roe_4q": 5.6899999999999995,
            "gross_profit": 537495,
            "gross_margin": 18.4,
            "gross_margin_4q_avg": 19.57,
            "net_income": 112869,
            "revenue": 2921141,
            "common_shares": 8339349,
            "book_valuer_per_share": 13.46,
            "book_valuer_per_share_4q_avg": 13.69,
            "equity": 10800248,
            "current_ratio": 134.86,
            "debt_ratio": 53.46,
            "inventory_turnover_ratio": 0.29,
            "account_receivable_turnover_ratio": 1.28,
            "reinvestment_rate": -27.96,
            "research_to_sale_ratio": 0.71,
            "price_fair": 34.7,
            "eps_avg_yearly": 0.99,
            "eps_latest_yearly": 0.56,
            "eps_growth_yearly": 217.08
        },
        "20174": {
            "year_quarter": 20174,
            "year": 2017,
            "quarter": 4,
            "eps": 0.14,
            "eps_growth_year": 3,
            "eps_4q": 0.79,
            "eps_4q_growth_year": -37.79,
            "roe": 1.02,
            "roe_4q": 5.7700000000000005,
            "gross_profit": 466648,
            "gross_margin": 18.07,
            "gross_margin_4q_avg": 18.7,
            "net_income": 110148,
            "revenue": 2581881,
            "common_shares": 8339349,
            "book_valuer_per_share": 13.58,
            "book_valuer_per_share_4q_avg": 13.54,
            "equity": 10895397,
            "current_ratio": 131.46,
            "debt_ratio": 54.12,
            "inventory_turnover_ratio": 0.25,
            "account_receivable_turnover_ratio": 1.25,
            "reinvestment_rate": -26.89,
            "research_to_sale_ratio": 0.9,
            "price_fair": 34.1,
            "eps_avg_yearly": 0.97,
            "eps_latest_yearly": 0.56,
            "eps_growth_yearly": 225.94
        },
        "20181": {
            "year_quarter": 20181,
            "year": 2018,
            "quarter": 1,
            "eps": 0.04,
            "eps_growth_year": -84.62,
            "eps_4q": 0.57,
            "eps_4q_growth_year": -56.87,
            "roe": 0.28,
            "roe_4q": 4.23,
            "gross_profit": 364012,
            "gross_margin": 15.42,
            "gross_margin_4q_avg": 17.63,
            "net_income": 30859,
            "revenue": 2361272,
            "common_shares": 8339349,
            "book_valuer_per_share": 13.76,
            "book_valuer_per_share_4q_avg": 13.5,
            "equity": 11036709,
            "current_ratio": 167.04,
            "debt_ratio": 53.43,
            "inventory_turnover_ratio": 0.22,
            "account_receivable_turnover_ratio": 1.22,
            "reinvestment_rate": -23.27,
            "research_to_sale_ratio": 1.16,
            "price_fair": 32.8,
            "eps_avg_yearly": 0.94,
            "eps_latest_yearly": 0.16,
            "eps_growth_yearly": 209.82
        },
        "20182": {
            "year_quarter": 20182,
            "year": 2018,
            "quarter": 2,
            "eps": 0.16,
            "eps_growth_year": -36,
            "eps_4q": 0.48,
            "eps_4q_growth_year": -50.08,
            "roe": 1.21,
            "roe_4q": 3.57,
            "gross_profit": 518325,
            "gross_margin": 16.87,
            "gross_margin_4q_avg": 17.19,
            "net_income": 130863,
            "revenue": 3072829,
            "common_shares": 8339349,
            "book_valuer_per_share": 13.15,
            "book_valuer_per_share_4q_avg": 13.49,
            "equity": 10552825,
            "current_ratio": 160.44,
            "debt_ratio": 55.1,
            "inventory_turnover_ratio": 0.29,
            "account_receivable_turnover_ratio": 1.39,
            "reinvestment_rate": -11.3,
            "research_to_sale_ratio": 0.82,
            "price_fair": 32,
            "eps_avg_yearly": 0.91,
            "eps_latest_yearly": 0.64,
            "eps_growth_yearly": 283.77
        },
        "20183": {
            "year_quarter": 20183,
            "year": 2018,
            "quarter": 3,
            "eps": 0.03,
            "eps_growth_year": -78.57,
            "eps_4q": 0.37,
            "eps_4q_growth_year": -52.94,
            "roe": 0.24,
            "roe_4q": 2.75,
            "gross_profit": 404236,
            "gross_margin": 15.79,
            "gross_margin_4q_avg": 16.54,
            "net_income": 25015,
            "revenue": 2559914,
            "common_shares": 8339349,
            "book_valuer_per_share": 12.88,
            "book_valuer_per_share_4q_avg": 13.34,
            "equity": 10330712,
            "current_ratio": 157.75,
            "debt_ratio": 55.79,
            "inventory_turnover_ratio": 0.25,
            "account_receivable_turnover_ratio": 1.06,
            "reinvestment_rate": -14.18,
            "research_to_sale_ratio": 0.92,
            "price_fair": 30.15,
            "eps_avg_yearly": 0.86,
            "eps_latest_yearly": 0.12,
            "eps_growth_yearly": 243.19
        },
        "20184": {
            "year_quarter": 20184,
            "year": 2018,
            "quarter": 4,
            "eps": -0,
            "eps_growth_year": -103.02,
            "eps_4q": 0.23,
            "eps_4q_growth_year": -71.04,
            "roe": -0.03,
            "roe_4q": 1.7,
            "gross_profit": 346432,
            "gross_margin": 14.13,
            "gross_margin_4q_avg": 15.55,
            "net_income": -3331,
            "revenue": 2451246,
            "common_shares": 8339349,
            "book_valuer_per_share": 12.93,
            "book_valuer_per_share_4q_avg": 13.18,
            "equity": 10374275,
            "current_ratio": 157.85,
            "debt_ratio": 55.7,
            "inventory_turnover_ratio": 0.25,
            "account_receivable_turnover_ratio": 1.09,
            "reinvestment_rate": -16.42,
            "research_to_sale_ratio": 0.96,
            "price_fair": 30.15,
            "eps_avg_yearly": 0.86,
            "eps_latest_yearly": 0.12,
            "eps_growth_yearly": 243.19
        },
        "20191": {
            "year_quarter": 20191,
            "year": 2019,
            "quarter": 1,
            "eps": 0.27,
            "eps_growth_year": 575,
            "eps_4q": 0.46,
            "eps_4q_growth_year": -19.38,
            "roe": 2.05,
            "roe_4q": 3.4699999999999998,
            "gross_profit": 476425,
            "gross_margin": 17.44,
            "gross_margin_4q_avg": 16.06,
            "net_income": 216293,
            "revenue": 2732571,
            "common_shares": 8339349,
            "book_valuer_per_share": 13.39,
            "book_valuer_per_share_4q_avg": 13.09,
            "equity": 10744350,
            "current_ratio": 157.58,
            "debt_ratio": 54.92,
            "inventory_turnover_ratio": 0.27,
            "account_receivable_turnover_ratio": 1.12,
            "reinvestment_rate": 3.82,
            "research_to_sale_ratio": 0.92,
            "price_fair": 31.2,
            "eps_avg_yearly": 0.89,
            "eps_latest_yearly": 0.12,
            "eps_growth_yearly": 131.98
        },
        "20192": {
            "year_quarter": 20192,
            "year": 2019,
            "quarter": 2,
            "eps": 0.48,
            "eps_growth_year": 200,
            "eps_4q": 0.77,
            "eps_4q_growth_year": 60.96,
            "roe": 3.53,
            "roe_4q": 5.79,
            "gross_profit": 659892,
            "gross_margin": 21.34,
            "gross_margin_4q_avg": 17.18,
            "net_income": 381293,
            "revenue": 3092855,
            "common_shares": 8339349,
            "book_valuer_per_share": 13.56,
            "book_valuer_per_share_4q_avg": 13.19,
            "equity": 10878660,
            "current_ratio": 155.69,
            "debt_ratio": 55.46,
            "inventory_turnover_ratio": 0.29,
            "account_receivable_turnover_ratio": 1.08,
            "reinvestment_rate": 13.89,
            "research_to_sale_ratio": 0.95,
            "price_fair": 32.3,
            "eps_avg_yearly": 0.92,
            "eps_latest_yearly": 1.92,
            "eps_growth_yearly": 86.67
        },
        "20193": {
            "year_quarter": 20193,
            "year": 2019,
            "quarter": 3,
            "eps": 0.52,
            "eps_growth_year": 1633.33,
            "eps_4q": 1.26,
            "eps_4q_growth_year": 240.18,
            "roe": 3.85,
            "roe_4q": 9.4,
            "gross_profit": 480008,
            "gross_margin": 17.89,
            "gross_margin_4q_avg": 17.7,
            "net_income": 415675,
            "revenue": 2683383,
            "common_shares": 8339349,
            "book_valuer_per_share": 13.34,
            "book_valuer_per_share_4q_avg": 13.31,
            "equity": 10705982,
            "current_ratio": 134.63,
            "debt_ratio": 61.23,
            "inventory_turnover_ratio": 0.26,
            "account_receivable_turnover_ratio": 0.96,
            "reinvestment_rate": 22.09,
            "research_to_sale_ratio": 0.91,
            "price_fair": 34.7,
            "eps_avg_yearly": 0.99,
            "eps_latest_yearly": 2.08,
            "eps_growth_yearly": 96
        },
        "20194": {
            "year_quarter": 20194,
            "year": 2019,
            "quarter": 4,
            "eps": 0.15,
            "eps_growth_year": null,
            "eps_4q": 1.42,
            "eps_4q_growth_year": 519.22,
            "roe": 1.14,
            "roe_4q": 10.57,
            "gross_profit": 441560,
            "gross_margin": 16.96,
            "gross_margin_4q_avg": 18.41,
            "net_income": 122423,
            "revenue": 2602771,
            "common_shares": 8339349,
            "book_valuer_per_share": 13.35,
            "book_valuer_per_share_4q_avg": 13.41,
            "equity": 10708891,
            "current_ratio": 113.93,
            "debt_ratio": 61.26,
            "inventory_turnover_ratio": 0.25,
            "account_receivable_turnover_ratio": 1.07,
            "reinvestment_rate": 11.75,
            "research_to_sale_ratio": 1.22,
            "price_fair": 34.1,
            "eps_avg_yearly": 0.97,
            "eps_latest_yearly": 0.6,
            "eps_growth_yearly": 82.82
        },
        "20201": {
            "year_quarter": 20201,
            "year": 2020,
            "quarter": 1,
            "eps": -0.16,
            "eps_growth_year": -159.26,
            "eps_4q": 0.99,
            "eps_4q_growth_year": 114.46,
            "roe": -1.24,
            "roe_4q": 7.279999999999999,
            "gross_profit": 432234,
            "gross_margin": 19.7,
            "gross_margin_4q_avg": 18.97,
            "net_income": -128380,
            "revenue": 2194640,
            "common_shares": 8339349,
            "book_valuer_per_share": 12.38,
            "book_valuer_per_share_4q_avg": 13.16,
            "equity": 9933601,
            "current_ratio": 151.89,
            "debt_ratio": 65.49,
            "inventory_turnover_ratio": 0.2,
            "account_receivable_turnover_ratio": 0.98,
            "reinvestment_rate": 0.68,
            "research_to_sale_ratio": 1.12,
            "price_fair": 34.46,
            "eps_avg_yearly": 0.98,
            "eps_latest_yearly": 0.6,
            "eps_growth_yearly": 89.19
        },
        "20202": {
            "year_quarter": 20202,
            "year": 2020,
            "quarter": 2,
            "eps": 0.72,
            "eps_growth_year": 50,
            "eps_4q": 1.23,
            "eps_4q_growth_year": 58.89,
            "roe": 5.65,
            "roe_4q": 9.4,
            "gross_profit": 354410,
            "gross_margin": 18.02,
            "gross_margin_4q_avg": 18.14,
            "net_income": 574255,
            "revenue": 1966523,
            "common_shares": 8339349,
            "book_valuer_per_share": 12.97,
            "book_valuer_per_share_4q_avg": 13.01,
            "equity": 10405659,
            "current_ratio": 151.77,
            "debt_ratio": 65.12,
            "inventory_turnover_ratio": 0.18,
            "account_receivable_turnover_ratio": 0.91,
            "reinvestment_rate": 6.24,
            "research_to_sale_ratio": 1.11,
            "price_fair": 30.45,
            "eps_avg_yearly": 0.87,
            "eps_latest_yearly": 0.6,
            "eps_growth_yearly": 36.3
        },
        "20203": {
            "year_quarter": 20203,
            "year": 2020,
            "quarter": 3,
            "eps": 0.28,
            "eps_growth_year": -46.15,
            "eps_4q": 0.99,
            "eps_4q_growth_year": -21.42,
            "roe": 2.16,
            "roe_4q": 7.71,
            "gross_profit": 750899,
            "gross_margin": 25.43,
            "gross_margin_4q_avg": 20.03,
            "net_income": 225344,
            "revenue": 2952496,
            "common_shares": 8339349,
            "book_valuer_per_share": 13.06,
            "book_valuer_per_share_4q_avg": 12.94,
            "equity": 10475715,
            "current_ratio": 149.13,
            "debt_ratio": 65.88,
            "inventory_turnover_ratio": 0.24,
            "account_receivable_turnover_ratio": 1.22,
            "reinvestment_rate": 1.05,
            "research_to_sale_ratio": 0.76,
            "price_fair": 30.1,
            "eps_avg_yearly": 0.86,
            "eps_latest_yearly": 1.12,
            "eps_growth_yearly": 31.75
        },
        "20204": {
            "year_quarter": 20204,
            "year": 2020,
            "quarter": 4,
            "eps": 0.22,
            "eps_growth_year": 41.44,
            "eps_4q": 1.05,
            "eps_4q_growth_year": -25.65,
            "roe": 1.63,
            "roe_4q": 8.200000000000001,
            "gross_profit": 792838,
            "gross_margin": 30.71,
            "gross_margin_4q_avg": 23.47,
            "net_income": 173159,
            "revenue": 2581460,
            "common_shares": 8339349,
            "book_valuer_per_share": 13.45,
            "book_valuer_per_share_4q_avg": 12.97,
            "equity": 10787307,
            "current_ratio": 147.26,
            "debt_ratio": 66.32,
            "inventory_turnover_ratio": 0.19,
            "account_receivable_turnover_ratio": 1.07,
            "reinvestment_rate": 5.29,
            "research_to_sale_ratio": 1,
            "price_fair": 31.15,
            "eps_avg_yearly": 0.89,
            "eps_latest_yearly": 0.88,
            "eps_growth_yearly": 43.96
        },
        "20211": {
            "year_quarter": 20211,
            "year": 2021,
            "quarter": 1,
            "eps": 0.26,
            "eps_growth_year": null,
            "eps_4q": 1.47,
            "eps_4q_growth_year": 48.87,
            "roe": 1.93,
            "roe_4q": 11.370000000000001,
            "gross_profit": 564105,
            "gross_margin": 25.63,
            "gross_margin_4q_avg": 24.95,
            "net_income": 204797,
            "revenue": 2201075,
            "common_shares": 8339349,
            "book_valuer_per_share": 13.06,
            "book_valuer_per_share_4q_avg": 13.14,
            "equity": 10473498,
            "current_ratio": 141.1,
            "debt_ratio": 67.52,
            "inventory_turnover_ratio": 0.16,
            "account_receivable_turnover_ratio": 1.04,
            "reinvestment_rate": 8.49,
            "research_to_sale_ratio": 1.1,
            "price_fair": 23.76,
            "eps_avg_yearly": 0.89,
            "eps_latest_yearly": 1.04,
            "eps_growth_yearly": 16.69
        },
        "20212": {
            "year_quarter": 20212,
            "year": 2021,
            "quarter": 2,
            "eps": 0.29,
            "eps_growth_year": -59.72,
            "eps_4q": 1.02,
            "eps_4q_growth_year": -16.69,
            "roe": 2.17,
            "roe_4q": 7.89,
            "gross_profit": 279572,
            "gross_margin": 14.51,
            "gross_margin_4q_avg": 24.07,
            "net_income": 238969,
            "revenue": 1927349,
            "common_shares": 8339349,
            "book_valuer_per_share": 13.98,
            "book_valuer_per_share_4q_avg": 13.39,
            "equity": 11525097,
            "current_ratio": 146.79,
            "debt_ratio": 66.61,
            "inventory_turnover_ratio": 0.15,
            "account_receivable_turnover_ratio": 1.02,
            "reinvestment_rate": 3.77,
            "research_to_sale_ratio": 1.95,
            "price_fair": 28.74,
            "eps_avg_yearly": 0.9,
            "eps_latest_yearly": 1.16,
            "eps_growth_yearly": 21.82
        },
        "20213": {
            "year_quarter": 20213,
            "year": 2021,
            "quarter": 3,
            "eps": -0.18,
            "eps_growth_year": -164.29,
            "eps_4q": 0.56,
            "eps_4q_growth_year": -43.24,
            "roe": -1.28,
            "roe_4q": 4.449999999999999,
            "gross_profit": 259091,
            "gross_margin": 11.96,
            "gross_margin_4q_avg": 20.7,
            "net_income": -149166,
            "revenue": 2165819,
            "common_shares": 8339349,
            "book_valuer_per_share": 14.04,
            "book_valuer_per_share_4q_avg": 13.63,
            "equity": 11696436,
            "current_ratio": 146.11,
            "debt_ratio": 67.55,
            "inventory_turnover_ratio": 0.16,
            "account_receivable_turnover_ratio": 1.15,
            "reinvestment_rate": 8.59,
            "research_to_sale_ratio": 1.2,
            "price_fair": 32.71,
            "eps_avg_yearly": 0.93,
            "eps_latest_yearly": 1.16,
            "eps_growth_yearly": 39.8
        },
        "20214": {
            "year_quarter": 20214,
            "year": 2021,
            "quarter": 4,
            "eps": -0.64,
            "eps_growth_year": -398.81,
            "eps_4q": -0.29,
            "eps_4q_growth_year": -127.71,
            "roe": -4.69,
            "roe_4q": -1.8700000000000008,
            "gross_profit": 226019,
            "gross_margin": 12.67,
            "gross_margin_4q_avg": 16.19,
            "net_income": -537854,
            "revenue": 1783348,
            "common_shares": 8339349,
            "book_valuer_per_share": 13.49,
            "book_valuer_per_share_4q_avg": 13.64,
            "equity": 11249385,
            "current_ratio": 131.34,
            "debt_ratio": 69.86,
            "inventory_turnover_ratio": 0.12,
            "account_receivable_turnover_ratio": 0.91,
            "reinvestment_rate": 221.73,
            "research_to_sale_ratio": 1.14,
            "price_fair": 34.02,
            "eps_avg_yearly": 0.97,
            "eps_latest_yearly": 1.16,
            "eps_growth_yearly": 43.78
        },
        "20221": {
            "year_quarter": 20221,
            "year": 2022,
            "quarter": 1,
            "eps": -0.35,
            "eps_growth_year": -234.62,
            "eps_4q": -0.89,
            "eps_4q_growth_year": -160.61,
            "roe": -2.62,
            "roe_4q": -6.42,
            "gross_profit": 175637,
            "gross_margin": 9.73,
            "gross_margin_4q_avg": 12.22,
            "net_income": -293804,
            "revenue": 1804499,
            "common_shares": 8339349,
            "book_valuer_per_share": 13.37,
            "book_valuer_per_share_4q_avg": 13.72,
            "equity": 11153316,
            "current_ratio": 137.23,
            "debt_ratio": 69.34,
            "inventory_turnover_ratio": 0.11,
            "account_receivable_turnover_ratio": 0.97,
            "reinvestment_rate": 270.97,
            "research_to_sale_ratio": 1.01,
            "price_fair": 37.18,
            "eps_avg_yearly": 1.06,
            "eps_latest_yearly": 1.16,
            "eps_growth_yearly": 80.39
        },
        "20222": {
            "year_quarter": 20222,
            "year": 2022,
            "quarter": 2,
            "eps": -0.2,
            "eps_growth_year": -168.97,
            "eps_4q": -1.38,
            "eps_4q_growth_year": -234.61,
            "roe": -1.51,
            "roe_4q": -10.1,
            "gross_profit": 457329,
            "gross_margin": 20.29,
            "gross_margin_4q_avg": 13.66,
            "net_income": -166284,
            "revenue": 2254260,
            "common_shares": 8339349,
            "book_valuer_per_share": 13.05,
            "book_valuer_per_share_4q_avg": 13.49,
            "equity": 10882097,
            "current_ratio": 140.84,
            "debt_ratio": 70.32,
            "inventory_turnover_ratio": 0.12,
            "account_receivable_turnover_ratio": 1.14,
            "reinvestment_rate": 301.29,
            "research_to_sale_ratio": 0.76,
            "price_fair": 3.35,
            "eps_avg_yearly": 1.12,
            "eps_latest_yearly": 1.16,
            "eps_growth_yearly": -59.56
        },
        "20223": {
            "year_quarter": 20223,
            "year": 2022,
            "quarter": 3,
            "eps": -0.09,
            "eps_growth_year": null,
            "eps_4q": -1.29,
            "eps_4q_growth_year": -329.93,
            "roe": -0.72,
            "roe_4q": -9.54,
            "gross_profit": 331138,
            "gross_margin": 18.06,
            "gross_margin_4q_avg": 15.19,
            "net_income": -78676,
            "revenue": 1833262,
            "common_shares": 8339349,
            "book_valuer_per_share": 13,
            "book_valuer_per_share_4q_avg": 13.23,
            "equity": 10837829,
            "current_ratio": 144.02,
            "debt_ratio": 70.81,
            "inventory_turnover_ratio": 0.09,
            "account_receivable_turnover_ratio": 1.03,
            "reinvestment_rate": 326.61,
            "research_to_sale_ratio": 1.07,
            "price_fair": 3.77,
            "eps_avg_yearly": 1.26,
            "eps_latest_yearly": 1.16,
            "eps_growth_yearly": -21.64
        },
        "20224": {
            "year_quarter": 20224,
            "year": 2022,
            "quarter": 4,
            "eps": -0.58,
            "eps_growth_year": null,
            "eps_4q": -1.23,
            "eps_4q_growth_year": null,
            "roe": -4.58,
            "roe_4q": -9.43,
            "gross_profit": 110406,
            "gross_margin": 7.26,
            "gross_margin_4q_avg": 13.84,
            "net_income": -484818,
            "revenue": 1520213,
            "common_shares": 8339349,
            "book_valuer_per_share": 12.36,
            "book_valuer_per_share_4q_avg": 12.95,
            "equity": 10311177,
            "current_ratio": 147.52,
            "debt_ratio": 72.37,
            "inventory_turnover_ratio": 0.08,
            "account_receivable_turnover_ratio": 1.15,
            "reinvestment_rate": 469.47,
            "research_to_sale_ratio": 1.42,
            "price_fair": 3.77,
            "eps_avg_yearly": 1.26,
            "eps_latest_yearly": 1.16,
            "eps_growth_yearly": -21.64
        },
        "20231": {
            "year_quarter": 20231,
            "year": 2023,
            "quarter": 1,
            "eps": -0.07,
            "eps_growth_year": null,
            "eps_4q": -0.94,
            "eps_4q_growth_year": null,
            "roe": -0.54,
            "roe_4q": -7.35,
            "gross_profit": 201468,
            "gross_margin": 11.77,
            "gross_margin_4q_avg": 14.35,
            "net_income": -55272,
            "revenue": 1712289,
            "common_shares": 8339349,
            "book_valuer_per_share": 12.34,
            "book_valuer_per_share_4q_avg": 12.69,
            "equity": 10288434,
            "current_ratio": 147.25,
            "debt_ratio": 72.83,
            "inventory_turnover_ratio": 0.08,
            "account_receivable_turnover_ratio": 1.34,
            "reinvestment_rate": 704.19,
            "research_to_sale_ratio": 1.17,
            "price_fair": 3.77,
            "eps_avg_yearly": 1.26,
            "eps_latest_yearly": 1.16,
            "eps_growth_yearly": -21.64
        }
    },
    "months": {
        "2001-06": {
            "month": "2001-06",
            "price": "5.96",
            "revenue": 315307
        },
        "2001-07": {
            "month": "2001-07",
            "price": "4.32",
            "revenue": 379918
        },
        "2001-08": {
            "month": "2001-08",
            "price": "4.42",
            "revenue": 359060
        },
        "2001-09": {
            "month": "2001-09",
            "price": "4.01",
            "revenue": 261898
        },
        "2001-10": {
            "month": "2001-10",
            "price": "2.98",
            "revenue": 228439
        },
        "2001-11": {
            "month": "2001-11",
            "price": "2.91",
            "revenue": 264905
        },
        "2001-12": {
            "month": "2001-12",
            "price": "4.34",
            "revenue": 298439
        },
        "2002-01": {
            "month": "2002-01",
            "price": "5.75",
            "revenue": 333376
        },
        "2002-02": {
            "month": "2002-02",
            "price": "5.00",
            "revenue": 267349
        },
        "2002-03": {
            "month": "2002-03",
            "price": "5.60",
            "revenue": 380064
        },
        "2002-04": {
            "month": "2002-04",
            "price": "7.61",
            "revenue": 373425
        },
        "2002-05": {
            "month": "2002-05",
            "price": "6.58",
            "revenue": 411762
        },
        "2002-06": {
            "month": "2002-06",
            "price": "6.79",
            "revenue": 413100
        },
        "2002-07": {
            "month": "2002-07",
            "price": "6.64",
            "revenue": 390994
        },
        "2002-08": {
            "month": "2002-08",
            "price": "7.64",
            "revenue": 376988
        },
        "2002-09": {
            "month": "2002-09",
            "price": "6.34",
            "revenue": 352841
        },
        "2002-10": {
            "month": "2002-10",
            "price": "5.75",
            "revenue": 307953
        },
        "2002-11": {
            "month": "2002-11",
            "price": "13.56",
            "revenue": 381569
        },
        "2002-12": {
            "month": "2002-12",
            "price": "14.76",
            "revenue": 407009
        },
        "2003-01": {
            "month": "2003-01",
            "price": "15.76",
            "revenue": 359681
        },
        "2003-02": {
            "month": "2003-02",
            "price": "14.46",
            "revenue": 310742
        },
        "2003-03": {
            "month": "2003-03",
            "price": "14.65",
            "revenue": 435282
        },
        "2003-04": {
            "month": "2003-04",
            "price": "15.39",
            "revenue": 419260
        },
        "2003-05": {
            "month": "2003-05",
            "price": "14.20",
            "revenue": 420848
        },
        "2003-06": {
            "month": "2003-06",
            "price": "21.26",
            "revenue": 420081
        },
        "2003-07": {
            "month": "2003-07",
            "price": "20.44",
            "revenue": 390204
        },
        "2003-08": {
            "month": "2003-08",
            "price": "19.36",
            "revenue": 419658
        },
        "2003-09": {
            "month": "2003-09",
            "price": "21.26",
            "revenue": 431101
        },
        "2003-10": {
            "month": "2003-10",
            "price": "23.81",
            "revenue": 442701
        },
        "2003-11": {
            "month": "2003-11",
            "price": "26.02",
            "revenue": 448090
        },
        "2003-12": {
            "month": "2003-12",
            "price": "27.50",
            "revenue": 464065
        },
        "2004-01": {
            "month": "2004-01",
            "price": "34.55",
            "revenue": 437557
        },
        "2004-02": {
            "month": "2004-02",
            "price": "38.80",
            "revenue": 486294
        },
        "2004-03": {
            "month": "2004-03",
            "price": "38.83",
            "revenue": 528800
        },
        "2004-04": {
            "month": "2004-04",
            "price": "37.10",
            "revenue": 534054
        },
        "2004-05": {
            "month": "2004-05",
            "price": "33.79",
            "revenue": 542601
        },
        "2004-06": {
            "month": "2004-06",
            "price": "33.59",
            "revenue": 551471
        },
        "2004-07": {
            "month": "2004-07",
            "price": "35.42",
            "revenue": 554016
        },
        "2004-08": {
            "month": "2004-08",
            "price": "39.76",
            "revenue": 569499
        },
        "2004-09": {
            "month": "2004-09",
            "price": "41.06",
            "revenue": 593065
        },
        "2004-10": {
            "month": "2004-10",
            "price": "40.71",
            "revenue": 601032
        },
        "2004-11": {
            "month": "2004-11",
            "price": "39.05",
            "revenue": 635486
        },
        "2004-12": {
            "month": "2004-12",
            "price": "39.47",
            "revenue": 642365
        },
        "2005-01": {
            "month": "2005-01",
            "price": "40.39",
            "revenue": 673943
        },
        "2005-02": {
            "month": "2005-02",
            "price": "38.95",
            "revenue": 587465
        },
        "2005-03": {
            "month": "2005-03",
            "price": "38.51",
            "revenue": 707344
        },
        "2005-04": {
            "month": "2005-04",
            "price": "31.69",
            "revenue": 719312
        },
        "2005-05": {
            "month": "2005-05",
            "price": "30.05",
            "revenue": 727609
        },
        "2005-06": {
            "month": "2005-06",
            "price": "33.56",
            "revenue": 754130
        },
        "2005-07": {
            "month": "2005-07",
            "price": "32.89",
            "revenue": 730628
        },
        "2005-08": {
            "month": "2005-08",
            "price": "32.94",
            "revenue": 783614
        },
        "2005-09": {
            "month": "2005-09",
            "price": "32.53",
            "revenue": 793369
        },
        "2005-10": {
            "month": "2005-10",
            "price": "31.58",
            "revenue": 798321
        },
        "2005-11": {
            "month": "2005-11",
            "price": "32.14",
            "revenue": 747500
        },
        "2005-12": {
            "month": "2005-12",
            "price": "35.13",
            "revenue": 737865
        },
        "2006-01": {
            "month": "2006-01",
            "price": "43.21",
            "revenue": 700138
        },
        "2006-02": {
            "month": "2006-02",
            "price": "41.51",
            "revenue": 717393
        },
        "2006-03": {
            "month": "2006-03",
            "price": "41.77",
            "revenue": 842170
        },
        "2006-04": {
            "month": "2006-04",
            "price": "48.47",
            "revenue": 887804
        },
        "2006-05": {
            "month": "2006-05",
            "price": "63.95",
            "revenue": 910416
        },
        "2006-06": {
            "month": "2006-06",
            "price": "56.26",
            "revenue": 938066
        },
        "2006-07": {
            "month": "2006-07",
            "price": "43.71",
            "revenue": 928987
        },
        "2006-08": {
            "month": "2006-08",
            "price": "41.14",
            "revenue": 957821
        },
        "2006-09": {
            "month": "2006-09",
            "price": "41.27",
            "revenue": 943421
        },
        "2006-10": {
            "month": "2006-10",
            "price": "46.59",
            "revenue": 888536
        },
        "2006-11": {
            "month": "2006-11",
            "price": "49.34",
            "revenue": 919987
        },
        "2006-12": {
            "month": "2006-12",
            "price": "52.34",
            "revenue": 899593
        },
        "2007-01": {
            "month": "2007-01",
            "price": "49.82",
            "revenue": 930151
        },
        "2007-02": {
            "month": "2007-02",
            "price": "49.15",
            "revenue": 721086
        },
        "2007-03": {
            "month": "2007-03",
            "price": "51.90",
            "revenue": 966620
        },
        "2007-04": {
            "month": "2007-04",
            "price": "60.02",
            "revenue": 991387
        },
        "2007-05": {
            "month": "2007-05",
            "price": "58.87",
            "revenue": 1034921
        },
        "2007-06": {
            "month": "2007-06",
            "price": "60.66",
            "revenue": 1059536
        },
        "2007-07": {
            "month": "2007-07",
            "price": "65.19",
            "revenue": 1089218
        },
        "2007-08": {
            "month": "2007-08",
            "price": "54.79",
            "revenue": 1105401
        },
        "2007-09": {
            "month": "2007-09",
            "price": "50.88",
            "revenue": 907037
        },
        "2007-10": {
            "month": "2007-10",
            "price": "47.71",
            "revenue": 833609
        },
        "2007-11": {
            "month": "2007-11",
            "price": "41.73",
            "revenue": 824612
        },
        "2007-12": {
            "month": "2007-12",
            "price": "37.74",
            "revenue": 846620
        },
        "2008-01": {
            "month": "2008-01",
            "price": "42.58",
            "revenue": 960710
        },
        "2008-02": {
            "month": "2008-02",
            "price": "49.88",
            "revenue": 722298
        },
        "2008-03": {
            "month": "2008-03",
            "price": "56.30",
            "revenue": 902074
        },
        "2008-04": {
            "month": "2008-04",
            "price": "53.85",
            "revenue": 915442
        },
        "2008-05": {
            "month": "2008-05",
            "price": "52.03",
            "revenue": 933466
        },
        "2008-06": {
            "month": "2008-06",
            "price": "43.58",
            "revenue": 953849
        },
        "2008-07": {
            "month": "2008-07",
            "price": "26.68",
            "revenue": 880290
        },
        "2008-08": {
            "month": "2008-08",
            "price": "27.30",
            "revenue": 911208
        },
        "2008-09": {
            "month": "2008-09",
            "price": "26.81",
            "revenue": 828847
        },
        "2008-10": {
            "month": "2008-10",
            "price": "20.87",
            "revenue": 605705
        },
        "2008-11": {
            "month": "2008-11",
            "price": "14.61",
            "revenue": 522792
        },
        "2008-12": {
            "month": "2008-12",
            "price": "14.00",
            "revenue": 583608
        },
        "2009-01": {
            "month": "2009-01",
            "price": "13.58",
            "revenue": 476071
        },
        "2009-02": {
            "month": "2009-02",
            "price": "13.74",
            "revenue": 659172
        },
        "2009-03": {
            "month": "2009-03",
            "price": "17.16",
            "revenue": 925599
        },
        "2009-04": {
            "month": "2009-04",
            "price": "23.32",
            "revenue": 1001529
        },
        "2009-05": {
            "month": "2009-05",
            "price": "30.97",
            "revenue": 969714
        },
        "2009-06": {
            "month": "2009-06",
            "price": "31.45",
            "revenue": 976931
        },
        "2009-07": {
            "month": "2009-07",
            "price": "33.05",
            "revenue": 927964
        },
        "2009-08": {
            "month": "2009-08",
            "price": "31.68",
            "revenue": 1033070
        },
        "2009-09": {
            "month": "2009-09",
            "price": "33.64",
            "revenue": 1040554
        },
        "2009-10": {
            "month": "2009-10",
            "price": "35.70",
            "revenue": 869233
        },
        "2009-11": {
            "month": "2009-11",
            "price": "34.18",
            "revenue": 889842
        },
        "2009-12": {
            "month": "2009-12",
            "price": "36.11",
            "revenue": 803675
        },
        "2010-01": {
            "month": "2010-01",
            "price": "46.17",
            "revenue": 437748
        },
        "2010-02": {
            "month": "2010-02",
            "price": "40.69",
            "revenue": 745711
        },
        "2010-03": {
            "month": "2010-03",
            "price": "44.83",
            "revenue": 1064983
        },
        "2010-04": {
            "month": "2010-04",
            "price": "46.79",
            "revenue": 1146977
        },
        "2010-05": {
            "month": "2010-05",
            "price": "41.72",
            "revenue": 1179400
        },
        "2010-06": {
            "month": "2010-06",
            "price": "41.01",
            "revenue": 1228558
        },
        "2010-07": {
            "month": "2010-07",
            "price": "41.82",
            "revenue": 1267273
        },
        "2010-08": {
            "month": "2010-08",
            "price": "44.21",
            "revenue": 1287484
        },
        "2010-09": {
            "month": "2010-09",
            "price": "42.77",
            "revenue": 1265568
        },
        "2010-10": {
            "month": "2010-10",
            "price": "44.41",
            "revenue": 1096445
        },
        "2010-11": {
            "month": "2010-11",
            "price": "46.03",
            "revenue": 1166181
        },
        "2010-12": {
            "month": "2010-12",
            "price": "48.74",
            "revenue": 1249298
        },
        "2011-01": {
            "month": "2011-01",
            "price": "47.49",
            "revenue": 1206542
        },
        "2011-02": {
            "month": "2011-02",
            "price": "46.82",
            "revenue": 1089213
        },
        "2011-03": {
            "month": "2011-03",
            "price": "44.85",
            "revenue": 1428724
        },
        "2011-04": {
            "month": "2011-04",
            "price": "45.04",
            "revenue": 1450002
        },
        "2011-05": {
            "month": "2011-05",
            "price": "46.18",
            "revenue": 1521059
        },
        "2011-06": {
            "month": "2011-06",
            "price": "46.71",
            "revenue": 1560789
        },
        "2011-07": {
            "month": "2011-07",
            "price": "51.34",
            "revenue": 1557180
        },
        "2011-08": {
            "month": "2011-08",
            "price": "51.96",
            "revenue": 1550677
        },
        "2011-09": {
            "month": "2011-09",
            "price": "47.82",
            "revenue": 1545452
        },
        "2011-10": {
            "month": "2011-10",
            "price": "49.14",
            "revenue": 1405234
        },
        "2011-11": {
            "month": "2011-11",
            "price": "47.55",
            "revenue": 1411160
        },
        "2011-12": {
            "month": "2011-12",
            "price": "44.76",
            "revenue": 1311026
        },
        "2012-01": {
            "month": "2012-01",
            "price": "45.71",
            "revenue": 1118413
        },
        "2012-02": {
            "month": "2012-02",
            "price": "48.51",
            "revenue": 1154887
        },
        "2012-03": {
            "month": "2012-03",
            "price": "48.63",
            "revenue": 1218719
        },
        "2012-04": {
            "month": "2012-04",
            "price": "44.10",
            "revenue": 1270372
        },
        "2012-05": {
            "month": "2012-05",
            "price": "41.65",
            "revenue": 1415307
        },
        "2012-06": {
            "month": "2012-06",
            "price": "40.72",
            "revenue": 1334806
        },
        "2012-07": {
            "month": "2012-07",
            "price": "41.53",
            "revenue": 1211590
        },
        "2012-08": {
            "month": "2012-08",
            "price": "43.68",
            "revenue": 1086178
        },
        "2012-09": {
            "month": "2012-09",
            "price": "46.78",
            "revenue": 957779
        },
        "2012-10": {
            "month": "2012-10",
            "price": "38.13",
            "revenue": 992905
        },
        "2012-11": {
            "month": "2012-11",
            "price": "33.57",
            "revenue": 945110
        },
        "2012-12": {
            "month": "2012-12",
            "price": "35.54",
            "revenue": 815861
        },
        "2013-01": {
            "month": "2013-01",
            "price": "35.13",
            "revenue": 931952
        },
        "2013-02": {
            "month": "2013-02",
            "price": "34.71",
            "revenue": 817839
        },
        "2013-03": {
            "month": "2013-03",
            "price": "34.34",
            "revenue": 1140305
        },
        "2013-04": {
            "month": "2013-04",
            "price": "34.91",
            "revenue": 1218165
        },
        "2013-05": {
            "month": "2013-05",
            "price": "35.55",
            "revenue": 1333262
        },
        "2013-06": {
            "month": "2013-06",
            "price": "34.53",
            "revenue": 1214403
        },
        "2013-07": {
            "month": "2013-07",
            "price": "35.62",
            "revenue": 1248087
        },
        "2013-08": {
            "month": "2013-08",
            "price": "35.04",
            "revenue": 1196694
        },
        "2013-09": {
            "month": "2013-09",
            "price": "35.59",
            "revenue": 1001190
        },
        "2013-10": {
            "month": "2013-10",
            "price": "37.55",
            "revenue": 1016798
        },
        "2013-11": {
            "month": "2013-11",
            "price": "36.45",
            "revenue": 1027147
        },
        "2013-12": {
            "month": "2013-12",
            "price": "36.94",
            "revenue": 1013690
        },
        "2014-01": {
            "month": "2014-01",
            "price": "36.92",
            "revenue": 959265
        },
        "2014-02": {
            "month": "2014-02",
            "price": "36.32",
            "revenue": 951692
        },
        "2014-03": {
            "month": "2014-03",
            "price": "36.83",
            "revenue": 1251452
        },
        "2014-04": {
            "month": "2014-04",
            "price": "36.22",
            "revenue": 1308228
        },
        "2014-05": {
            "month": "2014-05",
            "price": "36.39",
            "revenue": 1309589
        },
        "2014-06": {
            "month": "2014-06",
            "price": "35.08",
            "revenue": 1179318
        },
        "2014-07": {
            "month": "2014-07",
            "price": "34.53",
            "revenue": 1011818
        },
        "2014-08": {
            "month": "2014-08",
            "price": "34.29",
            "revenue": 917692
        },
        "2014-09": {
            "month": "2014-09",
            "price": "34.28",
            "revenue": 854347
        },
        "2014-10": {
            "month": "2014-10",
            "price": "31.62",
            "revenue": 842504
        },
        "2014-11": {
            "month": "2014-11",
            "price": "32.70",
            "revenue": 866247
        },
        "2014-12": {
            "month": "2014-12",
            "price": "32.55",
            "revenue": 907010
        },
        "2015-01": {
            "month": "2015-01",
            "price": "33.16",
            "revenue": 1001727
        },
        "2015-02": {
            "month": "2015-02",
            "price": "32.42",
            "revenue": 790040
        },
        "2015-03": {
            "month": "2015-03",
            "price": "31.58",
            "revenue": 1025225
        },
        "2015-04": {
            "month": "2015-04",
            "price": "30.81",
            "revenue": 1001617
        },
        "2015-05": {
            "month": "2015-05",
            "price": "30.46",
            "revenue": 1023079
        },
        "2015-06": {
            "month": "2015-06",
            "price": "29.45",
            "revenue": 988414
        },
        "2015-07": {
            "month": "2015-07",
            "price": "29.35",
            "revenue": 932939
        },
        "2015-08": {
            "month": "2015-08",
            "price": "26.70",
            "revenue": 863799
        },
        "2015-09": {
            "month": "2015-09",
            "price": "28.55",
            "revenue": 779906
        },
        "2015-10": {
            "month": "2015-10",
            "price": "29.50",
            "revenue": 808799
        },
        "2015-11": {
            "month": "2015-11",
            "price": "28.37",
            "revenue": 769298
        },
        "2015-12": {
            "month": "2015-12",
            "price": "28.19",
            "revenue": 873161
        },
        "2016-01": {
            "month": "2016-01",
            "price": "27.61",
            "revenue": 775924
        },
        "2016-02": {
            "month": "2016-02",
            "price": "27.69",
            "revenue": 675039
        },
        "2016-03": {
            "month": "2016-03",
            "price": "31.18",
            "revenue": 824346
        },
        "2016-04": {
            "month": "2016-04",
            "price": "28.50",
            "revenue": 958332
        },
        "2016-05": {
            "month": "2016-05",
            "price": "26.59",
            "revenue": 1060795
        },
        "2016-06": {
            "month": "2016-06",
            "price": "27.24",
            "revenue": 1000858
        },
        "2016-07": {
            "month": "2016-07",
            "price": "28.09",
            "revenue": 913292
        },
        "2016-08": {
            "month": "2016-08",
            "price": "29.50",
            "revenue": 842905
        },
        "2016-09": {
            "month": "2016-09",
            "price": "29.88",
            "revenue": 747556
        },
        "2016-10": {
            "month": "2016-10",
            "price": "29.62",
            "revenue": 801547
        },
        "2016-11": {
            "month": "2016-11",
            "price": "28.89",
            "revenue": 852396
        },
        "2016-12": {
            "month": "2016-12",
            "price": "29.38",
            "revenue": 859812
        },
        "2017-01": {
            "month": "2017-01",
            "price": "29.49",
            "revenue": 826294
        },
        "2017-02": {
            "month": "2017-02",
            "price": "31.17",
            "revenue": 881958
        },
        "2017-03": {
            "month": "2017-03",
            "price": "30.14",
            "revenue": 1000174
        },
        "2017-04": {
            "month": "2017-04",
            "price": "28.89",
            "revenue": 1016675
        },
        "2017-05": {
            "month": "2017-05",
            "price": "28.51",
            "revenue": 1064726
        },
        "2017-06": {
            "month": "2017-06",
            "price": "27.84",
            "revenue": 1027245
        },
        "2017-07": {
            "month": "2017-07",
            "price": "28.01",
            "revenue": 1031318
        },
        "2017-08": {
            "month": "2017-08",
            "price": "27.30",
            "revenue": 977300
        },
        "2017-09": {
            "month": "2017-09",
            "price": "27.45",
            "revenue": 908128
        },
        "2017-10": {
            "month": "2017-10",
            "price": "27.38",
            "revenue": 844337
        },
        "2017-11": {
            "month": "2017-11",
            "price": "27.04",
            "revenue": 860827
        },
        "2017-12": {
            "month": "2017-12",
            "price": "26.54",
            "revenue": 875412
        },
        "2018-01": {
            "month": "2018-01",
            "price": "27.40",
            "revenue": 790885
        },
        "2018-02": {
            "month": "2018-02",
            "price": "26.53",
            "revenue": 700314
        },
        "2018-03": {
            "month": "2018-03",
            "price": "26.09",
            "revenue": 866963
        },
        "2018-04": {
            "month": "2018-04",
            "price": "25.41",
            "revenue": 911276
        },
        "2018-05": {
            "month": "2018-05",
            "price": "24.98",
            "revenue": 1071107
        },
        "2018-06": {
            "month": "2018-06",
            "price": "26.56",
            "revenue": 1085787
        },
        "2018-07": {
            "month": "2018-07",
            "price": "25.55",
            "revenue": 900081
        },
        "2018-08": {
            "month": "2018-08",
            "price": "24.86",
            "revenue": 848372
        },
        "2018-09": {
            "month": "2018-09",
            "price": "25.31",
            "revenue": 810482
        },
        "2018-10": {
            "month": "2018-10",
            "price": "25.05",
            "revenue": 780298
        },
        "2018-11": {
            "month": "2018-11",
            "price": "26.85",
            "revenue": 860278
        },
        "2018-12": {
            "month": "2018-12",
            "price": "25.99",
            "revenue": 807039
        },
        "2019-01": {
            "month": "2019-01",
            "price": "26.08",
            "revenue": 892556
        },
        "2019-02": {
            "month": "2019-02",
            "price": "27.23",
            "revenue": 823210
        },
        "2019-03": {
            "month": "2019-03",
            "price": "30.50",
            "revenue": 1004749
        },
        "2019-04": {
            "month": "2019-04",
            "price": "32.99",
            "revenue": 1017709
        },
        "2019-05": {
            "month": "2019-05",
            "price": "34.63",
            "revenue": 1033207
        },
        "2019-06": {
            "month": "2019-06",
            "price": "34.94",
            "revenue": 1036166
        },
        "2019-07": {
            "month": "2019-07",
            "price": "37.03",
            "revenue": 906259
        },
        "2019-08": {
            "month": "2019-08",
            "price": "38.10",
            "revenue": 890279
        },
        "2019-09": {
            "month": "2019-09",
            "price": "41.91",
            "revenue": 883575
        },
        "2019-10": {
            "month": "2019-10",
            "price": "53.31",
            "revenue": 866783
        },
        "2019-11": {
            "month": "2019-11",
            "price": "52.53",
            "revenue": 876768
        },
        "2019-12": {
            "month": "2019-12",
            "price": "48.07",
            "revenue": 861081
        },
        "2020-01": {
            "month": "2020-01",
            "price": "49.64",
            "revenue": 801264
        },
        "2020-02": {
            "month": "2020-02",
            "price": "45.11",
            "revenue": 739007
        },
        "2020-03": {
            "month": "2020-03",
            "price": "40.25",
            "revenue": 634602
        },
        "2020-04": {
            "month": "2020-04",
            "price": "39.91",
            "revenue": 428736
        },
        "2020-05": {
            "month": "2020-05",
            "price": "39.84",
            "revenue": 653096
        },
        "2020-06": {
            "month": "2020-06",
            "price": "43.81",
            "revenue": 880070
        },
        "2020-07": {
            "month": "2020-07",
            "price": "46.70",
            "revenue": 977260
        },
        "2020-08": {
            "month": "2020-08",
            "price": "46.76",
            "revenue": 1032112
        },
        "2020-09": {
            "month": "2020-09",
            "price": "46.53",
            "revenue": 931929
        },
        "2020-10": {
            "month": "2020-10",
            "price": "43.05",
            "revenue": 912574
        },
        "2020-11": {
            "month": "2020-11",
            "price": "42.97",
            "revenue": 906391
        },
        "2020-12": {
            "month": "2020-12",
            "price": "42.07",
            "revenue": 760273
        },
        "2021-01": {
            "month": "2021-01",
            "price": "39.47",
            "revenue": 745513
        },
        "2021-02": {
            "month": "2021-02",
            "price": "40.85",
            "revenue": 732024
        },
        "2021-03": {
            "month": "2021-03",
            "price": "41.72",
            "revenue": 701152
        },
        "2021-04": {
            "month": "2021-04",
            "price": "42.69",
            "revenue": 629066
        },
        "2021-05": {
            "month": "2021-05",
            "price": "38.55",
            "revenue": 665562
        },
        "2021-06": {
            "month": "2021-06",
            "price": "38.49",
            "revenue": 616652
        },
        "2021-07": {
            "month": "2021-07",
            "price": "39.76",
            "revenue": 740111
        },
        "2021-08": {
            "month": "2021-08",
            "price": "38.80",
            "revenue": 734327
        },
        "2021-09": {
            "month": "2021-09",
            "price": "39.19",
            "revenue": 675371
        },
        "2021-10": {
            "month": "2021-10",
            "price": "40.57",
            "revenue": 601265
        },
        "2021-11": {
            "month": "2021-11",
            "price": "39.95",
            "revenue": 616133
        },
        "2021-12": {
            "month": "2021-12",
            "price": "39.10",
            "revenue": 555150
        },
        "2022-01": {
            "month": "2022-01",
            "price": "40.91",
            "revenue": 590420
        },
        "2022-02": {
            "month": "2022-02",
            "price": "43.35",
            "revenue": 523927
        },
        "2022-03": {
            "month": "2022-03",
            "price": "41.30",
            "revenue": 664330
        },
        "2022-04": {
            "month": "2022-04",
            "price": "40.53",
            "revenue": 755434
        },
        "2022-05": {
            "month": "2022-05",
            "price": "39.60",
            "revenue": 717048
        },
        "2022-06": {
            "month": "2022-06",
            "price": "38.71",
            "revenue": 775862
        },
        "2022-07": {
            "month": "2022-07",
            "price": "38.52",
            "revenue": 659958
        },
        "2022-08": {
            "month": "2022-08",
            "price": "39.22",
            "revenue": 552143
        },
        "2022-09": {
            "month": "2022-09",
            "price": "38.38",
            "revenue": 563199
        },
        "2022-10": {
            "month": "2022-10",
            "price": "35.05",
            "revenue": 498688
        },
        "2022-11": {
            "month": "2022-11",
            "price": "34.67",
            "revenue": 456951
        },
        "2022-12": {
            "month": "2022-12",
            "price": "34.29",
            "revenue": 568655
        },
        "2023-01": {
            "month": "2023-01",
            "price": "33.38",
            "revenue": 472747
        },
        "2023-02": {
            "month": "2023-02",
            "price": "35.45",
            "revenue": 582156
        },
        "2023-03": {
            "month": "2023-03",
            "price": "37.59",
            "revenue": 675664
        },
        "2023-04": {
            "month": "2023-04",
            "price": "39.36",
            "revenue": 589753
        }
    }
}
