{
    "summary": {
        "stock_name": "泰豐",
        "stock_id": "2102",
        "category": "橡膠",
        "main_business": "製造汽車輪胎、三角膠帶、平面膠帶、運輸膠帶、環型帶、軍用戰<br>車履帶、帆布特種膠帶、橡膠管以及其他橡膠製品、並批發、零售<br>之運銷業務。",
        "website_url": "http://www.federalcorporation.com/",
        "ceo": "鍾政諺",
        "pe_ratio": -4,
        "report_year_from": 2001,
        "report_year_to": 2023,
        "age": 23,
        "eps_negative_percentage": 35,
        "eps_growth_avg": {
            "last_all": -13.1,
            "last_2y": -100,
            "last_4y": -100,
            "last_8y": -58.84,
            "last_12y": -21.19,
            "last_16y": -29.55,
            "last_20y": -19.35,
            "at_2006_last_3y": 6.17,
            "at_2007_last_3y": -18.07,
            "at_2008_last_3y": -28.42,
            "at_2009_last_3y": -34.08,
            "at_2010_last_3y": -49.08,
            "at_2011_last_3y": -36.2,
            "at_2012_last_3y": -9.24,
            "at_2013_last_3y": 3.98,
            "at_2014_last_3y": 7.05,
            "at_2015_last_3y": 2.5,
            "at_2016_last_3y": -17.72,
            "at_2017_last_3y": -38.17,
            "at_2018_last_3y": -38.27,
            "at_2019_last_3y": -100,
            "at_2020_last_3y": null,
            "at_2021_last_3y": -100,
            "at_2022_last_3y": -100,
            "at_2023_last_3y": -100,
            "at_2024_last_3y": -100,
            "at_2006_last_all": 19.82,
            "at_2007_last_all": 17.02,
            "at_2008_last_all": 0.3,
            "at_2009_last_all": 0.3,
            "at_2010_last_all": -6.02,
            "at_2011_last_all": -0.72,
            "at_2012_last_all": -2.56,
            "at_2013_last_all": 1.64,
            "at_2014_last_all": -1.66,
            "at_2015_last_all": 0.27,
            "at_2016_last_all": -6.89,
            "at_2017_last_all": -6.89,
            "at_2018_last_all": -6.89,
            "at_2019_last_all": -6.89,
            "at_2020_last_all": -6.89,
            "at_2021_last_all": -13.1,
            "at_2022_last_all": -13.1,
            "at_2023_last_all": -13.1,
            "at_2024_last_all": -13.1
        },
        "latest_eps": -4.17,
        "latest_price": 18.65,
        "latest_roe": -29.89,
        "latest_gross_margin": -149.79,
        "latest_equity": 7923993,
        "latest_revenue": 45579,
        "latest_gross_profit": -68275,
        "latest_net_income": -233526,
        "latest_debt_ratio": 46.17,
        "latest_current_ratio": 172.21,
        "latest_account_receivable_turnover_ratio": 0.49,
        "latest_inventory_turnover_ratio": 1.08,
        "latest_reinvestment_rate": null,
        "latest_research_to_sale_ratio": 42.51
    },
    "eps_dividends": {
        "1992": {
            "cash": 0,
            "stock": 1,
            "eps": 0
        },
        "1993": {
            "cash": 0,
            "stock": 1,
            "eps": 0
        },
        "1994": {
            "cash": 0,
            "stock": 1,
            "eps": 0
        },
        "1995": {
            "cash": 0,
            "stock": 1,
            "eps": 0
        },
        "1996": {
            "cash": 0,
            "stock": 1,
            "eps": 0
        },
        "1999": {
            "cash": 0,
            "stock": 2,
            "eps": 0
        },
        "2001": {
            "cash": 0,
            "stock": 0,
            "eps": 1.25
        },
        "2002": {
            "cash": 0,
            "stock": 0,
            "eps": 2.18
        },
        "2003": {
            "cash": 0,
            "stock": 0,
            "eps": 5.7
        },
        "2004": {
            "cash": 1.5,
            "stock": 0.5,
            "eps": 2.36
        },
        "2005": {
            "cash": 0.5,
            "stock": 0.5,
            "eps": 2.09
        },
        "2006": {
            "cash": 0.6,
            "stock": 0.4,
            "eps": 1.98
        },
        "2007": {
            "cash": 0.65,
            "stock": 0.35,
            "eps": 2.04
        },
        "2008": {
            "cash": 0.65,
            "stock": 0.35,
            "eps": -0.55
        },
        "2009": {
            "cash": 0,
            "stock": 0,
            "eps": 1.93
        },
        "2010": {
            "cash": 0.2,
            "stock": 0.8,
            "eps": 0.96
        },
        "2011": {
            "cash": 0.1,
            "stock": 1.1,
            "eps": 1.36
        },
        "2012": {
            "cash": 0,
            "stock": 0,
            "eps": 1.1
        },
        "2013": {
            "cash": 0.1,
            "stock": 0.5,
            "eps": 1.58
        },
        "2014": {
            "cash": 0.2,
            "stock": 0.8,
            "eps": 0.98
        },
        "2015": {
            "cash": 0.15,
            "stock": 0.15,
            "eps": 1.21
        },
        "2016": {
            "cash": 0.2,
            "stock": 0.2,
            "eps": -0.01
        },
        "2017": {
            "cash": 0.1,
            "stock": 0,
            "eps": -1.51
        },
        "2018": {
            "cash": 0,
            "stock": 0,
            "eps": -2.68
        },
        "2019": {
            "cash": 0,
            "stock": 0,
            "eps": -1.47
        },
        "2020": {
            "cash": 0,
            "stock": 0,
            "eps": 0.24
        },
        "2021": {
            "cash": 0.02,
            "stock": 0,
            "eps": -5.11
        },
        "2022": {
            "cash": 0,
            "stock": 0,
            "eps": -2.96
        },
        "2023": {
            "cash": 0,
            "stock": 0,
            "eps": -2.19
        }
    },
    "dividends": {
        "1992-05-28": {
            "cash": 0,
            "stock": 1
        },
        "1993-05-28": {
            "cash": 0,
            "stock": 1
        },
        "1994-03-26": {
            "cash": 0,
            "stock": 1
        },
        "1995-06-15": {
            "cash": 0,
            "stock": 1
        },
        "1996-07-13": {
            "cash": 0,
            "stock": 1
        },
        "1999-05-15": {
            "cash": 0,
            "stock": 2
        },
        "2004-06-11": {
            "cash": 1.5,
            "stock": 0.5
        },
        "2005-06-14": {
            "cash": 0.5,
            "stock": 0.5
        },
        "2006-03-17": {
            "cash": 0.6,
            "stock": 0.4
        },
        "2007-03-16": {
            "cash": 0.65,
            "stock": 0.35
        },
        "2008-03-21": {
            "cash": 0.65,
            "stock": 0.35
        },
        "2010-03-24": {
            "cash": 0.2,
            "stock": 0.8
        },
        "2011-01-01": {
            "cash": 0.05,
            "stock": 0.65
        },
        "2011-03-10": {
            "cash": 0.05,
            "stock": 0.45
        },
        "2013-03-15": {
            "cash": 0.1,
            "stock": 0.5
        },
        "2014-09-01": {
            "cash": 0.2,
            "stock": 0.8
        },
        "2015-09-07": {
            "cash": 0.15,
            "stock": 0.15
        },
        "2016-09-22": {
            "cash": 0.2,
            "stock": 0.2
        },
        "2017-08-04": {
            "cash": 0.1,
            "stock": 0
        },
        "2021-11-30": {
            "cash": 0.02,
            "stock": 0
        }
    },
    "prices": {
        "200101": "8.09",
        "200102": "9.95",
        "200103": "9.36",
        "200104": "9.34",
        "200105": "8.22",
        "200106": "8.59",
        "200107": "7.55",
        "200108": "7.99",
        "200109": "8.30",
        "200110": "7.50",
        "200111": "8.13",
        "200112": "10.29",
        "200201": "15.94",
        "200202": "14.90",
        "200203": "16.07",
        "200204": "21.78",
        "200205": "19.68",
        "200206": "22.64",
        "200207": "22.50",
        "200208": "22.65",
        "200209": "18.47",
        "200210": "17.90",
        "200211": "24.52",
        "200212": "24.32",
        "200301": "26.44",
        "200302": "23.78",
        "200303": "22.08",
        "200304": "21.83",
        "200305": "22.06",
        "200306": "26.60",
        "200307": "27.60",
        "200308": "27.97",
        "200309": "28.23",
        "200310": "28.51",
        "200311": "30.72",
        "200312": "29.34",
        "200401": "30.19",
        "200402": "33.27",
        "200403": "31.47",
        "200404": "27.44",
        "200405": "22.38",
        "200406": "21.65",
        "200407": "21.66",
        "200408": "19.88",
        "200409": "20.95",
        "200410": "20.80",
        "200411": "19.61",
        "200412": "19.88",
        "200501": "20.66",
        "200502": "20.19",
        "200503": "20.99",
        "200504": "18.61",
        "200505": "17.20",
        "200506": "17.95",
        "200507": "18.54",
        "200508": "17.12",
        "200509": "16.26",
        "200510": "13.98",
        "200511": "14.18",
        "200512": "14.98",
        "200601": "15.17",
        "200602": "14.58",
        "200603": "13.81",
        "200604": "15.95",
        "200605": "24.13",
        "200606": "20.52",
        "200607": "20.36",
        "200608": "20.00",
        "200609": "20.31",
        "200610": "23.14",
        "200611": "22.77",
        "200612": "24.95",
        "200701": "24.57",
        "200702": "23.80",
        "200703": "23.05",
        "200704": "23.40",
        "200705": "22.16",
        "200706": "22.80",
        "200707": "26.00",
        "200708": "22.48",
        "200709": "22.99",
        "200710": "22.84",
        "200711": "19.87",
        "200712": "17.57",
        "200801": "17.87",
        "200802": "19.25",
        "200803": "22.29",
        "200804": "24.28",
        "200805": "23.30",
        "200806": "19.45",
        "200807": "16.10",
        "200808": "15.62",
        "200809": "12.43",
        "200810": "11.21",
        "200811": "10.68",
        "200812": "10.81",
        "200901": "10.24",
        "200902": "9.80",
        "200903": "11.00",
        "200904": "12.67",
        "200905": "15.46",
        "200906": "15.34",
        "200907": "15.88",
        "200908": "15.74",
        "200909": "18.32",
        "200910": "25.39",
        "200911": "24.57",
        "200912": "25.45",
        "201001": "26.86",
        "201002": "22.66",
        "201003": "24.74",
        "201004": "24.80",
        "201005": "20.46",
        "201006": "19.13",
        "201007": "19.72",
        "201008": "21.07",
        "201009": "19.33",
        "201010": "19.76",
        "201011": "19.32",
        "201012": "19.62",
        "201101": "21.99",
        "201102": "20.11",
        "201103": "19.43",
        "201104": "19.44",
        "201105": "19.69",
        "201106": "18.77",
        "201107": "19.12",
        "201108": "17.42",
        "201109": "15.82",
        "201110": "15.39",
        "201111": "15.12",
        "201112": "13.97",
        "201201": "13.94",
        "201202": "16.49",
        "201203": "16.97",
        "201204": "15.17",
        "201205": "14.94",
        "201206": "14.64",
        "201207": "14.87",
        "201208": "17.55",
        "201209": "21.78",
        "201210": "21.36",
        "201211": "20.90",
        "201212": "22.12",
        "201301": "22.09",
        "201302": "21.92",
        "201303": "21.50",
        "201304": "20.14",
        "201305": "20.87",
        "201306": "22.00",
        "201307": "22.44",
        "201308": "22.58",
        "201309": "22.22",
        "201310": "23.16",
        "201311": "22.25",
        "201312": "23.15",
        "201401": "23.52",
        "201402": "23.34",
        "201403": "23.49",
        "201404": "22.72",
        "201405": "21.87",
        "201406": "21.18",
        "201407": "21.12",
        "201408": "19.30",
        "201409": "18.69",
        "201410": "17.41",
        "201411": "18.00",
        "201412": "18.48",
        "201501": "18.85",
        "201502": "18.59",
        "201503": "17.88",
        "201504": "17.71",
        "201505": "17.45",
        "201506": "16.12",
        "201507": "14.92",
        "201508": "13.70",
        "201509": "14.13",
        "201510": "14.88",
        "201511": "14.92",
        "201512": "15.12",
        "201601": "14.66",
        "201602": "15.16",
        "201603": "15.25",
        "201604": "14.69",
        "201605": "13.90",
        "201606": "13.86",
        "201607": "14.11",
        "201608": "13.94",
        "201609": "13.77",
        "201610": "13.60",
        "201611": "12.64",
        "201612": "12.83",
        "201701": "13.81",
        "201702": "16.73",
        "201703": "15.09",
        "201704": "14.13",
        "201705": "13.77",
        "201706": "13.96",
        "201707": "14.15",
        "201708": "13.83",
        "201709": "14.32",
        "201710": "14.19",
        "201711": "13.62",
        "201712": "13.26",
        "201801": "13.71",
        "201802": "12.88",
        "201803": "12.93",
        "201804": "12.90",
        "201805": "12.63",
        "201806": "12.49",
        "201807": "12.16",
        "201808": "12.04",
        "201809": "12.42",
        "201810": "12.13",
        "201811": "11.12",
        "201812": "11.15",
        "201901": "10.87",
        "201902": "11.01",
        "201903": "11.24",
        "201904": "10.96",
        "201905": "12.44",
        "201906": "12.24",
        "201907": "12.36",
        "201908": "11.63",
        "201909": "11.98",
        "201910": "13.18",
        "201911": "13.04",
        "201912": "13.50",
        "202001": "13.04",
        "202002": "11.56",
        "202003": "11.48",
        "202004": "14.80",
        "202005": "16.17",
        "202006": "17.14",
        "202007": "20.93",
        "202008": "21.97",
        "202009": "21.39",
        "202010": "20.23",
        "202011": "19.97",
        "202012": "20.42",
        "202101": "17.50",
        "202102": "17.10",
        "202103": "18.62",
        "202104": "24.76",
        "202105": "25.41",
        "202106": "29.45",
        "202107": "27.95",
        "202108": "27.67",
        "202109": "28.58",
        "202110": "28.30",
        "202111": "26.58",
        "202112": "27.86",
        "202201": "27.76",
        "202202": "28.27",
        "202203": "27.03",
        "202204": "24.95",
        "202205": "23.27",
        "202206": "20.70",
        "202207": "18.88",
        "202208": "19.87",
        "202209": "21.25",
        "202210": "19.19",
        "202211": "19.82",
        "202212": "20.81",
        "202301": "20.41",
        "202302": "20.76",
        "202303": "21.26",
        "202304": "21.19",
        "202305": "20.48",
        "202306": "19.72",
        "202307": "17.95",
        "202308": "17.31",
        "202309": "17.98",
        "202310": "17.78",
        "202311": "18.01",
        "202312": "19.51"
    },
    "quarters": {
        "20011": {
            "year_quarter": 20011,
            "year": 2001,
            "quarter": 1,
            "eps": 0.18,
            "eps_growth_year": -66.67,
            "eps_4q": -2.36,
            "eps_4q_growth_year": null,
            "roe": 1.68,
            "roe_4q": 1.68,
            "gross_profit": 128874,
            "gross_margin": 19.24,
            "gross_margin_4q_avg": 19.24,
            "net_income": 47621,
            "net_income_4q": null,
            "revenue": 669828,
            "revenue_4q": null,
            "common_shares": 2691583,
            "book_valuer_per_share": 10.66,
            "book_valuer_per_share_4q_avg": 10.66,
            "equity": 2870046,
            "current_ratio": 97.91,
            "debt_ratio": 52.42,
            "inventory_turnover_ratio": 1.47,
            "account_receivable_turnover_ratio": null,
            "reinvestment_rate": null,
            "research_to_sale_ratio": null,
            "price_fair": 0,
            "eps_avg_yearly": 0,
            "eps_latest_yearly": 0,
            "eps_growth_yearly": 0
        },
        "20012": {
            "year_quarter": 20012,
            "year": 2001,
            "quarter": 2,
            "eps": 0,
            "eps_growth_year": null,
            "eps_4q": -1.4,
            "eps_4q_growth_year": null,
            "roe": -0.04,
            "roe_4q": 1.64,
            "gross_profit": 155068,
            "gross_margin": 21.33,
            "gross_margin_4q_avg": 20.29,
            "net_income": -1158,
            "net_income_4q": null,
            "revenue": 726828,
            "revenue_4q": null,
            "common_shares": 2691583,
            "book_valuer_per_share": 10.73,
            "book_valuer_per_share_4q_avg": 10.7,
            "equity": 2887420,
            "current_ratio": 99.26,
            "debt_ratio": 52.52,
            "inventory_turnover_ratio": 1.87,
            "account_receivable_turnover_ratio": null,
            "reinvestment_rate": null,
            "research_to_sale_ratio": null,
            "price_fair": 0,
            "eps_avg_yearly": 0,
            "eps_latest_yearly": 0,
            "eps_growth_yearly": 0
        },
        "20013": {
            "year_quarter": 20013,
            "year": 2001,
            "quarter": 3,
            "eps": 0.36,
            "eps_growth_year": null,
            "eps_4q": -0.2,
            "eps_4q_growth_year": null,
            "roe": 3.31,
            "roe_4q": 4.95,
            "gross_profit": 165252,
            "gross_margin": 20.68,
            "gross_margin_4q_avg": 20.42,
            "net_income": 97286,
            "net_income_4q": null,
            "revenue": 799008,
            "revenue_4q": null,
            "common_shares": 2691583,
            "book_valuer_per_share": 11.1,
            "book_valuer_per_share_4q_avg": 10.83,
            "equity": 2988233,
            "current_ratio": 100.29,
            "debt_ratio": 53.34,
            "inventory_turnover_ratio": 2.05,
            "account_receivable_turnover_ratio": null,
            "reinvestment_rate": null,
            "research_to_sale_ratio": null,
            "price_fair": 0,
            "eps_avg_yearly": 0,
            "eps_latest_yearly": 0,
            "eps_growth_yearly": 0
        },
        "20014": {
            "year_quarter": 20014,
            "year": 2001,
            "quarter": 4,
            "eps": 0.71,
            "eps_growth_year": null,
            "eps_4q": 1.25,
            "eps_4q_growth_year": null,
            "roe": 6.29,
            "roe_4q": 11.24,
            "gross_profit": 218285,
            "gross_margin": 26.45,
            "gross_margin_4q_avg": 21.93,
            "net_income": 190605,
            "net_income_4q": null,
            "revenue": 825151,
            "revenue_4q": null,
            "common_shares": 2691583,
            "book_valuer_per_share": 11.41,
            "book_valuer_per_share_4q_avg": 10.98,
            "equity": 3072154,
            "current_ratio": 102.48,
            "debt_ratio": 56.29,
            "inventory_turnover_ratio": 1.71,
            "account_receivable_turnover_ratio": null,
            "reinvestment_rate": null,
            "research_to_sale_ratio": null,
            "price_fair": 0,
            "eps_avg_yearly": 0,
            "eps_latest_yearly": 0,
            "eps_growth_yearly": 0
        },
        "20021": {
            "year_quarter": 20021,
            "year": 2002,
            "quarter": 1,
            "eps": 0.52,
            "eps_growth_year": 188.89,
            "eps_4q": 1.65,
            "eps_4q_growth_year": null,
            "roe": 4.3,
            "roe_4q": 13.860000000000001,
            "gross_profit": 222837,
            "gross_margin": 28.42,
            "gross_margin_4q_avg": 24.22,
            "net_income": 132180,
            "net_income_4q": null,
            "revenue": 784006,
            "revenue_4q": null,
            "common_shares": 2691583,
            "book_valuer_per_share": 11.45,
            "book_valuer_per_share_4q_avg": 11.17,
            "equity": 3080699,
            "current_ratio": 114.82,
            "debt_ratio": 54.79,
            "inventory_turnover_ratio": 1.67,
            "account_receivable_turnover_ratio": null,
            "reinvestment_rate": null,
            "research_to_sale_ratio": null,
            "price_fair": 6.24,
            "eps_avg_yearly": 2.08,
            "eps_latest_yearly": 2.08,
            "eps_growth_yearly": -107.04
        },
        "20022": {
            "year_quarter": 20022,
            "year": 2002,
            "quarter": 2,
            "eps": 0.42,
            "eps_growth_year": null,
            "eps_4q": 2.08,
            "eps_4q_growth_year": null,
            "roe": 3.39,
            "roe_4q": 17.29,
            "gross_profit": 262416,
            "gross_margin": 30.23,
            "gross_margin_4q_avg": 26.45,
            "net_income": 106574,
            "net_income_4q": null,
            "revenue": 867958,
            "revenue_4q": null,
            "common_shares": 2691583,
            "book_valuer_per_share": 11.93,
            "book_valuer_per_share_4q_avg": 11.47,
            "equity": 3212075,
            "current_ratio": 117.51,
            "debt_ratio": 53.72,
            "inventory_turnover_ratio": 2.44,
            "account_receivable_turnover_ratio": null,
            "reinvestment_rate": null,
            "research_to_sale_ratio": null,
            "price_fair": 5.64,
            "eps_avg_yearly": 1.88,
            "eps_latest_yearly": 1.68,
            "eps_growth_yearly": -91.98
        },
        "20023": {
            "year_quarter": 20023,
            "year": 2002,
            "quarter": 3,
            "eps": 0.76,
            "eps_growth_year": 111.11,
            "eps_4q": 2.46,
            "eps_4q_growth_year": null,
            "roe": 5.77,
            "roe_4q": 19.75,
            "gross_profit": 291651,
            "gross_margin": 29.76,
            "gross_margin_4q_avg": 28.72,
            "net_income": 191474,
            "net_income_4q": null,
            "revenue": 980045,
            "revenue_4q": null,
            "common_shares": 2691583,
            "book_valuer_per_share": 12.73,
            "book_valuer_per_share_4q_avg": 11.88,
            "equity": 3425628,
            "current_ratio": 122.11,
            "debt_ratio": 52.58,
            "inventory_turnover_ratio": 2.8,
            "account_receivable_turnover_ratio": null,
            "reinvestment_rate": null,
            "research_to_sale_ratio": null,
            "price_fair": 79.33,
            "eps_avg_yearly": 2.27,
            "eps_latest_yearly": 3.04,
            "eps_growth_yearly": 46.61
        },
        "20024": {
            "year_quarter": 20024,
            "year": 2002,
            "quarter": 4,
            "eps": 0.48,
            "eps_growth_year": -32.39,
            "eps_4q": 2.19,
            "eps_4q_growth_year": 76.09,
            "roe": 3.48,
            "roe_4q": 16.94,
            "gross_profit": 201887,
            "gross_margin": 21.63,
            "gross_margin_4q_avg": 27.51,
            "net_income": 120543,
            "net_income_4q": null,
            "revenue": 933490,
            "revenue_4q": null,
            "common_shares": 2691583,
            "book_valuer_per_share": 13.02,
            "book_valuer_per_share_4q_avg": 12.28,
            "equity": 3503456,
            "current_ratio": 108.89,
            "debt_ratio": 53.98,
            "inventory_turnover_ratio": 1.93,
            "account_receivable_turnover_ratio": null,
            "reinvestment_rate": null,
            "research_to_sale_ratio": null,
            "price_fair": 6.54,
            "eps_avg_yearly": 2.18,
            "eps_latest_yearly": 1.92,
            "eps_growth_yearly": -1.88
        },
        "20031": {
            "year_quarter": 20031,
            "year": 2003,
            "quarter": 1,
            "eps": 2.85,
            "eps_growth_year": 448.08,
            "eps_4q": 4.5,
            "eps_4q_growth_year": 172.8,
            "roe": 18.4,
            "roe_4q": 31.04,
            "gross_profit": 222654,
            "gross_margin": 24.42,
            "gross_margin_4q_avg": 26.51,
            "net_income": 724898,
            "net_income_4q": null,
            "revenue": 911942,
            "revenue_4q": null,
            "common_shares": 2691583,
            "book_valuer_per_share": 16.25,
            "book_valuer_per_share_4q_avg": 13.48,
            "equity": 4373989,
            "current_ratio": 245.21,
            "debt_ratio": 36.91,
            "inventory_turnover_ratio": 1.71,
            "account_receivable_turnover_ratio": null,
            "reinvestment_rate": 204.19,
            "research_to_sale_ratio": null,
            "price_fair": 140.84,
            "eps_avg_yearly": 4.02,
            "eps_latest_yearly": 11.4,
            "eps_growth_yearly": 393.5
        },
        "20032": {
            "year_quarter": 20032,
            "year": 2003,
            "quarter": 2,
            "eps": 0.84,
            "eps_growth_year": 100,
            "eps_4q": 4.94,
            "eps_4q_growth_year": 138.03,
            "roe": 4.74,
            "roe_4q": 32.39,
            "gross_profit": 326076,
            "gross_margin": 29.35,
            "gross_margin_4q_avg": 26.29,
            "net_income": 212424,
            "net_income_4q": null,
            "revenue": 1111137,
            "revenue_4q": null,
            "common_shares": 2691583,
            "book_valuer_per_share": 17.03,
            "book_valuer_per_share_4q_avg": 14.76,
            "equity": 4582524,
            "current_ratio": 255.6,
            "debt_ratio": 34.57,
            "inventory_turnover_ratio": 2.89,
            "account_receivable_turnover_ratio": null,
            "reinvestment_rate": 155.88,
            "research_to_sale_ratio": null,
            "price_fair": 136.97,
            "eps_avg_yearly": 3.91,
            "eps_latest_yearly": 3.36,
            "eps_growth_yearly": 280.9
        },
        "20033": {
            "year_quarter": 20033,
            "year": 2003,
            "quarter": 3,
            "eps": 0.76,
            "eps_growth_year": 0,
            "eps_4q": 4.92,
            "eps_4q_growth_year": 99.68,
            "roe": 4.14,
            "roe_4q": 30.759999999999998,
            "gross_profit": 310960,
            "gross_margin": 32.38,
            "gross_margin_4q_avg": 26.95,
            "net_income": 193243,
            "net_income_4q": null,
            "revenue": 960461,
            "revenue_4q": null,
            "common_shares": 2691583,
            "book_valuer_per_share": 17.69,
            "book_valuer_per_share_4q_avg": 16,
            "equity": 4760500,
            "current_ratio": 311.44,
            "debt_ratio": 32.52,
            "inventory_turnover_ratio": 2.49,
            "account_receivable_turnover_ratio": null,
            "reinvestment_rate": 112.25,
            "research_to_sale_ratio": null,
            "price_fair": 132.6,
            "eps_avg_yearly": 3.79,
            "eps_latest_yearly": 3.04,
            "eps_growth_yearly": 235.33
        },
        "20034": {
            "year_quarter": 20034,
            "year": 2003,
            "quarter": 4,
            "eps": 1.25,
            "eps_growth_year": 160.42,
            "eps_4q": 5.67,
            "eps_4q_growth_year": 158.7,
            "roe": 6.6,
            "roe_4q": 33.879999999999995,
            "gross_profit": 257306,
            "gross_margin": 30.52,
            "gross_margin_4q_avg": 29.17,
            "net_income": 319461,
            "net_income_4q": null,
            "revenue": 843016,
            "revenue_4q": null,
            "common_shares": 2731583,
            "book_valuer_per_share": 18,
            "book_valuer_per_share_4q_avg": 17.24,
            "equity": 4916594,
            "current_ratio": 187.52,
            "debt_ratio": 40.22,
            "inventory_turnover_ratio": 1.52,
            "account_receivable_turnover_ratio": null,
            "reinvestment_rate": 106.79,
            "research_to_sale_ratio": null,
            "price_fair": 137.9,
            "eps_avg_yearly": 3.94,
            "eps_latest_yearly": 5,
            "eps_growth_yearly": 238.15
        },
        "20041": {
            "year_quarter": 20041,
            "year": 2004,
            "quarter": 1,
            "eps": 1.2,
            "eps_growth_year": -57.89,
            "eps_4q": 4.01,
            "eps_4q_growth_year": -10.86,
            "roe": 5.87,
            "roe_4q": 21.35,
            "gross_profit": 261001,
            "gross_margin": 29.39,
            "gross_margin_4q_avg": 30.41,
            "net_income": 309959,
            "net_income_4q": null,
            "revenue": 888146,
            "revenue_4q": null,
            "common_shares": 2731583,
            "book_valuer_per_share": 20.66,
            "book_valuer_per_share_4q_avg": 18.35,
            "equity": 5643286,
            "current_ratio": 302.63,
            "debt_ratio": 17.69,
            "inventory_turnover_ratio": 1.44,
            "account_receivable_turnover_ratio": null,
            "reinvestment_rate": -35.92,
            "research_to_sale_ratio": null,
            "price_fair": 141.24,
            "eps_avg_yearly": 4.04,
            "eps_latest_yearly": 4.8,
            "eps_growth_yearly": 209.91
        },
        "20042": {
            "year_quarter": 20042,
            "year": 2004,
            "quarter": 2,
            "eps": -0.08,
            "eps_growth_year": -109.52,
            "eps_4q": 2.94,
            "eps_4q_growth_year": -40.52,
            "roe": -0.37,
            "roe_4q": 16.24,
            "gross_profit": 287932,
            "gross_margin": 27.76,
            "gross_margin_4q_avg": 30.01,
            "net_income": -20030,
            "net_income_4q": null,
            "revenue": 1037301,
            "revenue_4q": null,
            "common_shares": 2731583,
            "book_valuer_per_share": 19,
            "book_valuer_per_share_4q_avg": 18.84,
            "equity": 5191100,
            "current_ratio": 351.83,
            "debt_ratio": 33.94,
            "inventory_turnover_ratio": 2.27,
            "account_receivable_turnover_ratio": null,
            "reinvestment_rate": -104.82,
            "research_to_sale_ratio": null,
            "price_fair": 141.24,
            "eps_avg_yearly": 4.04,
            "eps_latest_yearly": 4.8,
            "eps_growth_yearly": 209.91
        },
        "20043": {
            "year_quarter": 20043,
            "year": 2004,
            "quarter": 3,
            "eps": 0.63,
            "eps_growth_year": -17.11,
            "eps_4q": 2.87,
            "eps_4q_growth_year": -41.72,
            "roe": 3.24,
            "roe_4q": 15.34,
            "gross_profit": 249450,
            "gross_margin": 26.72,
            "gross_margin_4q_avg": 28.6,
            "net_income": 171561,
            "net_income_4q": null,
            "revenue": 933406,
            "revenue_4q": null,
            "common_shares": 2868162,
            "book_valuer_per_share": 18.8,
            "book_valuer_per_share_4q_avg": 19.12,
            "equity": 5391768,
            "current_ratio": 435.46,
            "debt_ratio": 30.35,
            "inventory_turnover_ratio": 2.35,
            "account_receivable_turnover_ratio": null,
            "reinvestment_rate": -84.65,
            "research_to_sale_ratio": null,
            "price_fair": 141.24,
            "eps_avg_yearly": 4.04,
            "eps_latest_yearly": 4.8,
            "eps_growth_yearly": 209.91
        },
        "20044": {
            "year_quarter": 20044,
            "year": 2004,
            "quarter": 4,
            "eps": 0.61,
            "eps_growth_year": -51.2,
            "eps_4q": 2.33,
            "eps_4q_growth_year": -59.01,
            "roe": 2.94,
            "roe_4q": 11.68,
            "gross_profit": 318593,
            "gross_margin": 29.24,
            "gross_margin_4q_avg": 28.28,
            "net_income": 164070,
            "net_income_4q": null,
            "revenue": 1089767,
            "revenue_4q": null,
            "common_shares": 2868162,
            "book_valuer_per_share": 20.14,
            "book_valuer_per_share_4q_avg": 19.65,
            "equity": 5776963,
            "current_ratio": 252.57,
            "debt_ratio": 36.92,
            "inventory_turnover_ratio": 1.78,
            "account_receivable_turnover_ratio": null,
            "reinvestment_rate": 38.44,
            "research_to_sale_ratio": null,
            "price_fair": 135.66,
            "eps_avg_yearly": 3.88,
            "eps_latest_yearly": 2.44,
            "eps_growth_yearly": 187.65
        },
        "20051": {
            "year_quarter": 20051,
            "year": 2005,
            "quarter": 1,
            "eps": 0.35,
            "eps_growth_year": -70.83,
            "eps_4q": 1.5,
            "eps_4q_growth_year": -62.56,
            "roe": 1.65,
            "roe_4q": 7.46,
            "gross_profit": 275344,
            "gross_margin": 26.54,
            "gross_margin_4q_avg": 27.57,
            "net_income": 96032,
            "net_income_4q": null,
            "revenue": 1037297,
            "revenue_4q": null,
            "common_shares": 2868162,
            "book_valuer_per_share": 20.47,
            "book_valuer_per_share_4q_avg": 19.6,
            "equity": 5872533,
            "current_ratio": 462.96,
            "debt_ratio": 26.47,
            "inventory_turnover_ratio": 1.69,
            "account_receivable_turnover_ratio": null,
            "reinvestment_rate": -86.01,
            "research_to_sale_ratio": null,
            "price_fair": 127.78,
            "eps_avg_yearly": 3.65,
            "eps_latest_yearly": 1.4,
            "eps_growth_yearly": 155.09
        },
        "20052": {
            "year_quarter": 20052,
            "year": 2005,
            "quarter": 2,
            "eps": 0.48,
            "eps_growth_year": null,
            "eps_4q": 2.06,
            "eps_4q_growth_year": -29.99,
            "roe": 2.25,
            "roe_4q": 10.08,
            "gross_profit": 335352,
            "gross_margin": 30.71,
            "gross_margin_4q_avg": 28.3,
            "net_income": 131371,
            "net_income_4q": null,
            "revenue": 1092137,
            "revenue_4q": null,
            "common_shares": 2868162,
            "book_valuer_per_share": 20.32,
            "book_valuer_per_share_4q_avg": 19.93,
            "equity": 5827020,
            "current_ratio": 165.6,
            "debt_ratio": 27.53,
            "inventory_turnover_ratio": 2.13,
            "account_receivable_turnover_ratio": null,
            "reinvestment_rate": -69.7,
            "research_to_sale_ratio": null,
            "price_fair": 122.73,
            "eps_avg_yearly": 3.51,
            "eps_latest_yearly": 1.92,
            "eps_growth_yearly": 154.55
        },
        "20053": {
            "year_quarter": 20053,
            "year": 2005,
            "quarter": 3,
            "eps": 0.73,
            "eps_growth_year": 15.87,
            "eps_4q": 2.1,
            "eps_4q_growth_year": -26.8,
            "roe": 3.49,
            "roe_4q": 10.33,
            "gross_profit": 288129,
            "gross_margin": 28.34,
            "gross_margin_4q_avg": 28.71,
            "net_income": 208717,
            "net_income_4q": null,
            "revenue": 1016632,
            "revenue_4q": null,
            "common_shares": 3011570,
            "book_valuer_per_share": 20.41,
            "book_valuer_per_share_4q_avg": 20.34,
            "equity": 6146352,
            "current_ratio": 152.7,
            "debt_ratio": 25.05,
            "inventory_turnover_ratio": 1.82,
            "account_receivable_turnover_ratio": null,
            "reinvestment_rate": -68,
            "research_to_sale_ratio": null,
            "price_fair": 121.15,
            "eps_avg_yearly": 3.46,
            "eps_latest_yearly": 2.92,
            "eps_growth_yearly": 158.68
        },
        "20054": {
            "year_quarter": 20054,
            "year": 2005,
            "quarter": 4,
            "eps": 0.53,
            "eps_growth_year": -13.11,
            "eps_4q": 2.07,
            "eps_4q_growth_year": -10.99,
            "roe": 2.41,
            "roe_4q": 9.8,
            "gross_profit": 283366,
            "gross_margin": 27.81,
            "gross_margin_4q_avg": 28.35,
            "net_income": 150082,
            "net_income_4q": null,
            "revenue": 1019034,
            "revenue_4q": null,
            "common_shares": 3011570,
            "book_valuer_per_share": 21,
            "book_valuer_per_share_4q_avg": 20.55,
            "equity": 6323705,
            "current_ratio": 133.88,
            "debt_ratio": 34.82,
            "inventory_turnover_ratio": 1.16,
            "account_receivable_turnover_ratio": null,
            "reinvestment_rate": 63.74,
            "research_to_sale_ratio": null,
            "price_fair": 117.8,
            "eps_avg_yearly": 3.37,
            "eps_latest_yearly": 2.12,
            "eps_growth_yearly": 139.52
        },
        "20061": {
            "year_quarter": 20061,
            "year": 2006,
            "quarter": 1,
            "eps": 0.75,
            "eps_growth_year": 114.29,
            "eps_4q": 2.48,
            "eps_4q_growth_year": 65.33,
            "roe": 3.31,
            "roe_4q": 11.46,
            "gross_profit": 302267,
            "gross_margin": 27.07,
            "gross_margin_4q_avg": 28.48,
            "net_income": 212455,
            "net_income_4q": null,
            "revenue": 1116631,
            "revenue_4q": null,
            "common_shares": 3011570,
            "book_valuer_per_share": 21.63,
            "book_valuer_per_share_4q_avg": 20.84,
            "equity": 6514225,
            "current_ratio": 250.64,
            "debt_ratio": 19.5,
            "inventory_turnover_ratio": 1.35,
            "account_receivable_turnover_ratio": null,
            "reinvestment_rate": -62.53,
            "research_to_sale_ratio": null,
            "price_fair": 120.1,
            "eps_avg_yearly": 3.43,
            "eps_latest_yearly": 3,
            "eps_growth_yearly": 159.03
        },
        "20062": {
            "year_quarter": 20062,
            "year": 2006,
            "quarter": 2,
            "eps": 0.42,
            "eps_growth_year": -12.5,
            "eps_4q": 2.35,
            "eps_4q_growth_year": 14.12,
            "roe": 1.92,
            "roe_4q": 11.13,
            "gross_profit": 292202,
            "gross_margin": 25.41,
            "gross_margin_4q_avg": 27.16,
            "net_income": 124459,
            "net_income_4q": null,
            "revenue": 1149996,
            "revenue_4q": null,
            "common_shares": 3011570,
            "book_valuer_per_share": 21.33,
            "book_valuer_per_share_4q_avg": 21.09,
            "equity": 6423136,
            "current_ratio": 215,
            "debt_ratio": 20.64,
            "inventory_turnover_ratio": 1.99,
            "account_receivable_turnover_ratio": null,
            "reinvestment_rate": -62.32,
            "research_to_sale_ratio": null,
            "price_fair": 120.1,
            "eps_avg_yearly": 3.43,
            "eps_latest_yearly": 1.68,
            "eps_growth_yearly": 151.95
        },
        "20063": {
            "year_quarter": 20063,
            "year": 2006,
            "quarter": 3,
            "eps": 0.41,
            "eps_growth_year": -43.84,
            "eps_4q": 2.05,
            "eps_4q_growth_year": -2.5,
            "roe": 1.87,
            "roe_4q": 9.51,
            "gross_profit": 241541,
            "gross_margin": 21.69,
            "gross_margin_4q_avg": 25.5,
            "net_income": 121991,
            "net_income_4q": null,
            "revenue": 1113426,
            "revenue_4q": null,
            "common_shares": 3132033,
            "book_valuer_per_share": 21.15,
            "book_valuer_per_share_4q_avg": 21.28,
            "equity": 6624255,
            "current_ratio": 214.57,
            "debt_ratio": 20.33,
            "inventory_turnover_ratio": 1.72,
            "account_receivable_turnover_ratio": null,
            "reinvestment_rate": -68.13,
            "research_to_sale_ratio": null,
            "price_fair": 116.6,
            "eps_avg_yearly": 3.33,
            "eps_latest_yearly": 1.64,
            "eps_growth_yearly": 128.14
        },
        "20064": {
            "year_quarter": 20064,
            "year": 2006,
            "quarter": 4,
            "eps": 0.4,
            "eps_growth_year": -24.53,
            "eps_4q": 1.94,
            "eps_4q_growth_year": -6.17,
            "roe": 1.78,
            "roe_4q": 8.88,
            "gross_profit": 234402,
            "gross_margin": 20.81,
            "gross_margin_4q_avg": 23.75,
            "net_income": 119008,
            "net_income_4q": null,
            "revenue": 1126352,
            "revenue_4q": null,
            "common_shares": 3132033,
            "book_valuer_per_share": 21.42,
            "book_valuer_per_share_4q_avg": 21.38,
            "equity": 6714882,
            "current_ratio": 170.64,
            "debt_ratio": 35.93,
            "inventory_turnover_ratio": 1.19,
            "account_receivable_turnover_ratio": null,
            "reinvestment_rate": 59.48,
            "research_to_sale_ratio": null,
            "price_fair": 115.8,
            "eps_avg_yearly": 3.31,
            "eps_latest_yearly": 1.6,
            "eps_growth_yearly": 137.97
        },
        "20071": {
            "year_quarter": 20071,
            "year": 2007,
            "quarter": 1,
            "eps": 0.39,
            "eps_growth_year": -48,
            "eps_4q": 1.63,
            "eps_4q_growth_year": -34.26,
            "roe": 1.69,
            "roe_4q": 7.26,
            "gross_profit": 271469,
            "gross_margin": 23.57,
            "gross_margin_4q_avg": 22.87,
            "net_income": 114884,
            "net_income_4q": null,
            "revenue": 1151975,
            "revenue_4q": null,
            "common_shares": 3132033,
            "book_valuer_per_share": 21.99,
            "book_valuer_per_share_4q_avg": 21.47,
            "equity": 6887601,
            "current_ratio": 231.24,
            "debt_ratio": 17.86,
            "inventory_turnover_ratio": 1.28,
            "account_receivable_turnover_ratio": null,
            "reinvestment_rate": -76.83,
            "research_to_sale_ratio": null,
            "price_fair": 7.82,
            "eps_avg_yearly": 2.61,
            "eps_latest_yearly": 1.56,
            "eps_growth_yearly": -3.82
        },
        "20072": {
            "year_quarter": 20072,
            "year": 2007,
            "quarter": 2,
            "eps": 0.68,
            "eps_growth_year": 61.9,
            "eps_4q": 1.84,
            "eps_4q_growth_year": -21.64,
            "roe": 3.04,
            "roe_4q": 8.38,
            "gross_profit": 380798,
            "gross_margin": 28.2,
            "gross_margin_4q_avg": 23.57,
            "net_income": 208670,
            "net_income_4q": null,
            "revenue": 1350542,
            "revenue_4q": null,
            "common_shares": 3132033,
            "book_valuer_per_share": 21.89,
            "book_valuer_per_share_4q_avg": 21.61,
            "equity": 6856053,
            "current_ratio": 208.29,
            "debt_ratio": 18.49,
            "inventory_turnover_ratio": 2.34,
            "account_receivable_turnover_ratio": null,
            "reinvestment_rate": -78.15,
            "research_to_sale_ratio": null,
            "price_fair": 89.6,
            "eps_avg_yearly": 2.56,
            "eps_latest_yearly": 2.72,
            "eps_growth_yearly": 37.58
        },
        "20073": {
            "year_quarter": 20073,
            "year": 2007,
            "quarter": 3,
            "eps": 0.66,
            "eps_growth_year": 60.98,
            "eps_4q": 2.1,
            "eps_4q_growth_year": 2.38,
            "roe": 2.92,
            "roe_4q": 9.43,
            "gross_profit": 319273,
            "gross_margin": 24.83,
            "gross_margin_4q_avg": 24.35,
            "net_income": 203482,
            "net_income_4q": null,
            "revenue": 1285947,
            "revenue_4q": null,
            "common_shares": 3241654,
            "book_valuer_per_share": 21.84,
            "book_valuer_per_share_4q_avg": 21.79,
            "equity": 7079324,
            "current_ratio": 250.09,
            "debt_ratio": 15.25,
            "inventory_turnover_ratio": 2.18,
            "account_receivable_turnover_ratio": null,
            "reinvestment_rate": -77.8,
            "research_to_sale_ratio": null,
            "price_fair": 88.6,
            "eps_avg_yearly": 2.53,
            "eps_latest_yearly": 2.64,
            "eps_growth_yearly": 39.46
        },
        "20074": {
            "year_quarter": 20074,
            "year": 2007,
            "quarter": 4,
            "eps": 0.31,
            "eps_growth_year": -22.5,
            "eps_4q": 2.04,
            "eps_4q_growth_year": 5.07,
            "roe": 1.32,
            "roe_4q": 8.97,
            "gross_profit": 240481,
            "gross_margin": 20.95,
            "gross_margin_4q_avg": 24.39,
            "net_income": 94391,
            "net_income_4q": null,
            "revenue": 1147981,
            "revenue_4q": null,
            "common_shares": 3241654,
            "book_valuer_per_share": 22.2,
            "book_valuer_per_share_4q_avg": 21.98,
            "equity": 7245087,
            "current_ratio": 179.68,
            "debt_ratio": 34.52,
            "inventory_turnover_ratio": 1.3,
            "account_receivable_turnover_ratio": null,
            "reinvestment_rate": 81.92,
            "research_to_sale_ratio": null,
            "price_fair": 35.95,
            "eps_avg_yearly": 2.26,
            "eps_latest_yearly": 1.24,
            "eps_growth_yearly": 5.89
        },
        "20081": {
            "year_quarter": 20081,
            "year": 2008,
            "quarter": 1,
            "eps": 0.25,
            "eps_growth_year": -35.9,
            "eps_4q": 1.9,
            "eps_4q_growth_year": 16.24,
            "roe": 1.06,
            "roe_4q": 8.34,
            "gross_profit": 347855,
            "gross_margin": 16.09,
            "gross_margin_4q_avg": 22.52,
            "net_income": 76925,
            "net_income_4q": null,
            "revenue": 2161766,
            "revenue_4q": null,
            "common_shares": 3241654,
            "book_valuer_per_share": 22.19,
            "book_valuer_per_share_4q_avg": 22.03,
            "equity": 7242036,
            "current_ratio": 184.6,
            "debt_ratio": 33.34,
            "inventory_turnover_ratio": 1.71,
            "account_receivable_turnover_ratio": null,
            "reinvestment_rate": 248.9,
            "research_to_sale_ratio": null,
            "price_fair": 22.9,
            "eps_avg_yearly": 1.99,
            "eps_latest_yearly": 1,
            "eps_growth_yearly": 1.5
        },
        "20082": {
            "year_quarter": 20082,
            "year": 2008,
            "quarter": 2,
            "eps": 0.07,
            "eps_growth_year": -89.71,
            "eps_4q": 1.52,
            "eps_4q_growth_year": -17.26,
            "roe": 0.25,
            "roe_4q": 5.55,
            "gross_profit": 258299,
            "gross_margin": 10.55,
            "gross_margin_4q_avg": 18.11,
            "net_income": 18173,
            "net_income_4q": null,
            "revenue": 2448439,
            "revenue_4q": null,
            "common_shares": 3241654,
            "book_valuer_per_share": 21.58,
            "book_valuer_per_share_4q_avg": 21.95,
            "equity": 7040826,
            "current_ratio": 162.72,
            "debt_ratio": 36.54,
            "inventory_turnover_ratio": 1.73,
            "account_receivable_turnover_ratio": null,
            "reinvestment_rate": 247.12,
            "research_to_sale_ratio": null,
            "price_fair": 5.63,
            "eps_avg_yearly": 1.88,
            "eps_latest_yearly": 0.28,
            "eps_growth_yearly": -17.8
        },
        "20083": {
            "year_quarter": 20083,
            "year": 2008,
            "quarter": 3,
            "eps": 0.04,
            "eps_growth_year": -93.94,
            "eps_4q": 0.53,
            "eps_4q_growth_year": -74.94,
            "roe": 0.22,
            "roe_4q": 2.85,
            "gross_profit": 253725,
            "gross_margin": 10.81,
            "gross_margin_4q_avg": 14.6,
            "net_income": 15539,
            "net_income_4q": null,
            "revenue": 2346153,
            "revenue_4q": null,
            "common_shares": 3355112,
            "book_valuer_per_share": 21.41,
            "book_valuer_per_share_4q_avg": 21.85,
            "equity": 7232893,
            "current_ratio": 168.65,
            "debt_ratio": 34.47,
            "inventory_turnover_ratio": 1.43,
            "account_receivable_turnover_ratio": null,
            "reinvestment_rate": 267.53,
            "research_to_sale_ratio": null,
            "price_fair": 5.31,
            "eps_avg_yearly": 1.77,
            "eps_latest_yearly": 0.16,
            "eps_growth_yearly": -27.4
        },
        "20084": {
            "year_quarter": 20084,
            "year": 2008,
            "quarter": 4,
            "eps": -0.91,
            "eps_growth_year": -393.55,
            "eps_4q": -0.57,
            "eps_4q_growth_year": -128.12,
            "roe": -4.07,
            "roe_4q": -2.54,
            "gross_profit": -90957,
            "gross_margin": -5.78,
            "gross_margin_4q_avg": 7.92,
            "net_income": -289103,
            "net_income_4q": null,
            "revenue": 1574965,
            "revenue_4q": null,
            "common_shares": 3355112,
            "book_valuer_per_share": 20.69,
            "book_valuer_per_share_4q_avg": 21.47,
            "equity": 6990849,
            "current_ratio": 160.85,
            "debt_ratio": 29.8,
            "inventory_turnover_ratio": 1.16,
            "account_receivable_turnover_ratio": 2.3,
            "reinvestment_rate": 86.15,
            "research_to_sale_ratio": null,
            "price_fair": 5.18,
            "eps_avg_yearly": 1.73,
            "eps_latest_yearly": 0.16,
            "eps_growth_yearly": -28.38
        },
        "20091": {
            "year_quarter": 20091,
            "year": 2009,
            "quarter": 1,
            "eps": 0.01,
            "eps_growth_year": -96,
            "eps_4q": -0.75,
            "eps_4q_growth_year": -139.62,
            "roe": 0.06,
            "roe_4q": -3.5400000000000005,
            "gross_profit": 160991,
            "gross_margin": 11.12,
            "gross_margin_4q_avg": 6.68,
            "net_income": 4528,
            "net_income_4q": null,
            "revenue": 1447509,
            "revenue_4q": null,
            "common_shares": 3354242,
            "book_valuer_per_share": 20.95,
            "book_valuer_per_share_4q_avg": 21.16,
            "equity": 7077941,
            "current_ratio": 160.99,
            "debt_ratio": 27.69,
            "inventory_turnover_ratio": 1.11,
            "account_receivable_turnover_ratio": 1.09,
            "reinvestment_rate": 366.47,
            "research_to_sale_ratio": null,
            "price_fair": 5.25,
            "eps_avg_yearly": 1.75,
            "eps_latest_yearly": 0.16,
            "eps_growth_yearly": -18.23
        },
        "20092": {
            "year_quarter": 20092,
            "year": 2009,
            "quarter": 2,
            "eps": 0.94,
            "eps_growth_year": 1242.86,
            "eps_4q": 0.08,
            "eps_4q_growth_year": -94.86,
            "roe": 4.14,
            "roe_4q": 0.349999999999999,
            "gross_profit": 474301,
            "gross_margin": 24.85,
            "gross_margin_4q_avg": 10.25,
            "net_income": 297348,
            "net_income_4q": null,
            "revenue": 1908749,
            "revenue_4q": null,
            "common_shares": 3354242,
            "book_valuer_per_share": 21.58,
            "book_valuer_per_share_4q_avg": 21.16,
            "equity": 7288760,
            "current_ratio": 180.39,
            "debt_ratio": 27.19,
            "inventory_turnover_ratio": 1.34,
            "account_receivable_turnover_ratio": 1.32,
            "reinvestment_rate": 319.04,
            "research_to_sale_ratio": null,
            "price_fair": 65.8,
            "eps_avg_yearly": 1.88,
            "eps_latest_yearly": 3.76,
            "eps_growth_yearly": 2628.3
        },
        "20093": {
            "year_quarter": 20093,
            "year": 2009,
            "quarter": 3,
            "eps": 0.64,
            "eps_growth_year": 1500,
            "eps_4q": 0.68,
            "eps_4q_growth_year": 29.35,
            "roe": 2.75,
            "roe_4q": 2.879999999999999,
            "gross_profit": 483101,
            "gross_margin": 23.33,
            "gross_margin_4q_avg": 13.38,
            "net_income": 202606,
            "net_income_4q": null,
            "revenue": 2070969,
            "revenue_4q": null,
            "common_shares": 3354242,
            "book_valuer_per_share": 22.03,
            "book_valuer_per_share_4q_avg": 21.31,
            "equity": 7437924,
            "current_ratio": 181.97,
            "debt_ratio": 28.49,
            "inventory_turnover_ratio": 1.35,
            "account_receivable_turnover_ratio": 1.3,
            "reinvestment_rate": 311.29,
            "research_to_sale_ratio": null,
            "price_fair": 64.9,
            "eps_avg_yearly": 1.85,
            "eps_latest_yearly": 2.56,
            "eps_growth_yearly": 2604.3
        },
        "20094": {
            "year_quarter": 20094,
            "year": 2009,
            "quarter": 4,
            "eps": 0.34,
            "eps_growth_year": null,
            "eps_4q": 1.93,
            "eps_4q_growth_year": null,
            "roe": 1.44,
            "roe_4q": 8.389999999999999,
            "gross_profit": 533641,
            "gross_margin": 22.49,
            "gross_margin_4q_avg": 20.45,
            "net_income": 107876,
            "net_income_4q": null,
            "revenue": 2372894,
            "revenue_4q": null,
            "common_shares": 3354242,
            "book_valuer_per_share": 23.59,
            "book_valuer_per_share_4q_avg": 22.04,
            "equity": 7522767,
            "current_ratio": 180.69,
            "debt_ratio": 30.12,
            "inventory_turnover_ratio": 1.54,
            "account_receivable_turnover_ratio": 2.35,
            "reinvestment_rate": 338.94,
            "research_to_sale_ratio": null,
            "price_fair": 63,
            "eps_avg_yearly": 1.8,
            "eps_latest_yearly": 1.36,
            "eps_growth_yearly": 2598.74
        },
        "20101": {
            "year_quarter": 20101,
            "year": 2010,
            "quarter": 1,
            "eps": 0.31,
            "eps_growth_year": 3000,
            "eps_4q": 2.23,
            "eps_4q_growth_year": null,
            "roe": 1.31,
            "roe_4q": 9.64,
            "gross_profit": 437855,
            "gross_margin": 18.3,
            "gross_margin_4q_avg": 22.24,
            "net_income": 98942,
            "net_income_4q": null,
            "revenue": 2392099,
            "revenue_4q": null,
            "common_shares": 3354242,
            "book_valuer_per_share": 23.85,
            "book_valuer_per_share_4q_avg": 22.76,
            "equity": 7605767,
            "current_ratio": 173.38,
            "debt_ratio": 32.5,
            "inventory_turnover_ratio": 1.5,
            "account_receivable_turnover_ratio": 1.19,
            "reinvestment_rate": 663.69,
            "research_to_sale_ratio": null,
            "price_fair": 58.6,
            "eps_avg_yearly": 1.67,
            "eps_latest_yearly": 1.24,
            "eps_growth_yearly": 2584.35
        },
        "20102": {
            "year_quarter": 20102,
            "year": 2010,
            "quarter": 2,
            "eps": 0.1,
            "eps_growth_year": -89.28,
            "eps_4q": 1.29,
            "eps_4q_growth_year": 1549.49,
            "roe": 0.45,
            "roe_4q": 5.95,
            "gross_profit": 385281,
            "gross_margin": 13.71,
            "gross_margin_4q_avg": 19.46,
            "net_income": 34575,
            "net_income_4q": null,
            "revenue": 2810891,
            "revenue_4q": null,
            "common_shares": 3354242,
            "book_valuer_per_share": 23.89,
            "book_valuer_per_share_4q_avg": 23.34,
            "equity": 7619238,
            "current_ratio": 161.89,
            "debt_ratio": 35.26,
            "inventory_turnover_ratio": 1.71,
            "account_receivable_turnover_ratio": 1.25,
            "reinvestment_rate": 707.85,
            "research_to_sale_ratio": null,
            "price_fair": 55.4,
            "eps_avg_yearly": 1.58,
            "eps_latest_yearly": 0.4,
            "eps_growth_yearly": 2577.57
        },
        "20103": {
            "year_quarter": 20103,
            "year": 2010,
            "quarter": 3,
            "eps": 0.24,
            "eps_growth_year": -62.1,
            "eps_4q": 0.95,
            "eps_4q_growth_year": 39.56,
            "roe": 1.09,
            "roe_4q": 4.29,
            "gross_profit": 382352,
            "gross_margin": 13.9,
            "gross_margin_4q_avg": 17.1,
            "net_income": 83120,
            "net_income_4q": null,
            "revenue": 2751121,
            "revenue_4q": null,
            "common_shares": 3622581,
            "book_valuer_per_share": 22.24,
            "book_valuer_per_share_4q_avg": 23.39,
            "equity": 7626893,
            "current_ratio": 161.8,
            "debt_ratio": 32.95,
            "inventory_turnover_ratio": 1.69,
            "account_receivable_turnover_ratio": 1.14,
            "reinvestment_rate": 723.47,
            "research_to_sale_ratio": null,
            "price_fair": 53.7,
            "eps_avg_yearly": 1.53,
            "eps_latest_yearly": 0.96,
            "eps_growth_yearly": 2618.25
        },
        "20104": {
            "year_quarter": 20104,
            "year": 2010,
            "quarter": 4,
            "eps": 0.31,
            "eps_growth_year": -10.22,
            "eps_4q": 0.94,
            "eps_4q_growth_year": -51.46,
            "roe": 1.64,
            "roe_4q": 4.49,
            "gross_profit": 509126,
            "gross_margin": 16.94,
            "gross_margin_4q_avg": 15.71,
            "net_income": 124823,
            "net_income_4q": null,
            "revenue": 3005425,
            "revenue_4q": null,
            "common_shares": 3622581,
            "book_valuer_per_share": 21.96,
            "book_valuer_per_share_4q_avg": 22.99,
            "equity": 7551930,
            "current_ratio": 163.4,
            "debt_ratio": 33.4,
            "inventory_turnover_ratio": 1.74,
            "account_receivable_turnover_ratio": 1.28,
            "reinvestment_rate": 359.21,
            "research_to_sale_ratio": null,
            "price_fair": 52.8,
            "eps_avg_yearly": 1.51,
            "eps_latest_yearly": 1.24,
            "eps_growth_yearly": 2627.28
        },
        "20111": {
            "year_quarter": 20111,
            "year": 2011,
            "quarter": 1,
            "eps": 0.24,
            "eps_growth_year": -22.58,
            "eps_4q": 0.89,
            "eps_4q_growth_year": -59.95,
            "roe": 1.1,
            "roe_4q": 4.28,
            "gross_profit": 391844,
            "gross_margin": 13.91,
            "gross_margin_4q_avg": 14.62,
            "net_income": 83539,
            "net_income_4q": null,
            "revenue": 2816501,
            "revenue_4q": null,
            "common_shares": 3622581,
            "book_valuer_per_share": 22.32,
            "book_valuer_per_share_4q_avg": 22.6,
            "equity": 7674029,
            "current_ratio": 156.63,
            "debt_ratio": 36.83,
            "inventory_turnover_ratio": 1.5,
            "account_receivable_turnover_ratio": 1.13,
            "reinvestment_rate": 723.26,
            "research_to_sale_ratio": null,
            "price_fair": 51.3,
            "eps_avg_yearly": 1.47,
            "eps_latest_yearly": 0.96,
            "eps_growth_yearly": 2621.54
        },
        "20112": {
            "year_quarter": 20112,
            "year": 2011,
            "quarter": 2,
            "eps": 0.5,
            "eps_growth_year": 400.02,
            "eps_4q": 1.26,
            "eps_4q_growth_year": -2.48,
            "roe": 2.33,
            "roe_4q": 6.16,
            "gross_profit": 399007,
            "gross_margin": 12.32,
            "gross_margin_4q_avg": 14.27,
            "net_income": 180587,
            "net_income_4q": null,
            "revenue": 3239464,
            "revenue_4q": null,
            "common_shares": 3622581,
            "book_valuer_per_share": 22.7,
            "book_valuer_per_share_4q_avg": 22.31,
            "equity": 7806265,
            "current_ratio": 167.31,
            "debt_ratio": 35.33,
            "inventory_turnover_ratio": 1.59,
            "account_receivable_turnover_ratio": 1.22,
            "reinvestment_rate": 728.19,
            "research_to_sale_ratio": null,
            "price_fair": 49.5,
            "eps_avg_yearly": 1.41,
            "eps_latest_yearly": 2,
            "eps_growth_yearly": 2631.25
        },
        "20113": {
            "year_quarter": 20113,
            "year": 2011,
            "quarter": 3,
            "eps": 0.36,
            "eps_growth_year": 47.57,
            "eps_4q": 1.39,
            "eps_4q_growth_year": 46.5,
            "roe": 1.61,
            "roe_4q": 6.680000000000001,
            "gross_profit": 411975,
            "gross_margin": 13.28,
            "gross_margin_4q_avg": 14.11,
            "net_income": 128008,
            "net_income_4q": null,
            "revenue": 3101772,
            "revenue_4q": null,
            "common_shares": 3785597,
            "book_valuer_per_share": 22.65,
            "book_valuer_per_share_4q_avg": 22.41,
            "equity": 8143381,
            "current_ratio": 169.9,
            "debt_ratio": 35.42,
            "inventory_turnover_ratio": 1.38,
            "account_receivable_turnover_ratio": 1.14,
            "reinvestment_rate": 797.21,
            "research_to_sale_ratio": null,
            "price_fair": 46.5,
            "eps_avg_yearly": 1.33,
            "eps_latest_yearly": 1.44,
            "eps_growth_yearly": 2624.09
        },
        "20114": {
            "year_quarter": 20114,
            "year": 2011,
            "quarter": 4,
            "eps": 0.26,
            "eps_growth_year": -15.26,
            "eps_4q": 1.36,
            "eps_4q_growth_year": 44.49,
            "roe": 1.14,
            "roe_4q": 6.18,
            "gross_profit": 341946,
            "gross_margin": 12.73,
            "gross_margin_4q_avg": 13.06,
            "net_income": 93045,
            "net_income_4q": null,
            "revenue": 2686861,
            "revenue_4q": null,
            "common_shares": 3785597,
            "book_valuer_per_share": 22.95,
            "book_valuer_per_share_4q_avg": 22.66,
            "equity": 8230619,
            "current_ratio": 183.16,
            "debt_ratio": 32.96,
            "inventory_turnover_ratio": 1.15,
            "account_receivable_turnover_ratio": 1.04,
            "reinvestment_rate": 384.86,
            "research_to_sale_ratio": null,
            "price_fair": 46,
            "eps_avg_yearly": 1.31,
            "eps_latest_yearly": 1.04,
            "eps_growth_yearly": 2631.31
        },
        "20121": {
            "year_quarter": 20121,
            "year": 2012,
            "quarter": 1,
            "eps": 0.25,
            "eps_growth_year": 4.17,
            "eps_4q": 1.37,
            "eps_4q_growth_year": 53.54,
            "roe": 1.09,
            "roe_4q": 6.17,
            "gross_profit": 360844,
            "gross_margin": 14.56,
            "gross_margin_4q_avg": 13.22,
            "net_income": 89435,
            "net_income_4q": null,
            "revenue": 2477478,
            "revenue_4q": null,
            "common_shares": 3785597,
            "book_valuer_per_share": 23.01,
            "book_valuer_per_share_4q_avg": 22.83,
            "equity": 8250904,
            "current_ratio": 196.84,
            "debt_ratio": 30.66,
            "inventory_turnover_ratio": 1.13,
            "account_receivable_turnover_ratio": 1.05,
            "reinvestment_rate": 381.52,
            "research_to_sale_ratio": null,
            "price_fair": 46,
            "eps_avg_yearly": 1.31,
            "eps_latest_yearly": 1,
            "eps_growth_yearly": 2635.74
        },
        "20122": {
            "year_quarter": 20122,
            "year": 2012,
            "quarter": 2,
            "eps": 0.4,
            "eps_growth_year": -20.96,
            "eps_4q": 1.19,
            "eps_4q_growth_year": -5.68,
            "roe": 1.87,
            "roe_4q": 5.71,
            "gross_profit": 480978,
            "gross_margin": 17.41,
            "gross_margin_4q_avg": 14.5,
            "net_income": 156138,
            "net_income_4q": null,
            "revenue": 2762237,
            "revenue_4q": null,
            "common_shares": 3785597,
            "book_valuer_per_share": 22.89,
            "book_valuer_per_share_4q_avg": 22.88,
            "equity": 8412894,
            "current_ratio": 216.37,
            "debt_ratio": 35.6,
            "inventory_turnover_ratio": 1.42,
            "account_receivable_turnover_ratio": 1.17,
            "reinvestment_rate": 69.84,
            "research_to_sale_ratio": null,
            "price_fair": 49.3,
            "eps_avg_yearly": 1.41,
            "eps_latest_yearly": 1.6,
            "eps_growth_yearly": 2673.45
        },
        "20123": {
            "year_quarter": 20123,
            "year": 2012,
            "quarter": 3,
            "eps": 0.33,
            "eps_growth_year": -9.14,
            "eps_4q": 1.19,
            "eps_4q_growth_year": -14.41,
            "roe": 1.51,
            "roe_4q": 5.609999999999999,
            "gross_profit": 410881,
            "gross_margin": 18.71,
            "gross_margin_4q_avg": 15.85,
            "net_income": 127296,
            "net_income_4q": null,
            "revenue": 2196527,
            "revenue_4q": null,
            "common_shares": 4031661,
            "book_valuer_per_share": 21.67,
            "book_valuer_per_share_4q_avg": 22.63,
            "equity": 8481012,
            "current_ratio": 255.83,
            "debt_ratio": 32.86,
            "inventory_turnover_ratio": 1.21,
            "account_receivable_turnover_ratio": 1,
            "reinvestment_rate": 44.5,
            "research_to_sale_ratio": null,
            "price_fair": 52.2,
            "eps_avg_yearly": 1.49,
            "eps_latest_yearly": 1.32,
            "eps_growth_yearly": 2680.7
        },
        "20124": {
            "year_quarter": 20124,
            "year": 2012,
            "quarter": 4,
            "eps": 0.12,
            "eps_growth_year": -54.09,
            "eps_4q": 1.07,
            "eps_4q_growth_year": -20.97,
            "roe": 0.55,
            "roe_4q": 5.0200000000000005,
            "gross_profit": 341709,
            "gross_margin": 17.19,
            "gross_margin_4q_avg": 16.97,
            "net_income": 46486,
            "net_income_4q": null,
            "revenue": 1987436,
            "revenue_4q": null,
            "common_shares": 4031661,
            "book_valuer_per_share": 21.86,
            "book_valuer_per_share_4q_avg": 22.36,
            "equity": 8555694,
            "current_ratio": 276.64,
            "debt_ratio": 31.63,
            "inventory_turnover_ratio": 1.16,
            "account_receivable_turnover_ratio": 1.01,
            "reinvestment_rate": 35.22,
            "research_to_sale_ratio": null,
            "price_fair": 49.84,
            "eps_avg_yearly": 1.42,
            "eps_latest_yearly": 0.48,
            "eps_growth_yearly": 2485.01
        },
        "20131": {
            "year_quarter": 20131,
            "year": 2013,
            "quarter": 1,
            "eps": 0.48,
            "eps_growth_year": 92,
            "eps_4q": 1.32,
            "eps_4q_growth_year": -3.83,
            "roe": 2.15,
            "roe_4q": 6.08,
            "gross_profit": 462387,
            "gross_margin": 22.14,
            "gross_margin_4q_avg": 18.86,
            "net_income": 186433,
            "net_income_4q": null,
            "revenue": 2088364,
            "revenue_4q": null,
            "common_shares": 4031661,
            "book_valuer_per_share": 22.45,
            "book_valuer_per_share_4q_avg": 22.22,
            "equity": 8787294,
            "current_ratio": 284.63,
            "debt_ratio": 31.84,
            "inventory_turnover_ratio": 1.17,
            "account_receivable_turnover_ratio": 1.05,
            "reinvestment_rate": 18.65,
            "research_to_sale_ratio": null,
            "price_fair": 50.93,
            "eps_avg_yearly": 1.46,
            "eps_latest_yearly": 1.92,
            "eps_growth_yearly": 2404.7
        },
        "20132": {
            "year_quarter": 20132,
            "year": 2013,
            "quarter": 2,
            "eps": 0.5,
            "eps_growth_year": 25.61,
            "eps_4q": 1.37,
            "eps_4q_growth_year": 15.61,
            "roe": 2.31,
            "roe_4q": 6.52,
            "gross_profit": 535836,
            "gross_margin": 23.74,
            "gross_margin_4q_avg": 20.45,
            "net_income": 205146,
            "net_income_4q": null,
            "revenue": 2257545,
            "revenue_4q": null,
            "common_shares": 4031661,
            "book_valuer_per_share": 22.99,
            "book_valuer_per_share_4q_avg": 22.24,
            "equity": 8999744,
            "current_ratio": 289.51,
            "debt_ratio": 31.78,
            "inventory_turnover_ratio": 1.21,
            "account_receivable_turnover_ratio": 1.12,
            "reinvestment_rate": 39.71,
            "research_to_sale_ratio": null,
            "price_fair": 47.08,
            "eps_avg_yearly": 1.35,
            "eps_latest_yearly": 2,
            "eps_growth_yearly": 80.74
        },
        "20133": {
            "year_quarter": 20133,
            "year": 2013,
            "quarter": 3,
            "eps": 0.44,
            "eps_growth_year": 35.31,
            "eps_4q": 1.5,
            "eps_4q_growth_year": 26.51,
            "roe": 1.98,
            "roe_4q": 6.989999999999999,
            "gross_profit": 472566,
            "gross_margin": 22.27,
            "gross_margin_4q_avg": 21.34,
            "net_income": 179942,
            "net_income_4q": null,
            "revenue": 2122421,
            "revenue_4q": null,
            "common_shares": 4233244,
            "book_valuer_per_share": 22.25,
            "book_valuer_per_share_4q_avg": 22.39,
            "equity": 9145692,
            "current_ratio": 301.51,
            "debt_ratio": 31.35,
            "inventory_turnover_ratio": 1.2,
            "account_receivable_turnover_ratio": 1,
            "reinvestment_rate": 43.17,
            "research_to_sale_ratio": null,
            "price_fair": 45.33,
            "eps_avg_yearly": 1.3,
            "eps_latest_yearly": 1.76,
            "eps_growth_yearly": 85.72
        },
        "20134": {
            "year_quarter": 20134,
            "year": 2013,
            "quarter": 4,
            "eps": 0.16,
            "eps_growth_year": 36.55,
            "eps_4q": 1.55,
            "eps_4q_growth_year": 44.97,
            "roe": 0.72,
            "roe_4q": 7.16,
            "gross_profit": 327396,
            "gross_margin": 17.99,
            "gross_margin_4q_avg": 21.54,
            "net_income": 66654,
            "net_income_4q": null,
            "revenue": 1819971,
            "revenue_4q": null,
            "common_shares": 4233244,
            "book_valuer_per_share": 22.57,
            "book_valuer_per_share_4q_avg": 22.57,
            "equity": 9275554,
            "current_ratio": 327.9,
            "debt_ratio": 29.41,
            "inventory_turnover_ratio": 1.15,
            "account_receivable_turnover_ratio": 0.84,
            "reinvestment_rate": -227.63,
            "research_to_sale_ratio": null,
            "price_fair": 43.75,
            "eps_avg_yearly": 1.25,
            "eps_latest_yearly": 0.64,
            "eps_growth_yearly": 81.53
        },
        "20141": {
            "year_quarter": 20141,
            "year": 2014,
            "quarter": 1,
            "eps": 0.39,
            "eps_growth_year": -18.75,
            "eps_4q": 1.49,
            "eps_4q_growth_year": 12.97,
            "roe": 1.72,
            "roe_4q": 6.73,
            "gross_profit": 469633,
            "gross_margin": 22.59,
            "gross_margin_4q_avg": 21.65,
            "net_income": 160689,
            "net_income_4q": null,
            "revenue": 2079326,
            "revenue_4q": null,
            "common_shares": 4233244,
            "book_valuer_per_share": 22.95,
            "book_valuer_per_share_4q_avg": 22.69,
            "equity": 9431221,
            "current_ratio": 324.08,
            "debt_ratio": 26.69,
            "inventory_turnover_ratio": 1.28,
            "account_receivable_turnover_ratio": 0.94,
            "reinvestment_rate": -216.98,
            "research_to_sale_ratio": null,
            "price_fair": 44.45,
            "eps_avg_yearly": 1.27,
            "eps_latest_yearly": 1.56,
            "eps_growth_yearly": 119.67
        },
        "20142": {
            "year_quarter": 20142,
            "year": 2014,
            "quarter": 2,
            "eps": 0.24,
            "eps_growth_year": -52,
            "eps_4q": 1.16,
            "eps_4q_growth_year": -15.85,
            "roe": 1.14,
            "roe_4q": 5.5600000000000005,
            "gross_profit": 455256,
            "gross_margin": 23.02,
            "gross_margin_4q_avg": 21.47,
            "net_income": 106961,
            "net_income_4q": null,
            "revenue": 1977761,
            "revenue_4q": null,
            "common_shares": 4233244,
            "book_valuer_per_share": 22.86,
            "book_valuer_per_share_4q_avg": 22.66,
            "equity": 9396021,
            "current_ratio": 259.22,
            "debt_ratio": 26.73,
            "inventory_turnover_ratio": 1.2,
            "account_receivable_turnover_ratio": 0.91,
            "reinvestment_rate": -217.75,
            "research_to_sale_ratio": null,
            "price_fair": 45.68,
            "eps_avg_yearly": 1.31,
            "eps_latest_yearly": 0.96,
            "eps_growth_yearly": 126.99
        },
        "20143": {
            "year_quarter": 20143,
            "year": 2014,
            "quarter": 3,
            "eps": 0.16,
            "eps_growth_year": -63.64,
            "eps_4q": 0.91,
            "eps_4q_growth_year": -39.4,
            "roe": 0.74,
            "roe_4q": 4.319999999999999,
            "gross_profit": 360518,
            "gross_margin": 20.1,
            "gross_margin_4q_avg": 20.93,
            "net_income": 70166,
            "net_income_4q": null,
            "revenue": 1793288,
            "revenue_4q": null,
            "common_shares": 4571904,
            "book_valuer_per_share": 21.52,
            "book_valuer_per_share_4q_avg": 22.48,
            "equity": 9554556,
            "current_ratio": 271.35,
            "debt_ratio": 22.77,
            "inventory_turnover_ratio": 1.03,
            "account_receivable_turnover_ratio": 0.92,
            "reinvestment_rate": -214.65,
            "research_to_sale_ratio": null,
            "price_fair": 44.98,
            "eps_avg_yearly": 1.29,
            "eps_latest_yearly": 0.64,
            "eps_growth_yearly": 83.66
        },
        "20144": {
            "year_quarter": 20144,
            "year": 2014,
            "quarter": 4,
            "eps": 0.19,
            "eps_growth_year": 18.38,
            "eps_4q": 0.95,
            "eps_4q_growth_year": -38.62,
            "roe": 0.88,
            "roe_4q": 4.4799999999999995,
            "gross_profit": 347054,
            "gross_margin": 19.13,
            "gross_margin_4q_avg": 21.21,
            "net_income": 85220,
            "net_income_4q": null,
            "revenue": 1814230,
            "revenue_4q": null,
            "common_shares": 4571904,
            "book_valuer_per_share": 21.94,
            "book_valuer_per_share_4q_avg": 22.32,
            "equity": 9740148,
            "current_ratio": 327.38,
            "debt_ratio": 20.36,
            "inventory_turnover_ratio": 1.08,
            "account_receivable_turnover_ratio": 0.95,
            "reinvestment_rate": -199.01,
            "research_to_sale_ratio": null,
            "price_fair": 43.93,
            "eps_avg_yearly": 1.26,
            "eps_latest_yearly": 0.76,
            "eps_growth_yearly": 81.06
        },
        "20151": {
            "year_quarter": 20151,
            "year": 2015,
            "quarter": 1,
            "eps": 0.22,
            "eps_growth_year": -43.59,
            "eps_4q": 0.81,
            "eps_4q_growth_year": -45.7,
            "roe": 0.99,
            "roe_4q": 3.75,
            "gross_profit": 446311,
            "gross_margin": 22.56,
            "gross_margin_4q_avg": 21.2,
            "net_income": 96833,
            "net_income_4q": null,
            "revenue": 1978212,
            "revenue_4q": null,
            "common_shares": 4571904,
            "book_valuer_per_share": 22.07,
            "book_valuer_per_share_4q_avg": 22.1,
            "equity": 9796306,
            "current_ratio": 317.71,
            "debt_ratio": 21.18,
            "inventory_turnover_ratio": 1.27,
            "account_receivable_turnover_ratio": 0.97,
            "reinvestment_rate": -199.47,
            "research_to_sale_ratio": null,
            "price_fair": 43.75,
            "eps_avg_yearly": 1.25,
            "eps_latest_yearly": 0.88,
            "eps_growth_yearly": 90.65
        },
        "20152": {
            "year_quarter": 20152,
            "year": 2015,
            "quarter": 2,
            "eps": 0.27,
            "eps_growth_year": 12.5,
            "eps_4q": 0.83,
            "eps_4q_growth_year": -28,
            "roe": 1.25,
            "roe_4q": 3.8600000000000003,
            "gross_profit": 491148,
            "gross_margin": 24.77,
            "gross_margin_4q_avg": 21.64,
            "net_income": 122905,
            "net_income_4q": null,
            "revenue": 1982531,
            "revenue_4q": null,
            "common_shares": 4571904,
            "book_valuer_per_share": 22.09,
            "book_valuer_per_share_4q_avg": 21.91,
            "equity": 9805795,
            "current_ratio": 277.87,
            "debt_ratio": 23.7,
            "inventory_turnover_ratio": 1.24,
            "account_receivable_turnover_ratio": 0.96,
            "reinvestment_rate": -202.63,
            "research_to_sale_ratio": null,
            "price_fair": 41.74,
            "eps_avg_yearly": 1.19,
            "eps_latest_yearly": 1.08,
            "eps_growth_yearly": 69.25
        },
        "20153": {
            "year_quarter": 20153,
            "year": 2015,
            "quarter": 3,
            "eps": 0.47,
            "eps_growth_year": 193.75,
            "eps_4q": 1.15,
            "eps_4q_growth_year": 26.35,
            "roe": 2.14,
            "roe_4q": 5.26,
            "gross_profit": 493256,
            "gross_margin": 26.93,
            "gross_margin_4q_avg": 23.35,
            "net_income": 213775,
            "net_income_4q": null,
            "revenue": 1831665,
            "revenue_4q": null,
            "common_shares": 4640483,
            "book_valuer_per_share": 22.54,
            "book_valuer_per_share_4q_avg": 22.16,
            "equity": 10157516,
            "current_ratio": 317.86,
            "debt_ratio": 21.83,
            "inventory_turnover_ratio": 1.05,
            "account_receivable_turnover_ratio": 0.91,
            "reinvestment_rate": -206.46,
            "research_to_sale_ratio": null,
            "price_fair": 42.7,
            "eps_avg_yearly": 1.22,
            "eps_latest_yearly": 1.88,
            "eps_growth_yearly": 94.77
        },
        "20154": {
            "year_quarter": 20154,
            "year": 2015,
            "quarter": 4,
            "eps": 0.25,
            "eps_growth_year": 29.3,
            "eps_4q": 1.21,
            "eps_4q_growth_year": 27.01,
            "roe": 1.15,
            "roe_4q": 5.53,
            "gross_profit": 438707,
            "gross_margin": 25.16,
            "gross_margin_4q_avg": 24.86,
            "net_income": 116455,
            "net_income_4q": null,
            "revenue": 1743533,
            "revenue_4q": null,
            "common_shares": 4640483,
            "book_valuer_per_share": 22.58,
            "book_valuer_per_share_4q_avg": 22.32,
            "equity": 10172327,
            "current_ratio": 366.43,
            "debt_ratio": 23.04,
            "inventory_turnover_ratio": 1.03,
            "account_receivable_turnover_ratio": 1,
            "reinvestment_rate": -203.43,
            "research_to_sale_ratio": null,
            "price_fair": 42.61,
            "eps_avg_yearly": 1.22,
            "eps_latest_yearly": 1,
            "eps_growth_yearly": 90.01
        },
        "20161": {
            "year_quarter": 20161,
            "year": 2016,
            "quarter": 1,
            "eps": 0.25,
            "eps_growth_year": 13.64,
            "eps_4q": 1.24,
            "eps_4q_growth_year": 53.8,
            "roe": 1.1,
            "roe_4q": 5.640000000000001,
            "gross_profit": 415357,
            "gross_margin": 25.66,
            "gross_margin_4q_avg": 25.63,
            "net_income": 112191,
            "net_income_4q": null,
            "revenue": 1618783,
            "revenue_4q": null,
            "common_shares": 4640483,
            "book_valuer_per_share": 22.71,
            "book_valuer_per_share_4q_avg": 22.48,
            "equity": 10233590,
            "current_ratio": 363.19,
            "debt_ratio": 25.66,
            "inventory_turnover_ratio": 0.98,
            "account_receivable_turnover_ratio": 1.02,
            "reinvestment_rate": -210.11,
            "research_to_sale_ratio": null,
            "price_fair": 42.61,
            "eps_avg_yearly": 1.22,
            "eps_latest_yearly": 1,
            "eps_growth_yearly": 90.97
        },
        "20162": {
            "year_quarter": 20162,
            "year": 2016,
            "quarter": 2,
            "eps": 0.01,
            "eps_growth_year": -96.3,
            "eps_4q": 0.96,
            "eps_4q_growth_year": 15.27,
            "roe": 0.03,
            "roe_4q": 4.42,
            "gross_profit": 266512,
            "gross_margin": 18.99,
            "gross_margin_4q_avg": 24.19,
            "net_income": 3327,
            "net_income_4q": null,
            "revenue": 1403312,
            "revenue_4q": null,
            "common_shares": 4640483,
            "book_valuer_per_share": 22.37,
            "book_valuer_per_share_4q_avg": 22.55,
            "equity": 10078296,
            "current_ratio": 329.88,
            "debt_ratio": 29.28,
            "inventory_turnover_ratio": 0.94,
            "account_receivable_turnover_ratio": 0.87,
            "reinvestment_rate": -34.08,
            "research_to_sale_ratio": null,
            "price_fair": 39.2,
            "eps_avg_yearly": 1.12,
            "eps_latest_yearly": 0.04,
            "eps_growth_yearly": 51.97
        },
        "20163": {
            "year_quarter": 20163,
            "year": 2016,
            "quarter": 3,
            "eps": -0.23,
            "eps_growth_year": -148.94,
            "eps_4q": 0.27,
            "eps_4q_growth_year": -76.93,
            "roe": -1.05,
            "roe_4q": 1.23,
            "gross_profit": 105710,
            "gross_margin": 10.1,
            "gross_margin_4q_avg": 19.98,
            "net_income": -105274,
            "net_income_4q": null,
            "revenue": 1046389,
            "revenue_4q": null,
            "common_shares": 4733292,
            "book_valuer_per_share": 21.51,
            "book_valuer_per_share_4q_avg": 22.29,
            "equity": 9886075,
            "current_ratio": 357.67,
            "debt_ratio": 30.34,
            "inventory_turnover_ratio": 0.81,
            "account_receivable_turnover_ratio": 0.77,
            "reinvestment_rate": -25.17,
            "research_to_sale_ratio": null,
            "price_fair": 38.73,
            "eps_avg_yearly": 1.11,
            "eps_latest_yearly": 0.04,
            "eps_growth_yearly": 60.1
        },
        "20164": {
            "year_quarter": 20164,
            "year": 2016,
            "quarter": 4,
            "eps": -0.04,
            "eps_growth_year": -117.11,
            "eps_4q": -0.02,
            "eps_4q_growth_year": -101.67,
            "roe": -0.2,
            "roe_4q": -0.11999999999999988,
            "gross_profit": 199054,
            "gross_margin": 15.76,
            "gross_margin_4q_avg": 17.63,
            "net_income": -19520,
            "net_income_4q": null,
            "revenue": 1262834,
            "revenue_4q": null,
            "common_shares": 4733292,
            "book_valuer_per_share": 21.43,
            "book_valuer_per_share_4q_avg": 22.01,
            "equity": 9848963,
            "current_ratio": 340.02,
            "debt_ratio": 30.66,
            "inventory_turnover_ratio": 0.94,
            "account_receivable_turnover_ratio": 1.01,
            "reinvestment_rate": -9.38,
            "research_to_sale_ratio": null,
            "price_fair": 40.3,
            "eps_avg_yearly": 1.15,
            "eps_latest_yearly": 0.04,
            "eps_growth_yearly": 82.58
        },
        "20171": {
            "year_quarter": 20171,
            "year": 2017,
            "quarter": 1,
            "eps": -1.25,
            "eps_growth_year": -600,
            "eps_4q": -1.52,
            "eps_4q_growth_year": -221.75,
            "roe": -6.06,
            "roe_4q": -7.279999999999999,
            "gross_profit": 214241,
            "gross_margin": 17.87,
            "gross_margin_4q_avg": 15.68,
            "net_income": -574828,
            "net_income_4q": null,
            "revenue": 1199197,
            "revenue_4q": null,
            "common_shares": 4733292,
            "book_valuer_per_share": 19.83,
            "book_valuer_per_share_4q_avg": 21.29,
            "equity": 9113010,
            "current_ratio": 224.37,
            "debt_ratio": 36.58,
            "inventory_turnover_ratio": 0.88,
            "account_receivable_turnover_ratio": 0.93,
            "reinvestment_rate": 20.08,
            "research_to_sale_ratio": 1.85,
            "price_fair": 3.28,
            "eps_avg_yearly": 1.09,
            "eps_latest_yearly": 0.04,
            "eps_growth_yearly": -3.38
        },
        "20172": {
            "year_quarter": 20172,
            "year": 2017,
            "quarter": 2,
            "eps": 0.05,
            "eps_growth_year": 400,
            "eps_4q": -1.48,
            "eps_4q_growth_year": -253.93,
            "roe": 0.23,
            "roe_4q": -7.079999999999999,
            "gross_profit": 189608,
            "gross_margin": 12.05,
            "gross_margin_4q_avg": 13.95,
            "net_income": 20986,
            "net_income_4q": null,
            "revenue": 1573416,
            "revenue_4q": null,
            "common_shares": 4733292,
            "book_valuer_per_share": 19.88,
            "book_valuer_per_share_4q_avg": 20.66,
            "equity": 9134616,
            "current_ratio": 192.36,
            "debt_ratio": 40.59,
            "inventory_turnover_ratio": 1.07,
            "account_receivable_turnover_ratio": 1.12,
            "reinvestment_rate": 454.7,
            "research_to_sale_ratio": 1.17,
            "price_fair": 3.05,
            "eps_avg_yearly": 1.02,
            "eps_latest_yearly": 0.04,
            "eps_growth_yearly": -5.05
        },
        "20173": {
            "year_quarter": 20173,
            "year": 2017,
            "quarter": 3,
            "eps": -0.22,
            "eps_growth_year": null,
            "eps_4q": -1.47,
            "eps_4q_growth_year": -652.28,
            "roe": -1.11,
            "roe_4q": -7.14,
            "gross_profit": 189429,
            "gross_margin": 12.02,
            "gross_margin_4q_avg": 14.43,
            "net_income": -100873,
            "net_income_4q": null,
            "revenue": 1576290,
            "revenue_4q": null,
            "common_shares": 4733292,
            "book_valuer_per_share": 19.73,
            "book_valuer_per_share_4q_avg": 20.22,
            "equity": 9066810,
            "current_ratio": 170.02,
            "debt_ratio": 42.54,
            "inventory_turnover_ratio": 0.9,
            "account_receivable_turnover_ratio": 1.01,
            "reinvestment_rate": 856.35,
            "research_to_sale_ratio": 1.27,
            "price_fair": 2.85,
            "eps_avg_yearly": 0.95,
            "eps_latest_yearly": 0.04,
            "eps_growth_yearly": -1.15
        },
        "20174": {
            "year_quarter": 20174,
            "year": 2017,
            "quarter": 4,
            "eps": -0.09,
            "eps_growth_year": null,
            "eps_4q": -1.52,
            "eps_4q_growth_year": null,
            "roe": -0.48,
            "roe_4q": -7.42,
            "gross_profit": 96619,
            "gross_margin": 7.81,
            "gross_margin_4q_avg": 12.44,
            "net_income": -43411,
            "net_income_4q": null,
            "revenue": 1236540,
            "revenue_4q": null,
            "common_shares": 4733292,
            "book_valuer_per_share": 19.68,
            "book_valuer_per_share_4q_avg": 19.78,
            "equity": 9042963,
            "current_ratio": 184.65,
            "debt_ratio": 41.27,
            "inventory_turnover_ratio": 0.69,
            "account_receivable_turnover_ratio": 0.88,
            "reinvestment_rate": 1318.1,
            "research_to_sale_ratio": 2.25,
            "price_fair": 33.51,
            "eps_avg_yearly": 0.98,
            "eps_latest_yearly": 0.04,
            "eps_growth_yearly": 24.19
        },
        "20181": {
            "year_quarter": 20181,
            "year": 2018,
            "quarter": 1,
            "eps": -0.39,
            "eps_growth_year": null,
            "eps_4q": -0.66,
            "eps_4q_growth_year": null,
            "roe": -1.94,
            "roe_4q": -3.3000000000000003,
            "gross_profit": 101419,
            "gross_margin": 7.3,
            "gross_margin_4q_avg": 9.8,
            "net_income": -178208,
            "net_income_4q": null,
            "revenue": 1389306,
            "revenue_4q": null,
            "common_shares": 4733292,
            "book_valuer_per_share": 20.22,
            "book_valuer_per_share_4q_avg": 19.88,
            "equity": 9291258,
            "current_ratio": 184.37,
            "debt_ratio": 41.32,
            "inventory_turnover_ratio": 0.78,
            "account_receivable_turnover_ratio": 1.06,
            "reinvestment_rate": null,
            "research_to_sale_ratio": 2.56,
            "price_fair": 2.75,
            "eps_avg_yearly": 0.92,
            "eps_latest_yearly": 0.04,
            "eps_growth_yearly": -37.01
        },
        "20182": {
            "year_quarter": 20182,
            "year": 2018,
            "quarter": 2,
            "eps": -0.35,
            "eps_growth_year": -800,
            "eps_4q": -1.05,
            "eps_4q_growth_year": null,
            "roe": -1.72,
            "roe_4q": -5.250000000000001,
            "gross_profit": 118836,
            "gross_margin": 9.45,
            "gross_margin_4q_avg": 9.15,
            "net_income": -158674,
            "net_income_4q": null,
            "revenue": 1257261,
            "revenue_4q": null,
            "common_shares": 4733292,
            "book_valuer_per_share": 19.88,
            "book_valuer_per_share_4q_avg": 19.88,
            "equity": 9134554,
            "current_ratio": 198.87,
            "debt_ratio": 42.41,
            "inventory_turnover_ratio": 0.72,
            "account_receivable_turnover_ratio": 0.94,
            "reinvestment_rate": null,
            "research_to_sale_ratio": 1.95,
            "price_fair": 2.73,
            "eps_avg_yearly": 0.91,
            "eps_latest_yearly": 0.04,
            "eps_growth_yearly": -22.4
        },
        "20183": {
            "year_quarter": 20183,
            "year": 2018,
            "quarter": 3,
            "eps": -0.73,
            "eps_growth_year": null,
            "eps_4q": -1.56,
            "eps_4q_growth_year": null,
            "roe": -3.77,
            "roe_4q": -7.91,
            "gross_profit": 90781,
            "gross_margin": 7.1,
            "gross_margin_4q_avg": 7.92,
            "net_income": -334556,
            "net_income_4q": null,
            "revenue": 1278956,
            "revenue_4q": null,
            "common_shares": 4733292,
            "book_valuer_per_share": 18.77,
            "book_valuer_per_share_4q_avg": 19.64,
            "equity": 8625354,
            "current_ratio": 198.64,
            "debt_ratio": 42.43,
            "inventory_turnover_ratio": 0.83,
            "account_receivable_turnover_ratio": 0.98,
            "reinvestment_rate": null,
            "research_to_sale_ratio": 2.4,
            "price_fair": 2.85,
            "eps_avg_yearly": 0.95,
            "eps_latest_yearly": 0.04,
            "eps_growth_yearly": -6.55
        },
        "20184": {
            "year_quarter": 20184,
            "year": 2018,
            "quarter": 4,
            "eps": -1.21,
            "eps_growth_year": null,
            "eps_4q": -2.67,
            "eps_4q_growth_year": null,
            "roe": -6.65,
            "roe_4q": -14.08,
            "gross_profit": 36224,
            "gross_margin": 3.35,
            "gross_margin_4q_avg": 6.8,
            "net_income": -554130,
            "net_income_4q": null,
            "revenue": 1082590,
            "revenue_4q": null,
            "common_shares": 4733292,
            "book_valuer_per_share": 17.47,
            "book_valuer_per_share_4q_avg": 19.09,
            "equity": 8028335,
            "current_ratio": 295.06,
            "debt_ratio": 43.46,
            "inventory_turnover_ratio": 0.91,
            "account_receivable_turnover_ratio": 0.9,
            "reinvestment_rate": null,
            "research_to_sale_ratio": 2.9,
            "price_fair": 2.94,
            "eps_avg_yearly": 0.98,
            "eps_latest_yearly": 0.04,
            "eps_growth_yearly": -20.15
        },
        "20191": {
            "year_quarter": 20191,
            "year": 2019,
            "quarter": 1,
            "eps": -0.22,
            "eps_growth_year": null,
            "eps_4q": -2.5,
            "eps_4q_growth_year": null,
            "roe": -1.25,
            "roe_4q": -13.39,
            "gross_profit": 207243,
            "gross_margin": 17.84,
            "gross_margin_4q_avg": 9.44,
            "net_income": -99820,
            "net_income_4q": null,
            "revenue": 1161362,
            "revenue_4q": null,
            "common_shares": 4733292,
            "book_valuer_per_share": 17.36,
            "book_valuer_per_share_4q_avg": 18.37,
            "equity": 7976141,
            "current_ratio": 296.35,
            "debt_ratio": 44.04,
            "inventory_turnover_ratio": 0.93,
            "account_receivable_turnover_ratio": 0.99,
            "reinvestment_rate": null,
            "research_to_sale_ratio": 2.01,
            "price_fair": 3,
            "eps_avg_yearly": 1,
            "eps_latest_yearly": 0.04,
            "eps_growth_yearly": -36.81
        },
        "20192": {
            "year_quarter": 20192,
            "year": 2019,
            "quarter": 2,
            "eps": -0.25,
            "eps_growth_year": null,
            "eps_4q": -2.4,
            "eps_4q_growth_year": null,
            "roe": -1.43,
            "roe_4q": -13.1,
            "gross_profit": 154388,
            "gross_margin": 14.23,
            "gross_margin_4q_avg": 10.63,
            "net_income": -113096,
            "net_income_4q": null,
            "revenue": 1084611,
            "revenue_4q": null,
            "common_shares": 4733292,
            "book_valuer_per_share": 17.13,
            "book_valuer_per_share_4q_avg": 17.68,
            "equity": 7874726,
            "current_ratio": 294.87,
            "debt_ratio": 44.26,
            "inventory_turnover_ratio": 0.88,
            "account_receivable_turnover_ratio": 0.97,
            "reinvestment_rate": null,
            "research_to_sale_ratio": 2.49,
            "price_fair": 2.94,
            "eps_avg_yearly": 0.98,
            "eps_latest_yearly": 0.04,
            "eps_growth_yearly": -68.73
        },
        "20193": {
            "year_quarter": 20193,
            "year": 2019,
            "quarter": 3,
            "eps": -0.23,
            "eps_growth_year": null,
            "eps_4q": -1.89,
            "eps_4q_growth_year": null,
            "roe": -1.33,
            "roe_4q": -10.66,
            "gross_profit": 171240,
            "gross_margin": 14.19,
            "gross_margin_4q_avg": 12.4,
            "net_income": -103759,
            "net_income_4q": null,
            "revenue": 1206828,
            "revenue_4q": null,
            "common_shares": 4733292,
            "book_valuer_per_share": 16.76,
            "book_valuer_per_share_4q_avg": 17.18,
            "equity": 7703360,
            "current_ratio": 282.78,
            "debt_ratio": 44.73,
            "inventory_turnover_ratio": 1.05,
            "account_receivable_turnover_ratio": 1.16,
            "reinvestment_rate": null,
            "research_to_sale_ratio": 2.24,
            "price_fair": 2.04,
            "eps_avg_yearly": 0.68,
            "eps_latest_yearly": 0.04,
            "eps_growth_yearly": -190.41
        },
        "20194": {
            "year_quarter": 20194,
            "year": 2019,
            "quarter": 4,
            "eps": -0.77,
            "eps_growth_year": null,
            "eps_4q": -1.46,
            "eps_4q_growth_year": null,
            "roe": -4.7,
            "roe_4q": -8.71,
            "gross_profit": 152944,
            "gross_margin": 14.05,
            "gross_margin_4q_avg": 15.08,
            "net_income": -352888,
            "net_income_4q": null,
            "revenue": 1088201,
            "revenue_4q": null,
            "common_shares": 4733292,
            "book_valuer_per_share": 15.93,
            "book_valuer_per_share_4q_avg": 16.8,
            "equity": 7319790,
            "current_ratio": 272.12,
            "debt_ratio": 46.19,
            "inventory_turnover_ratio": 0.95,
            "account_receivable_turnover_ratio": 1.11,
            "reinvestment_rate": null,
            "research_to_sale_ratio": 2.99,
            "price_fair": 1.56,
            "eps_avg_yearly": 0.52,
            "eps_latest_yearly": 0.04,
            "eps_growth_yearly": -192
        },
        "20201": {
            "year_quarter": 20201,
            "year": 2020,
            "quarter": 1,
            "eps": 0.01,
            "eps_growth_year": null,
            "eps_4q": -1.24,
            "eps_4q_growth_year": null,
            "roe": 0.02,
            "roe_4q": -7.44,
            "gross_profit": 255047,
            "gross_margin": 19.05,
            "gross_margin_4q_avg": 15.38,
            "net_income": 1754,
            "net_income_4q": null,
            "revenue": 1339052,
            "revenue_4q": null,
            "common_shares": 4733292,
            "book_valuer_per_share": 15.95,
            "book_valuer_per_share_4q_avg": 16.44,
            "equity": 7331235,
            "current_ratio": 245.08,
            "debt_ratio": 46.82,
            "inventory_turnover_ratio": 1.02,
            "account_receivable_turnover_ratio": 1.29,
            "reinvestment_rate": null,
            "research_to_sale_ratio": 2.34,
            "price_fair": 0.12,
            "eps_avg_yearly": 0.04,
            "eps_latest_yearly": 0.04,
            "eps_growth_yearly": -384
        },
        "20202": {
            "year_quarter": 20202,
            "year": 2020,
            "quarter": 2,
            "eps": 0,
            "eps_growth_year": null,
            "eps_4q": -0.99,
            "eps_4q_growth_year": null,
            "roe": 0.01,
            "roe_4q": -6,
            "gross_profit": 229418,
            "gross_margin": 21.05,
            "gross_margin_4q_avg": 17.09,
            "net_income": 391,
            "net_income_4q": null,
            "revenue": 1089833,
            "revenue_4q": null,
            "common_shares": 4733292,
            "book_valuer_per_share": 15.93,
            "book_valuer_per_share_4q_avg": 16.14,
            "equity": 7323177,
            "current_ratio": 252.21,
            "debt_ratio": 46.52,
            "inventory_turnover_ratio": 0.8,
            "account_receivable_turnover_ratio": 1.05,
            "reinvestment_rate": null,
            "research_to_sale_ratio": 3.08,
            "price_fair": 0,
            "eps_avg_yearly": 0,
            "eps_latest_yearly": 0,
            "eps_growth_yearly": 0
        },
        "20203": {
            "year_quarter": 20203,
            "year": 2020,
            "quarter": 3,
            "eps": 0.22,
            "eps_growth_year": null,
            "eps_4q": -0.53,
            "eps_4q_growth_year": null,
            "roe": 1.43,
            "roe_4q": -3.24,
            "gross_profit": 488434,
            "gross_margin": 25.75,
            "gross_margin_4q_avg": 19.98,
            "net_income": 105814,
            "net_income_4q": null,
            "revenue": 1896602,
            "revenue_4q": null,
            "common_shares": 4733292,
            "book_valuer_per_share": 16.27,
            "book_valuer_per_share_4q_avg": 16.02,
            "equity": 7477139,
            "current_ratio": 228.41,
            "debt_ratio": 47.23,
            "inventory_turnover_ratio": 1.41,
            "account_receivable_turnover_ratio": 1.59,
            "reinvestment_rate": null,
            "research_to_sale_ratio": 1.49,
            "price_fair": 0,
            "eps_avg_yearly": 0,
            "eps_latest_yearly": 0,
            "eps_growth_yearly": 0
        },
        "20204": {
            "year_quarter": 20204,
            "year": 2020,
            "quarter": 4,
            "eps": 0.01,
            "eps_growth_year": null,
            "eps_4q": 0.24,
            "eps_4q_growth_year": null,
            "roe": 0.05,
            "roe_4q": 1.51,
            "gross_profit": 329120,
            "gross_margin": 23.86,
            "gross_margin_4q_avg": 22.43,
            "net_income": 3518,
            "net_income_4q": null,
            "revenue": 1379176,
            "revenue_4q": null,
            "common_shares": 4733292,
            "book_valuer_per_share": 16.41,
            "book_valuer_per_share_4q_avg": 16.14,
            "equity": 7543425,
            "current_ratio": 199.95,
            "debt_ratio": 48.25,
            "inventory_turnover_ratio": 1.12,
            "account_receivable_turnover_ratio": 1.04,
            "reinvestment_rate": null,
            "research_to_sale_ratio": 2.21,
            "price_fair": 0.12,
            "eps_avg_yearly": 0.04,
            "eps_latest_yearly": 0.04,
            "eps_growth_yearly": -381.82
        },
        "20211": {
            "year_quarter": 20211,
            "year": 2021,
            "quarter": 1,
            "eps": -0.58,
            "eps_growth_year": -5900,
            "eps_4q": -0.34,
            "eps_4q_growth_year": null,
            "roe": -3.56,
            "roe_4q": -2.0700000000000003,
            "gross_profit": -15340,
            "gross_margin": -2.79,
            "gross_margin_4q_avg": 16.97,
            "net_income": -265452,
            "net_income_4q": null,
            "revenue": 548931,
            "revenue_4q": null,
            "common_shares": 4733292,
            "book_valuer_per_share": 16.03,
            "book_valuer_per_share_4q_avg": 16.16,
            "equity": 7367335,
            "current_ratio": 201.37,
            "debt_ratio": 48.19,
            "inventory_turnover_ratio": 0.51,
            "account_receivable_turnover_ratio": 0.64,
            "reinvestment_rate": null,
            "research_to_sale_ratio": 4.75,
            "price_fair": 0.12,
            "eps_avg_yearly": 0.04,
            "eps_latest_yearly": 0.04,
            "eps_growth_yearly": -381.82
        },
        "20212": {
            "year_quarter": 20212,
            "year": 2021,
            "quarter": 2,
            "eps": -2.5,
            "eps_growth_year": null,
            "eps_4q": -2.84,
            "eps_4q_growth_year": null,
            "roe": -16.98,
            "roe_4q": -19.06,
            "gross_profit": -364879,
            "gross_margin": -109.19,
            "gross_margin_4q_avg": -15.59,
            "net_income": -1149551,
            "net_income_4q": null,
            "revenue": 334159,
            "revenue_4q": null,
            "common_shares": 4733292,
            "book_valuer_per_share": 13.44,
            "book_valuer_per_share_4q_avg": 15.54,
            "equity": 6174458,
            "current_ratio": 144.74,
            "debt_ratio": 52.32,
            "inventory_turnover_ratio": 0.61,
            "account_receivable_turnover_ratio": 0.78,
            "reinvestment_rate": null,
            "research_to_sale_ratio": 7.4,
            "price_fair": 0.12,
            "eps_avg_yearly": 0.04,
            "eps_latest_yearly": 0.04,
            "eps_growth_yearly": -381.82
        },
        "20213": {
            "year_quarter": 20213,
            "year": 2021,
            "quarter": 3,
            "eps": -0.98,
            "eps_growth_year": -545.45,
            "eps_4q": -4.05,
            "eps_4q_growth_year": null,
            "roe": -7.56,
            "roe_4q": -28.049999999999997,
            "gross_profit": -188055,
            "gross_margin": -54.58,
            "gross_margin_4q_avg": -35.68,
            "net_income": -450660,
            "net_income_4q": null,
            "revenue": 344540,
            "revenue_4q": null,
            "common_shares": 4733292,
            "book_valuer_per_share": 12.5,
            "book_valuer_per_share_4q_avg": 14.6,
            "equity": 5745952,
            "current_ratio": 283.94,
            "debt_ratio": 52.66,
            "inventory_turnover_ratio": 0.58,
            "account_receivable_turnover_ratio": 1.1,
            "reinvestment_rate": null,
            "research_to_sale_ratio": 11.21,
            "price_fair": 0.12,
            "eps_avg_yearly": 0.04,
            "eps_latest_yearly": 0.04,
            "eps_growth_yearly": -381.82
        },
        "20214": {
            "year_quarter": 20214,
            "year": 2021,
            "quarter": 4,
            "eps": -1.05,
            "eps_growth_year": -13866.23,
            "eps_4q": -5.11,
            "eps_4q_growth_year": -2208.03,
            "roe": -8.76,
            "roe_4q": -36.86,
            "gross_profit": -166560,
            "gross_margin": -49.93,
            "gross_margin_4q_avg": -54.12,
            "net_income": -484301,
            "net_income_4q": null,
            "revenue": 333611,
            "revenue_4q": null,
            "common_shares": 4733292,
            "book_valuer_per_share": 11.55,
            "book_valuer_per_share_4q_avg": 13.38,
            "equity": 5308025,
            "current_ratio": 275.99,
            "debt_ratio": 54.13,
            "inventory_turnover_ratio": 0.75,
            "account_receivable_turnover_ratio": 1.01,
            "reinvestment_rate": null,
            "research_to_sale_ratio": 11.22,
            "price_fair": 0.12,
            "eps_avg_yearly": 0.04,
            "eps_latest_yearly": 0.04,
            "eps_growth_yearly": -381.82
        },
        "20221": {
            "year_quarter": 20221,
            "year": 2022,
            "quarter": 1,
            "eps": -0.37,
            "eps_growth_year": null,
            "eps_4q": -4.9,
            "eps_4q_growth_year": null,
            "roe": -3.2,
            "roe_4q": -36.5,
            "gross_profit": -17240,
            "gross_margin": -4.88,
            "gross_margin_4q_avg": -54.65,
            "net_income": -167893,
            "net_income_4q": null,
            "revenue": 353463,
            "revenue_4q": null,
            "common_shares": 4733292,
            "book_valuer_per_share": 11.27,
            "book_valuer_per_share_4q_avg": 12.19,
            "equity": 5179113,
            "current_ratio": 259.72,
            "debt_ratio": 54.81,
            "inventory_turnover_ratio": 0.65,
            "account_receivable_turnover_ratio": 1.07,
            "reinvestment_rate": null,
            "research_to_sale_ratio": 5.67,
            "price_fair": 0.12,
            "eps_avg_yearly": 0.04,
            "eps_latest_yearly": 0.04,
            "eps_growth_yearly": -381.82
        },
        "20222": {
            "year_quarter": 20222,
            "year": 2022,
            "quarter": 2,
            "eps": -0.32,
            "eps_growth_year": null,
            "eps_4q": -2.72,
            "eps_4q_growth_year": null,
            "roe": -2.9,
            "roe_4q": -22.419999999999998,
            "gross_profit": 6564,
            "gross_margin": 1.7,
            "gross_margin_4q_avg": -26.92,
            "net_income": -147861,
            "net_income_4q": null,
            "revenue": 386067,
            "revenue_4q": null,
            "common_shares": 4733292,
            "book_valuer_per_share": 10.92,
            "book_valuer_per_share_4q_avg": 11.56,
            "equity": 5020066,
            "current_ratio": 239.68,
            "debt_ratio": 55.84,
            "inventory_turnover_ratio": 0.64,
            "account_receivable_turnover_ratio": 1.21,
            "reinvestment_rate": null,
            "research_to_sale_ratio": 5.43,
            "price_fair": 0.12,
            "eps_avg_yearly": 0.04,
            "eps_latest_yearly": 0.04,
            "eps_growth_yearly": -381.82
        },
        "20223": {
            "year_quarter": 20223,
            "year": 2022,
            "quarter": 3,
            "eps": -0.28,
            "eps_growth_year": null,
            "eps_4q": -2.02,
            "eps_4q_growth_year": null,
            "roe": -2.55,
            "roe_4q": -17.409999999999997,
            "gross_profit": 40357,
            "gross_margin": 7.68,
            "gross_margin_4q_avg": -11.36,
            "net_income": -126494,
            "net_income_4q": null,
            "revenue": 525237,
            "revenue_4q": null,
            "common_shares": 4733292,
            "book_valuer_per_share": 10.68,
            "book_valuer_per_share_4q_avg": 11.11,
            "equity": 4907410,
            "current_ratio": 233.84,
            "debt_ratio": 56.03,
            "inventory_turnover_ratio": 0.87,
            "account_receivable_turnover_ratio": 1.44,
            "reinvestment_rate": null,
            "research_to_sale_ratio": 3.71,
            "price_fair": 0.12,
            "eps_avg_yearly": 0.04,
            "eps_latest_yearly": 0.04,
            "eps_growth_yearly": -381.82
        },
        "20224": {
            "year_quarter": 20224,
            "year": 2022,
            "quarter": 4,
            "eps": -1.99,
            "eps_growth_year": null,
            "eps_4q": -2.95,
            "eps_4q_growth_year": null,
            "roe": -20.57,
            "roe_4q": -29.22,
            "gross_profit": -60747,
            "gross_margin": -17.31,
            "gross_margin_4q_avg": -3.2,
            "net_income": -913962,
            "net_income_4q": null,
            "revenue": 350865,
            "revenue_4q": null,
            "common_shares": 4733292,
            "book_valuer_per_share": 8.66,
            "book_valuer_per_share_4q_avg": 10.38,
            "equity": 3980352,
            "current_ratio": 253.66,
            "debt_ratio": 60.27,
            "inventory_turnover_ratio": 0.87,
            "account_receivable_turnover_ratio": 1.12,
            "reinvestment_rate": null,
            "research_to_sale_ratio": 5.3,
            "price_fair": 0.12,
            "eps_avg_yearly": 0.04,
            "eps_latest_yearly": 0.04,
            "eps_growth_yearly": -381.82
        },
        "20231": {
            "year_quarter": 20231,
            "year": 2023,
            "quarter": 1,
            "eps": -1.07,
            "eps_growth_year": null,
            "eps_4q": -3.66,
            "eps_4q_growth_year": null,
            "roe": -13.17,
            "roe_4q": -39.19,
            "gross_profit": -58853,
            "gross_margin": -21.29,
            "gross_margin_4q_avg": -7.31,
            "net_income": -492113,
            "net_income_4q": null,
            "revenue": 276402,
            "revenue_4q": null,
            "common_shares": 4733292,
            "book_valuer_per_share": 7.6,
            "book_valuer_per_share_4q_avg": 9.47,
            "equity": 3493224,
            "current_ratio": 120.16,
            "debt_ratio": 63.99,
            "inventory_turnover_ratio": 0.99,
            "account_receivable_turnover_ratio": 1.2,
            "reinvestment_rate": null,
            "research_to_sale_ratio": 4.91,
            "price_fair": 0.12,
            "eps_avg_yearly": 0.04,
            "eps_latest_yearly": 0.04,
            "eps_growth_yearly": -381.82
        },
        "20232": {
            "year_quarter": 20232,
            "year": 2023,
            "quarter": 2,
            "eps": -0.61,
            "eps_growth_year": null,
            "eps_4q": -3.94,
            "eps_4q_growth_year": null,
            "roe": -8.33,
            "roe_4q": -44.62,
            "gross_profit": -89663,
            "gross_margin": -80.4,
            "gross_margin_4q_avg": -27.83,
            "net_income": -278174,
            "net_income_4q": null,
            "revenue": 111527,
            "revenue_4q": null,
            "common_shares": 4733292,
            "book_valuer_per_share": 6.92,
            "book_valuer_per_share_4q_avg": 8.47,
            "equity": 3182140,
            "current_ratio": 161.91,
            "debt_ratio": 66.04,
            "inventory_turnover_ratio": 1.07,
            "account_receivable_turnover_ratio": 0.62,
            "reinvestment_rate": null,
            "research_to_sale_ratio": 8.66,
            "price_fair": 0.12,
            "eps_avg_yearly": 0.04,
            "eps_latest_yearly": 0.04,
            "eps_growth_yearly": -381.82
        },
        "20233": {
            "year_quarter": 20233,
            "year": 2023,
            "quarter": 3,
            "eps": -0.51,
            "eps_growth_year": null,
            "eps_4q": -4.17,
            "eps_4q_growth_year": null,
            "roe": -4.21,
            "roe_4q": -46.28,
            "gross_profit": -68275,
            "gross_margin": -149.79,
            "gross_margin_4q_avg": -67.2,
            "net_income": -233526,
            "net_income_4q": null,
            "revenue": 45579,
            "revenue_4q": null,
            "common_shares": 4733292,
            "book_valuer_per_share": 17.24,
            "book_valuer_per_share_4q_avg": 10.11,
            "equity": 7923993,
            "current_ratio": 172.21,
            "debt_ratio": 46.17,
            "inventory_turnover_ratio": 1.08,
            "account_receivable_turnover_ratio": 0.49,
            "reinvestment_rate": null,
            "research_to_sale_ratio": 42.51,
            "price_fair": 0.12,
            "eps_avg_yearly": 0.04,
            "eps_latest_yearly": 0.04,
            "eps_growth_yearly": -381.82
        }
    },
    "months": {
        "2001-06": {
            "month": "2001-06",
            "price": "8.59",
            "revenue": 249031
        },
        "2001-07": {
            "month": "2001-07",
            "price": "7.55",
            "revenue": 271795
        },
        "2001-08": {
            "month": "2001-08",
            "price": "7.99",
            "revenue": 270883
        },
        "2001-09": {
            "month": "2001-09",
            "price": "8.30",
            "revenue": 256308
        },
        "2001-10": {
            "month": "2001-10",
            "price": "7.50",
            "revenue": 286148
        },
        "2001-11": {
            "month": "2001-11",
            "price": "8.13",
            "revenue": 283374
        },
        "2001-12": {
            "month": "2001-12",
            "price": "10.29",
            "revenue": 255651
        },
        "2002-01": {
            "month": "2002-01",
            "price": "15.94",
            "revenue": 266895
        },
        "2002-02": {
            "month": "2002-02",
            "price": "14.90",
            "revenue": 213659
        },
        "2002-03": {
            "month": "2002-03",
            "price": "16.07",
            "revenue": 303452
        },
        "2002-04": {
            "month": "2002-04",
            "price": "21.78",
            "revenue": 274574
        },
        "2002-05": {
            "month": "2002-05",
            "price": "19.68",
            "revenue": 292794
        },
        "2002-06": {
            "month": "2002-06",
            "price": "22.64",
            "revenue": 300590
        },
        "2002-07": {
            "month": "2002-07",
            "price": "22.50",
            "revenue": 337306
        },
        "2002-08": {
            "month": "2002-08",
            "price": "22.65",
            "revenue": 300688
        },
        "2002-09": {
            "month": "2002-09",
            "price": "18.47",
            "revenue": 342052
        },
        "2002-10": {
            "month": "2002-10",
            "price": "17.90",
            "revenue": 307354
        },
        "2002-11": {
            "month": "2002-11",
            "price": "24.52",
            "revenue": 319686
        },
        "2002-12": {
            "month": "2002-12",
            "price": "24.32",
            "revenue": 306449
        },
        "2003-01": {
            "month": "2003-01",
            "price": "26.44",
            "revenue": 301870
        },
        "2003-02": {
            "month": "2003-02",
            "price": "23.78",
            "revenue": 242601
        },
        "2003-03": {
            "month": "2003-03",
            "price": "22.08",
            "revenue": 367471
        },
        "2003-04": {
            "month": "2003-04",
            "price": "21.83",
            "revenue": 383265
        },
        "2003-05": {
            "month": "2003-05",
            "price": "22.06",
            "revenue": 375647
        },
        "2003-06": {
            "month": "2003-06",
            "price": "26.60",
            "revenue": 352225
        },
        "2003-07": {
            "month": "2003-07",
            "price": "27.60",
            "revenue": 315167
        },
        "2003-08": {
            "month": "2003-08",
            "price": "27.97",
            "revenue": 325647
        },
        "2003-09": {
            "month": "2003-09",
            "price": "28.23",
            "revenue": 319647
        },
        "2003-10": {
            "month": "2003-10",
            "price": "28.51",
            "revenue": 266785
        },
        "2003-11": {
            "month": "2003-11",
            "price": "30.72",
            "revenue": 282601
        },
        "2003-12": {
            "month": "2003-12",
            "price": "29.34",
            "revenue": 293630
        },
        "2004-01": {
            "month": "2004-01",
            "price": "30.19",
            "revenue": 231062
        },
        "2004-02": {
            "month": "2004-02",
            "price": "33.27",
            "revenue": 324080
        },
        "2004-03": {
            "month": "2004-03",
            "price": "31.47",
            "revenue": 333688
        },
        "2004-04": {
            "month": "2004-04",
            "price": "27.44",
            "revenue": 334931
        },
        "2004-05": {
            "month": "2004-05",
            "price": "22.38",
            "revenue": 375234
        },
        "2004-06": {
            "month": "2004-06",
            "price": "21.65",
            "revenue": 327937
        },
        "2004-07": {
            "month": "2004-07",
            "price": "21.66",
            "revenue": 330845
        },
        "2004-08": {
            "month": "2004-08",
            "price": "19.88",
            "revenue": 303540
        },
        "2004-09": {
            "month": "2004-09",
            "price": "20.95",
            "revenue": 299482
        },
        "2004-10": {
            "month": "2004-10",
            "price": "20.80",
            "revenue": 353972
        },
        "2004-11": {
            "month": "2004-11",
            "price": "19.61",
            "revenue": 361259
        },
        "2004-12": {
            "month": "2004-12",
            "price": "19.88",
            "revenue": 364159
        },
        "2005-01": {
            "month": "2005-01",
            "price": "20.66",
            "revenue": 358988
        },
        "2005-02": {
            "month": "2005-02",
            "price": "20.19",
            "revenue": 272397
        },
        "2005-03": {
            "month": "2005-03",
            "price": "20.99",
            "revenue": 405912
        },
        "2005-04": {
            "month": "2005-04",
            "price": "18.61",
            "revenue": 355009
        },
        "2005-05": {
            "month": "2005-05",
            "price": "17.20",
            "revenue": 371978
        },
        "2005-06": {
            "month": "2005-06",
            "price": "17.95",
            "revenue": 365151
        },
        "2005-07": {
            "month": "2005-07",
            "price": "18.54",
            "revenue": 313821
        },
        "2005-08": {
            "month": "2005-08",
            "price": "17.12",
            "revenue": 349465
        },
        "2005-09": {
            "month": "2005-09",
            "price": "16.26",
            "revenue": 353347
        },
        "2005-10": {
            "month": "2005-10",
            "price": "13.98",
            "revenue": 316141
        },
        "2005-11": {
            "month": "2005-11",
            "price": "14.18",
            "revenue": 343298
        },
        "2005-12": {
            "month": "2005-12",
            "price": "14.98",
            "revenue": 345752
        },
        "2006-01": {
            "month": "2006-01",
            "price": "15.17",
            "revenue": 327692
        },
        "2006-02": {
            "month": "2006-02",
            "price": "14.58",
            "revenue": 337892
        },
        "2006-03": {
            "month": "2006-03",
            "price": "13.81",
            "revenue": 451047
        },
        "2006-04": {
            "month": "2006-04",
            "price": "15.95",
            "revenue": 375894
        },
        "2006-05": {
            "month": "2006-05",
            "price": "24.13",
            "revenue": 382062
        },
        "2006-06": {
            "month": "2006-06",
            "price": "20.52",
            "revenue": 385384
        },
        "2006-07": {
            "month": "2006-07",
            "price": "20.36",
            "revenue": 317435
        },
        "2006-08": {
            "month": "2006-08",
            "price": "20.00",
            "revenue": 401641
        },
        "2006-09": {
            "month": "2006-09",
            "price": "20.31",
            "revenue": 389750
        },
        "2006-10": {
            "month": "2006-10",
            "price": "23.14",
            "revenue": 336621
        },
        "2006-11": {
            "month": "2006-11",
            "price": "22.77",
            "revenue": 390619
        },
        "2006-12": {
            "month": "2006-12",
            "price": "24.95",
            "revenue": 394969
        },
        "2007-01": {
            "month": "2007-01",
            "price": "24.57",
            "revenue": 403871
        },
        "2007-02": {
            "month": "2007-02",
            "price": "23.80",
            "revenue": 295622
        },
        "2007-03": {
            "month": "2007-03",
            "price": "23.05",
            "revenue": 452482
        },
        "2007-04": {
            "month": "2007-04",
            "price": "23.40",
            "revenue": 365411
        },
        "2007-05": {
            "month": "2007-05",
            "price": "22.16",
            "revenue": 501173
        },
        "2007-06": {
            "month": "2007-06",
            "price": "22.80",
            "revenue": 476614
        },
        "2007-07": {
            "month": "2007-07",
            "price": "26.00",
            "revenue": 462894
        },
        "2007-08": {
            "month": "2007-08",
            "price": "22.48",
            "revenue": 440028
        },
        "2007-09": {
            "month": "2007-09",
            "price": "22.99",
            "revenue": 377357
        },
        "2007-10": {
            "month": "2007-10",
            "price": "22.84",
            "revenue": 359459
        },
        "2007-11": {
            "month": "2007-11",
            "price": "19.87",
            "revenue": 385665
        },
        "2007-12": {
            "month": "2007-12",
            "price": "17.57",
            "revenue": 399176
        },
        "2008-01": {
            "month": "2008-01",
            "price": "17.87",
            "revenue": 406705
        },
        "2008-02": {
            "month": "2008-02",
            "price": "19.25",
            "revenue": 341894
        },
        "2008-03": {
            "month": "2008-03",
            "price": "22.29",
            "revenue": 457481
        },
        "2008-04": {
            "month": "2008-04",
            "price": "24.28",
            "revenue": 424369
        },
        "2008-05": {
            "month": "2008-05",
            "price": "23.30",
            "revenue": 441621
        },
        "2008-06": {
            "month": "2008-06",
            "price": "19.45",
            "revenue": 411083
        },
        "2008-07": {
            "month": "2008-07",
            "price": "16.10",
            "revenue": 422990
        },
        "2008-08": {
            "month": "2008-08",
            "price": "15.62",
            "revenue": 431002
        },
        "2008-09": {
            "month": "2008-09",
            "price": "12.43",
            "revenue": 470972
        },
        "2008-10": {
            "month": "2008-10",
            "price": "11.21",
            "revenue": 383315
        },
        "2008-11": {
            "month": "2008-11",
            "price": "10.68",
            "revenue": 238041
        },
        "2008-12": {
            "month": "2008-12",
            "price": "10.81",
            "revenue": 231026
        },
        "2009-01": {
            "month": "2009-01",
            "price": "10.24",
            "revenue": 167361
        },
        "2009-02": {
            "month": "2009-02",
            "price": "9.80",
            "revenue": 264872
        },
        "2009-03": {
            "month": "2009-03",
            "price": "11.00",
            "revenue": 334667
        },
        "2009-04": {
            "month": "2009-04",
            "price": "12.67",
            "revenue": 355198
        },
        "2009-05": {
            "month": "2009-05",
            "price": "15.46",
            "revenue": 351846
        },
        "2009-06": {
            "month": "2009-06",
            "price": "15.34",
            "revenue": 373250
        },
        "2009-07": {
            "month": "2009-07",
            "price": "15.88",
            "revenue": 400291
        },
        "2009-08": {
            "month": "2009-08",
            "price": "15.74",
            "revenue": 376723
        },
        "2009-09": {
            "month": "2009-09",
            "price": "18.32",
            "revenue": 433504
        },
        "2009-10": {
            "month": "2009-10",
            "price": "25.39",
            "revenue": 459578
        },
        "2009-11": {
            "month": "2009-11",
            "price": "24.57",
            "revenue": 460978
        },
        "2009-12": {
            "month": "2009-12",
            "price": "25.45",
            "revenue": 505240
        },
        "2010-01": {
            "month": "2010-01",
            "price": "26.86",
            "revenue": 489324
        },
        "2010-02": {
            "month": "2010-02",
            "price": "22.66",
            "revenue": 385821
        },
        "2010-03": {
            "month": "2010-03",
            "price": "24.74",
            "revenue": 540549
        },
        "2010-04": {
            "month": "2010-04",
            "price": "24.80",
            "revenue": 518432
        },
        "2010-05": {
            "month": "2010-05",
            "price": "20.46",
            "revenue": 498401
        },
        "2010-06": {
            "month": "2010-06",
            "price": "19.13",
            "revenue": 497185
        },
        "2010-07": {
            "month": "2010-07",
            "price": "19.72",
            "revenue": 479953
        },
        "2010-08": {
            "month": "2010-08",
            "price": "21.07",
            "revenue": 517553
        },
        "2010-09": {
            "month": "2010-09",
            "price": "19.33",
            "revenue": 551579
        },
        "2010-10": {
            "month": "2010-10",
            "price": "19.76",
            "revenue": 557155
        },
        "2010-11": {
            "month": "2010-11",
            "price": "19.32",
            "revenue": 563810
        },
        "2010-12": {
            "month": "2010-12",
            "price": "19.62",
            "revenue": 608768
        },
        "2011-01": {
            "month": "2011-01",
            "price": "21.99",
            "revenue": 501001
        },
        "2011-02": {
            "month": "2011-02",
            "price": "20.11",
            "revenue": 466771
        },
        "2011-03": {
            "month": "2011-03",
            "price": "19.43",
            "revenue": 681646
        },
        "2011-04": {
            "month": "2011-04",
            "price": "19.44",
            "revenue": 626124
        },
        "2011-05": {
            "month": "2011-05",
            "price": "19.69",
            "revenue": 660532
        },
        "2011-06": {
            "month": "2011-06",
            "price": "18.77",
            "revenue": 640870
        },
        "2011-07": {
            "month": "2011-07",
            "price": "19.12",
            "revenue": 580146
        },
        "2011-08": {
            "month": "2011-08",
            "price": "17.42",
            "revenue": 651296
        },
        "2011-09": {
            "month": "2011-09",
            "price": "15.82",
            "revenue": 619535
        },
        "2011-10": {
            "month": "2011-10",
            "price": "15.39",
            "revenue": 531689
        },
        "2011-11": {
            "month": "2011-11",
            "price": "15.12",
            "revenue": 463358
        },
        "2011-12": {
            "month": "2011-12",
            "price": "13.97",
            "revenue": 511730
        },
        "2012-01": {
            "month": "2012-01",
            "price": "13.94",
            "revenue": 409439
        },
        "2012-02": {
            "month": "2012-02",
            "price": "16.49",
            "revenue": 501730
        },
        "2012-03": {
            "month": "2012-03",
            "price": "16.97",
            "revenue": 557309
        },
        "2012-04": {
            "month": "2012-04",
            "price": "15.17",
            "revenue": 523242
        },
        "2012-05": {
            "month": "2012-05",
            "price": "14.94",
            "revenue": 577205
        },
        "2012-06": {
            "month": "2012-06",
            "price": "14.64",
            "revenue": 461681
        },
        "2012-07": {
            "month": "2012-07",
            "price": "14.87",
            "revenue": 469260
        },
        "2012-08": {
            "month": "2012-08",
            "price": "17.55",
            "revenue": 413421
        },
        "2012-09": {
            "month": "2012-09",
            "price": "21.78",
            "revenue": 379243
        },
        "2012-10": {
            "month": "2012-10",
            "price": "21.36",
            "revenue": 403445
        },
        "2012-11": {
            "month": "2012-11",
            "price": "20.90",
            "revenue": 326054
        },
        "2012-12": {
            "month": "2012-12",
            "price": "22.12",
            "revenue": 344088
        },
        "2013-01": {
            "month": "2013-01",
            "price": "22.09",
            "revenue": 771648
        },
        "2013-02": {
            "month": "2013-02",
            "price": "21.92",
            "revenue": 589673
        },
        "2013-03": {
            "month": "2013-03",
            "price": "21.50",
            "revenue": 727043
        },
        "2013-04": {
            "month": "2013-04",
            "price": "20.14",
            "revenue": 793239
        },
        "2013-05": {
            "month": "2013-05",
            "price": "20.87",
            "revenue": 778666
        },
        "2013-06": {
            "month": "2013-06",
            "price": "22.00",
            "revenue": 685639
        },
        "2013-07": {
            "month": "2013-07",
            "price": "22.44",
            "revenue": 755215
        },
        "2013-08": {
            "month": "2013-08",
            "price": "22.58",
            "revenue": 747528
        },
        "2013-09": {
            "month": "2013-09",
            "price": "22.22",
            "revenue": 619678
        },
        "2013-10": {
            "month": "2013-10",
            "price": "23.16",
            "revenue": 608609
        },
        "2013-11": {
            "month": "2013-11",
            "price": "22.25",
            "revenue": 564426
        },
        "2013-12": {
            "month": "2013-12",
            "price": "23.15",
            "revenue": 646937
        },
        "2014-01": {
            "month": "2014-01",
            "price": "23.52",
            "revenue": 644859
        },
        "2014-02": {
            "month": "2014-02",
            "price": "23.34",
            "revenue": 652493
        },
        "2014-03": {
            "month": "2014-03",
            "price": "23.49",
            "revenue": 781974
        },
        "2014-04": {
            "month": "2014-04",
            "price": "22.72",
            "revenue": 715166
        },
        "2014-05": {
            "month": "2014-05",
            "price": "21.87",
            "revenue": 635953
        },
        "2014-06": {
            "month": "2014-06",
            "price": "21.18",
            "revenue": 626642
        },
        "2014-07": {
            "month": "2014-07",
            "price": "21.12",
            "revenue": 619747
        },
        "2014-08": {
            "month": "2014-08",
            "price": "19.30",
            "revenue": 562354
        },
        "2014-09": {
            "month": "2014-09",
            "price": "18.69",
            "revenue": 611188
        },
        "2014-10": {
            "month": "2014-10",
            "price": "17.41",
            "revenue": 581592
        },
        "2014-11": {
            "month": "2014-11",
            "price": "18.00",
            "revenue": 590162
        },
        "2014-12": {
            "month": "2014-12",
            "price": "18.48",
            "revenue": 642476
        },
        "2015-01": {
            "month": "2015-01",
            "price": "18.85",
            "revenue": 580181
        },
        "2015-02": {
            "month": "2015-02",
            "price": "18.59",
            "revenue": 579211
        },
        "2015-03": {
            "month": "2015-03",
            "price": "17.88",
            "revenue": 818819
        },
        "2015-04": {
            "month": "2015-04",
            "price": "17.71",
            "revenue": 667264
        },
        "2015-05": {
            "month": "2015-05",
            "price": "17.45",
            "revenue": 645168
        },
        "2015-06": {
            "month": "2015-06",
            "price": "16.12",
            "revenue": 670099
        },
        "2015-07": {
            "month": "2015-07",
            "price": "14.92",
            "revenue": 638548
        },
        "2015-08": {
            "month": "2015-08",
            "price": "13.70",
            "revenue": 622136
        },
        "2015-09": {
            "month": "2015-09",
            "price": "14.13",
            "revenue": 570982
        },
        "2015-10": {
            "month": "2015-10",
            "price": "14.88",
            "revenue": 667944
        },
        "2015-11": {
            "month": "2015-11",
            "price": "14.92",
            "revenue": 572620
        },
        "2015-12": {
            "month": "2015-12",
            "price": "15.12",
            "revenue": 502969
        },
        "2016-01": {
            "month": "2016-01",
            "price": "14.66",
            "revenue": 558544
        },
        "2016-02": {
            "month": "2016-02",
            "price": "15.16",
            "revenue": 451385
        },
        "2016-03": {
            "month": "2016-03",
            "price": "15.25",
            "revenue": 608854
        },
        "2016-04": {
            "month": "2016-04",
            "price": "14.69",
            "revenue": 507906
        },
        "2016-05": {
            "month": "2016-05",
            "price": "13.90",
            "revenue": 482035
        },
        "2016-06": {
            "month": "2016-06",
            "price": "13.86",
            "revenue": 413371
        },
        "2016-07": {
            "month": "2016-07",
            "price": "14.11",
            "revenue": 336538
        },
        "2016-08": {
            "month": "2016-08",
            "price": "13.94",
            "revenue": 349289
        },
        "2016-09": {
            "month": "2016-09",
            "price": "13.77",
            "revenue": 360563
        },
        "2016-10": {
            "month": "2016-10",
            "price": "13.60",
            "revenue": 401626
        },
        "2016-11": {
            "month": "2016-11",
            "price": "12.64",
            "revenue": 438042
        },
        "2016-12": {
            "month": "2016-12",
            "price": "12.83",
            "revenue": 423166
        },
        "2017-01": {
            "month": "2017-01",
            "price": "13.81",
            "revenue": 309948
        },
        "2017-02": {
            "month": "2017-02",
            "price": "16.73",
            "revenue": 319472
        },
        "2017-03": {
            "month": "2017-03",
            "price": "15.09",
            "revenue": 569778
        },
        "2017-04": {
            "month": "2017-04",
            "price": "14.13",
            "revenue": 489892
        },
        "2017-05": {
            "month": "2017-05",
            "price": "13.77",
            "revenue": 547531
        },
        "2017-06": {
            "month": "2017-06",
            "price": "13.96",
            "revenue": 535993
        },
        "2017-07": {
            "month": "2017-07",
            "price": "14.15",
            "revenue": 500375
        },
        "2017-08": {
            "month": "2017-08",
            "price": "13.83",
            "revenue": 570643
        },
        "2017-09": {
            "month": "2017-09",
            "price": "14.32",
            "revenue": 505271
        },
        "2017-10": {
            "month": "2017-10",
            "price": "14.19",
            "revenue": 425510
        },
        "2017-11": {
            "month": "2017-11",
            "price": "13.62",
            "revenue": 424124
        },
        "2017-12": {
            "month": "2017-12",
            "price": "13.26",
            "revenue": 386906
        },
        "2018-01": {
            "month": "2018-01",
            "price": "13.71",
            "revenue": 455218
        },
        "2018-02": {
            "month": "2018-02",
            "price": "12.88",
            "revenue": 352717
        },
        "2018-03": {
            "month": "2018-03",
            "price": "12.93",
            "revenue": 581371
        },
        "2018-04": {
            "month": "2018-04",
            "price": "12.90",
            "revenue": 412523
        },
        "2018-05": {
            "month": "2018-05",
            "price": "12.63",
            "revenue": 385277
        },
        "2018-06": {
            "month": "2018-06",
            "price": "12.49",
            "revenue": 459461
        },
        "2018-07": {
            "month": "2018-07",
            "price": "12.16",
            "revenue": 489890
        },
        "2018-08": {
            "month": "2018-08",
            "price": "12.04",
            "revenue": 447640
        },
        "2018-09": {
            "month": "2018-09",
            "price": "12.42",
            "revenue": 313892
        },
        "2018-10": {
            "month": "2018-10",
            "price": "12.13",
            "revenue": 360303
        },
        "2018-11": {
            "month": "2018-11",
            "price": "11.12",
            "revenue": 372161
        },
        "2018-12": {
            "month": "2018-12",
            "price": "11.15",
            "revenue": 377660
        },
        "2019-01": {
            "month": "2019-01",
            "price": "10.87",
            "revenue": 400770
        },
        "2019-02": {
            "month": "2019-02",
            "price": "11.01",
            "revenue": 334856
        },
        "2019-03": {
            "month": "2019-03",
            "price": "11.24",
            "revenue": 425736
        },
        "2019-04": {
            "month": "2019-04",
            "price": "10.96",
            "revenue": 405057
        },
        "2019-05": {
            "month": "2019-05",
            "price": "12.44",
            "revenue": 323872
        },
        "2019-06": {
            "month": "2019-06",
            "price": "12.24",
            "revenue": 355683
        },
        "2019-07": {
            "month": "2019-07",
            "price": "12.36",
            "revenue": 369935
        },
        "2019-08": {
            "month": "2019-08",
            "price": "11.63",
            "revenue": 456452
        },
        "2019-09": {
            "month": "2019-09",
            "price": "11.98",
            "revenue": 380440
        },
        "2019-10": {
            "month": "2019-10",
            "price": "13.18",
            "revenue": 380448
        },
        "2019-11": {
            "month": "2019-11",
            "price": "13.04",
            "revenue": 343756
        },
        "2019-12": {
            "month": "2019-12",
            "price": "13.50",
            "revenue": 363997
        },
        "2020-01": {
            "month": "2020-01",
            "price": "13.04",
            "revenue": 358597
        },
        "2020-02": {
            "month": "2020-02",
            "price": "11.56",
            "revenue": 436011
        },
        "2020-03": {
            "month": "2020-03",
            "price": "11.48",
            "revenue": 544444
        },
        "2020-04": {
            "month": "2020-04",
            "price": "14.80",
            "revenue": 256107
        },
        "2020-05": {
            "month": "2020-05",
            "price": "16.17",
            "revenue": 370177
        },
        "2020-06": {
            "month": "2020-06",
            "price": "17.14",
            "revenue": 463549
        },
        "2020-07": {
            "month": "2020-07",
            "price": "20.93",
            "revenue": 647298
        },
        "2020-08": {
            "month": "2020-08",
            "price": "21.97",
            "revenue": 614698
        },
        "2020-09": {
            "month": "2020-09",
            "price": "21.39",
            "revenue": 634606
        },
        "2020-10": {
            "month": "2020-10",
            "price": "20.23",
            "revenue": 520519
        },
        "2020-11": {
            "month": "2020-11",
            "price": "19.97",
            "revenue": 522850
        },
        "2020-12": {
            "month": "2020-12",
            "price": "20.42",
            "revenue": 473095
        },
        "2021-01": {
            "month": "2021-01",
            "price": "17.50",
            "revenue": 261286
        },
        "2021-02": {
            "month": "2021-02",
            "price": "17.10",
            "revenue": 168689
        },
        "2021-03": {
            "month": "2021-03",
            "price": "18.62",
            "revenue": 118956
        },
        "2021-04": {
            "month": "2021-04",
            "price": "24.76",
            "revenue": 111960
        },
        "2021-05": {
            "month": "2021-05",
            "price": "25.41",
            "revenue": 105742
        },
        "2021-06": {
            "month": "2021-06",
            "price": "29.45",
            "revenue": 116457
        },
        "2021-07": {
            "month": "2021-07",
            "price": "27.95",
            "revenue": 119970
        },
        "2021-08": {
            "month": "2021-08",
            "price": "27.67",
            "revenue": 125632
        },
        "2021-09": {
            "month": "2021-09",
            "price": "28.58",
            "revenue": 98938
        },
        "2021-10": {
            "month": "2021-10",
            "price": "28.30",
            "revenue": 95257
        },
        "2021-11": {
            "month": "2021-11",
            "price": "26.58",
            "revenue": 125995
        },
        "2021-12": {
            "month": "2021-12",
            "price": "27.86",
            "revenue": 112379
        },
        "2022-01": {
            "month": "2022-01",
            "price": "27.76",
            "revenue": 116444
        },
        "2022-02": {
            "month": "2022-02",
            "price": "28.27",
            "revenue": 102405
        },
        "2022-03": {
            "month": "2022-03",
            "price": "27.03",
            "revenue": 134614
        },
        "2022-04": {
            "month": "2022-04",
            "price": "24.95",
            "revenue": 124557
        },
        "2022-05": {
            "month": "2022-05",
            "price": "23.27",
            "revenue": 121139
        },
        "2022-06": {
            "month": "2022-06",
            "price": "20.70",
            "revenue": 140371
        },
        "2022-07": {
            "month": "2022-07",
            "price": "18.88",
            "revenue": 184842
        },
        "2022-08": {
            "month": "2022-08",
            "price": "19.87",
            "revenue": 185894
        },
        "2022-09": {
            "month": "2022-09",
            "price": "21.25",
            "revenue": 154501
        },
        "2022-10": {
            "month": "2022-10",
            "price": "19.19",
            "revenue": 132428
        },
        "2022-11": {
            "month": "2022-11",
            "price": "19.82",
            "revenue": 145219
        },
        "2022-12": {
            "month": "2022-12",
            "price": "20.81",
            "revenue": 73217
        },
        "2023-01": {
            "month": "2023-01",
            "price": "20.41",
            "revenue": 95644
        },
        "2023-02": {
            "month": "2023-02",
            "price": "20.76",
            "revenue": 89974
        },
        "2023-03": {
            "month": "2023-03",
            "price": "21.26",
            "revenue": 90784
        },
        "2023-04": {
            "month": "2023-04",
            "price": "21.19",
            "revenue": 51741
        },
        "2023-05": {
            "month": "2023-05",
            "price": "20.48",
            "revenue": 41410
        },
        "2023-06": {
            "month": "2023-06",
            "price": "19.72",
            "revenue": 18376
        },
        "2023-07": {
            "month": "2023-07",
            "price": "17.95",
            "revenue": 15377
        },
        "2023-08": {
            "month": "2023-08",
            "price": "17.31",
            "revenue": 15304
        },
        "2023-09": {
            "month": "2023-09",
            "price": "17.98",
            "revenue": 14898
        },
        "2023-10": {
            "month": "2023-10",
            "price": "17.78",
            "revenue": 11582
        },
        "2023-11": {
            "month": "2023-11",
            "price": "18.01",
            "revenue": 15445
        },
        "2023-12": {
            "month": "2023-12",
            "price": "19.51",
            "revenue": 19191
        }
    }
}
