{
    "summary": {
        "stock_name": "台橡",
        "stock_id": "2103",
        "category": "橡膠",
        "main_business": "SBR、BR、TPE、TPR橡膠。<br>上述產品之製造及其有關原物料及加工製品之進出口及銷售。<br>生產及銷售汽電共生所產生之蒸汽及工商業用電。",
        "website_url": "http://www.tsrc.com.tw",
        "ceo": "蔡偉強",
        "pe_ratio": 28,
        "report_year_from": 2001,
        "report_year_to": 2023,
        "age": 22,
        "eps_negative_percentage": 4,
        "eps_growth_avg": {
            "last_all": 2.98,
            "last_2y": -77.36,
            "last_4y": -39.09,
            "last_8y": -20.12,
            "last_12y": -13.25,
            "last_16y": -7.95,
            "last_20y": 2.98,
            "at_2006_last_3y": 66.11,
            "at_2007_last_3y": 55.65,
            "at_2008_last_3y": 26.82,
            "at_2009_last_3y": 7.96,
            "at_2010_last_3y": 16.99,
            "at_2011_last_3y": 18.39,
            "at_2012_last_3y": 7.43,
            "at_2013_last_3y": 0.48,
            "at_2014_last_3y": -16.24,
            "at_2015_last_3y": -45.83,
            "at_2016_last_3y": -9.17,
            "at_2017_last_3y": -1.14,
            "at_2018_last_3y": 14.27,
            "at_2019_last_3y": 18.55,
            "at_2020_last_3y": -28.33,
            "at_2021_last_3y": -33.88,
            "at_2022_last_3y": -64.07,
            "at_2023_last_3y": -64.07,
            "at_2006_last_all": 38.34,
            "at_2007_last_all": 41.65,
            "at_2008_last_all": 33.51,
            "at_2009_last_all": 27.33,
            "at_2010_last_all": 28.85,
            "at_2011_last_all": 32.34,
            "at_2012_last_all": 24.03,
            "at_2013_last_all": 18.38,
            "at_2014_last_all": 14.98,
            "at_2015_last_all": 10.01,
            "at_2016_last_all": 15.17,
            "at_2017_last_all": 13.5,
            "at_2018_last_all": 14.81,
            "at_2019_last_all": 11.91,
            "at_2020_last_all": 6.02,
            "at_2021_last_all": 6.02,
            "at_2022_last_all": 2.98,
            "at_2023_last_all": 2.98
        },
        "latest_eps": 0.82,
        "latest_price": 23,
        "latest_roe": 4.5,
        "latest_gross_margin": 9.04,
        "latest_equity": 20730138,
        "latest_revenue": 7742090,
        "latest_gross_profit": 699823,
        "latest_net_income": 118118,
        "latest_debt_ratio": 44.72,
        "latest_current_ratio": 158.47,
        "latest_account_receivable_turnover_ratio": 1.82,
        "latest_inventory_turnover_ratio": 0.98,
        "latest_reinvestment_rate": 24.04,
        "latest_research_to_sale_ratio": 1.33
    },
    "eps_dividends": {
        "1992": {
            "cash": 1.6,
            "stock": 0,
            "eps": 0
        },
        "1993": {
            "cash": 1,
            "stock": 0,
            "eps": 0
        },
        "1994": {
            "cash": 1.2,
            "stock": 0,
            "eps": 0
        },
        "1995": {
            "cash": 0,
            "stock": 2,
            "eps": 0
        },
        "1996": {
            "cash": 3.5,
            "stock": 0,
            "eps": 0
        },
        "1997": {
            "cash": 0,
            "stock": 3.5,
            "eps": 0
        },
        "1998": {
            "cash": 0,
            "stock": 1.5,
            "eps": 0
        },
        "2001": {
            "cash": 0,
            "stock": 0,
            "eps": 0.22
        },
        "2002": {
            "cash": 0.35,
            "stock": 0,
            "eps": 0.06
        },
        "2003": {
            "cash": 0,
            "stock": 0,
            "eps": 0.95
        },
        "2004": {
            "cash": 0.9,
            "stock": 0,
            "eps": 1.9
        },
        "2005": {
            "cash": 1.65,
            "stock": 0,
            "eps": 3.03
        },
        "2006": {
            "cash": 2,
            "stock": 0.65,
            "eps": 3.18
        },
        "2007": {
            "cash": 2.75,
            "stock": 0,
            "eps": 5.03
        },
        "2008": {
            "cash": 4.4,
            "stock": 0,
            "eps": 4.26
        },
        "2009": {
            "cash": 2.8,
            "stock": 0,
            "eps": 3.58
        },
        "2010": {
            "cash": 3.2,
            "stock": 0,
            "eps": 5.05
        },
        "2011": {
            "cash": 8.5,
            "stock": 2,
            "eps": 8.27
        },
        "2012": {
            "cash": 0,
            "stock": 0,
            "eps": 3.38
        },
        "2013": {
            "cash": 2.6,
            "stock": 0,
            "eps": 1.9
        },
        "2014": {
            "cash": 1.37,
            "stock": 0.5,
            "eps": 1.41
        },
        "2015": {
            "cash": 1.52,
            "stock": 0,
            "eps": 0.64
        },
        "2016": {
            "cash": 1.06,
            "stock": 0,
            "eps": 1.2
        },
        "2017": {
            "cash": 1,
            "stock": 0,
            "eps": 1.06
        },
        "2018": {
            "cash": 0.96,
            "stock": 0,
            "eps": 1.44
        },
        "2019": {
            "cash": 0.98,
            "stock": 0,
            "eps": 0.9
        },
        "2020": {
            "cash": 0.5,
            "stock": 0,
            "eps": -0.03
        },
        "2021": {
            "cash": 0.36,
            "stock": 0,
            "eps": 4.77
        },
        "2022": {
            "cash": 2.4,
            "stock": 0,
            "eps": 2.16
        },
        "2023": {
            "cash": 1.08,
            "stock": 0,
            "eps": 0.36
        }
    },
    "dividends": {
        "1992-05-14": {
            "cash": 1.6,
            "stock": 0
        },
        "1993-05-14": {
            "cash": 1,
            "stock": 0
        },
        "1994-04-28": {
            "cash": 1.2,
            "stock": 0
        },
        "1995-06-27": {
            "cash": 0,
            "stock": 2
        },
        "1996-06-16": {
            "cash": 3.5,
            "stock": 0
        },
        "1997-05-24": {
            "cash": 0,
            "stock": 3.5
        },
        "1998-05-26": {
            "cash": 0,
            "stock": 1.5
        },
        "2002-06-20": {
            "cash": 0.35,
            "stock": 0
        },
        "2004-04-14": {
            "cash": 0.9,
            "stock": 0
        },
        "2005-04-13": {
            "cash": 1.65,
            "stock": 0
        },
        "2006-04-12": {
            "cash": 2,
            "stock": 0.65
        },
        "2007-03-07": {
            "cash": 2.75,
            "stock": 0
        },
        "2008-03-19": {
            "cash": 4.4,
            "stock": 0
        },
        "2009-03-18": {
            "cash": 2.8,
            "stock": 0
        },
        "2010-03-17": {
            "cash": 3.2,
            "stock": 0
        },
        "2011-01-01": {
            "cash": 5,
            "stock": 1
        },
        "2011-06-10": {
            "cash": 3.5,
            "stock": 1
        },
        "2013-03-14": {
            "cash": 2.6,
            "stock": 0
        },
        "2014-06-11": {
            "cash": 1.37,
            "stock": 0.5
        },
        "2015-09-23": {
            "cash": 1.52,
            "stock": 0
        },
        "2016-09-23": {
            "cash": 1.06,
            "stock": 0
        },
        "2017-08-25": {
            "cash": 1,
            "stock": 0
        },
        "2018-08-16": {
            "cash": 0.96,
            "stock": 0
        },
        "2019-09-25": {
            "cash": 0.98,
            "stock": 0
        },
        "2020-08-20": {
            "cash": 0.5,
            "stock": 0
        },
        "2021-09-15": {
            "cash": 0.36,
            "stock": 0
        },
        "2022-08-05": {
            "cash": 2.4,
            "stock": 0
        },
        "2023-07-21": {
            "cash": 1.08,
            "stock": 0
        }
    },
    "prices": {
        "200101": "4.95",
        "200102": "5.35",
        "200103": "5.05",
        "200104": "4.39",
        "200105": "3.62",
        "200106": "3.87",
        "200107": "3.34",
        "200108": "3.85",
        "200109": "4.32",
        "200110": "3.97",
        "200111": "4.40",
        "200112": "4.61",
        "200201": "4.93",
        "200202": "5.32",
        "200203": "7.15",
        "200204": "7.81",
        "200205": "7.08",
        "200206": "8.67",
        "200207": "8.75",
        "200208": "7.18",
        "200209": "5.62",
        "200210": "5.09",
        "200211": "6.32",
        "200212": "6.57",
        "200301": "8.97",
        "200302": "8.50",
        "200303": "7.57",
        "200304": "7.06",
        "200305": "6.41",
        "200306": "8.09",
        "200307": "9.08",
        "200308": "9.40",
        "200309": "9.29",
        "200310": "11.78",
        "200311": "13.54",
        "200312": "13.66",
        "200401": "15.19",
        "200402": "14.76",
        "200403": "15.06",
        "200404": "13.77",
        "200405": "11.97",
        "200406": "12.49",
        "200407": "12.79",
        "200408": "11.20",
        "200409": "12.81",
        "200410": "12.90",
        "200411": "12.34",
        "200412": "13.35",
        "200501": "14.15",
        "200502": "15.17",
        "200503": "15.86",
        "200504": "15.60",
        "200505": "16.33",
        "200506": "16.45",
        "200507": "15.51",
        "200508": "15.41",
        "200509": "16.38",
        "200510": "16.34",
        "200511": "17.38",
        "200512": "17.69",
        "200601": "19.64",
        "200602": "20.64",
        "200603": "20.16",
        "200604": "22.28",
        "200605": "23.00",
        "200606": "21.86",
        "200607": "20.81",
        "200608": "19.31",
        "200609": "18.14",
        "200610": "19.85",
        "200611": "21.58",
        "200612": "23.03",
        "200701": "23.05",
        "200702": "23.50",
        "200703": "24.79",
        "200704": "30.01",
        "200705": "30.65",
        "200706": "34.24",
        "200707": "40.98",
        "200708": "42.66",
        "200709": "52.43",
        "200710": "49.63",
        "200711": "46.46",
        "200712": "43.05",
        "200801": "39.00",
        "200802": "39.89",
        "200803": "44.61",
        "200804": "49.33",
        "200805": "51.59",
        "200806": "48.89",
        "200807": "44.15",
        "200808": "39.43",
        "200809": "35.85",
        "200810": "26.61",
        "200811": "24.86",
        "200812": "23.79",
        "200901": "24.11",
        "200902": "25.47",
        "200903": "27.98",
        "200904": "34.63",
        "200905": "39.15",
        "200906": "38.04",
        "200907": "40.05",
        "200908": "37.52",
        "200909": "37.78",
        "200910": "38.87",
        "200911": "38.88",
        "200912": "38.62",
        "201001": "40.35",
        "201002": "37.92",
        "201003": "40.07",
        "201004": "44.28",
        "201005": "44.94",
        "201006": "44.98",
        "201007": "47.10",
        "201008": "45.71",
        "201009": "47.78",
        "201010": "54.24",
        "201011": "57.03",
        "201012": "62.00",
        "201101": "75.80",
        "201102": "73.24",
        "201103": "70.23",
        "201104": "84.69",
        "201105": "83.23",
        "201106": "86.05",
        "201107": "81.26",
        "201108": "70.89",
        "201109": "70.97",
        "201110": "74.50",
        "201111": "75.86",
        "201112": "73.05",
        "201201": "74.74",
        "201202": "77.80",
        "201203": "76.81",
        "201204": "71.50",
        "201205": "71.48",
        "201206": "72.48",
        "201207": "71.80",
        "201208": "67.70",
        "201209": "63.83",
        "201210": "63.72",
        "201211": "55.76",
        "201212": "58.74",
        "201301": "58.41",
        "201302": "60.82",
        "201303": "58.91",
        "201304": "57.50",
        "201305": "59.19",
        "201306": "58.34",
        "201307": "56.34",
        "201308": "52.12",
        "201309": "53.41",
        "201310": "54.16",
        "201311": "47.72",
        "201312": "43.79",
        "201401": "44.30",
        "201402": "41.88",
        "201403": "43.67",
        "201404": "44.92",
        "201405": "44.85",
        "201406": "42.02",
        "201407": "42.80",
        "201408": "42.32",
        "201409": "40.21",
        "201410": "34.31",
        "201411": "34.92",
        "201412": "33.52",
        "201501": "35.71",
        "201502": "36.50",
        "201503": "34.04",
        "201504": "35.04",
        "201505": "34.36",
        "201506": "30.22",
        "201507": "26.95",
        "201508": "20.90",
        "201509": "19.98",
        "201510": "22.41",
        "201511": "21.80",
        "201512": "19.90",
        "201601": "20.71",
        "201602": "24.28",
        "201603": "27.65",
        "201604": "28.93",
        "201605": "26.98",
        "201606": "27.25",
        "201607": "28.32",
        "201608": "29.01",
        "201609": "28.98",
        "201610": "31.58",
        "201611": "31.44",
        "201612": "33.10",
        "201701": "35.93",
        "201702": "37.00",
        "201703": "35.51",
        "201704": "34.08",
        "201705": "32.65",
        "201706": "34.02",
        "201707": "35.85",
        "201708": "32.72",
        "201709": "32.54",
        "201710": "33.68",
        "201711": "35.57",
        "201712": "36.53",
        "201801": "36.67",
        "201802": "33.18",
        "201803": "31.24",
        "201804": "30.10",
        "201805": "31.25",
        "201806": "31.59",
        "201807": "31.49",
        "201808": "31.55",
        "201809": "32.18",
        "201810": "30.93",
        "201811": "28.13",
        "201812": "27.31",
        "201901": "27.81",
        "201902": "28.08",
        "201903": "27.73",
        "201904": "28.20",
        "201905": "27.88",
        "201906": "27.57",
        "201907": "27.57",
        "201908": "25.23",
        "201909": "24.66",
        "201910": "24.34",
        "201911": "24.32",
        "201912": "24.14",
        "202001": "23.88",
        "202002": "22.04",
        "202003": "17.22",
        "202004": "15.60",
        "202005": "16.43",
        "202006": "17.41",
        "202007": "16.68",
        "202008": "16.60",
        "202009": "18.08",
        "202010": "20.76",
        "202011": "21.15",
        "202012": "22.90",
        "202101": "20.75",
        "202102": "24.37",
        "202103": "28.06",
        "202104": "31.12",
        "202105": "32.01",
        "202106": "34.61",
        "202107": "32.30",
        "202108": "31.07",
        "202109": "30.42",
        "202110": "30.49",
        "202111": "32.23",
        "202112": "37.42",
        "202201": "38.31",
        "202202": "36.95",
        "202203": "34.43",
        "202204": "32.68",
        "202205": "30.10",
        "202206": "30.67",
        "202207": "26.89",
        "202208": "27.72",
        "202209": "27.23",
        "202210": "26.56",
        "202211": "26.79",
        "202212": "27.42",
        "202301": "27.62",
        "202302": "29.12",
        "202303": "28.23",
        "202304": "27.93",
        "202305": "26.59",
        "202306": "26.27",
        "202307": "25.21",
        "202308": "23.85",
        "202309": "24.26",
        "202310": "23.46"
    },
    "quarters": {
        "20011": {
            "year_quarter": 20011,
            "year": 2001,
            "quarter": 1,
            "eps": -0.04,
            "eps_growth_year": null,
            "eps_4q": -0.36,
            "eps_4q_growth_year": null,
            "roe": -0.32,
            "roe_4q": -0.32,
            "gross_profit": 122114,
            "gross_margin": 9.32,
            "gross_margin_4q_avg": 9.32,
            "net_income": -23158,
            "net_income_4q": null,
            "revenue": 1309533,
            "revenue_4q": null,
            "common_shares": 6095114,
            "book_valuer_per_share": 11.6,
            "book_valuer_per_share_4q_avg": 11.6,
            "equity": 7069470,
            "current_ratio": 143.85,
            "debt_ratio": 35.24,
            "inventory_turnover_ratio": 1.13,
            "account_receivable_turnover_ratio": null,
            "reinvestment_rate": null,
            "research_to_sale_ratio": null,
            "price_fair": 0,
            "eps_avg_yearly": 0,
            "eps_latest_yearly": 0,
            "eps_growth_yearly": 0
        },
        "20012": {
            "year_quarter": 20012,
            "year": 2001,
            "quarter": 2,
            "eps": 0,
            "eps_growth_year": null,
            "eps_4q": -0.28,
            "eps_4q_growth_year": null,
            "roe": -0.02,
            "roe_4q": -0.34,
            "gross_profit": 207288,
            "gross_margin": 14.01,
            "gross_margin_4q_avg": 11.67,
            "net_income": -1647,
            "net_income_4q": null,
            "revenue": 1479669,
            "revenue_4q": null,
            "common_shares": 6095114,
            "book_valuer_per_share": 11.61,
            "book_valuer_per_share_4q_avg": 11.61,
            "equity": 7076697,
            "current_ratio": 136.28,
            "debt_ratio": 35.76,
            "inventory_turnover_ratio": 1.57,
            "account_receivable_turnover_ratio": null,
            "reinvestment_rate": null,
            "research_to_sale_ratio": null,
            "price_fair": 0,
            "eps_avg_yearly": 0,
            "eps_latest_yearly": 0,
            "eps_growth_yearly": 0
        },
        "20013": {
            "year_quarter": 20013,
            "year": 2001,
            "quarter": 3,
            "eps": 0.19,
            "eps_growth_year": null,
            "eps_4q": -0.07,
            "eps_4q_growth_year": null,
            "roe": 1.61,
            "roe_4q": 1.27,
            "gross_profit": 272551,
            "gross_margin": 18.43,
            "gross_margin_4q_avg": 13.92,
            "net_income": 114206,
            "net_income_4q": null,
            "revenue": 1478477,
            "revenue_4q": null,
            "common_shares": 6095114,
            "book_valuer_per_share": 11.74,
            "book_valuer_per_share_4q_avg": 11.65,
            "equity": 7152641,
            "current_ratio": 132.38,
            "debt_ratio": 35.14,
            "inventory_turnover_ratio": 1.49,
            "account_receivable_turnover_ratio": null,
            "reinvestment_rate": null,
            "research_to_sale_ratio": null,
            "price_fair": 0,
            "eps_avg_yearly": 0,
            "eps_latest_yearly": 0,
            "eps_growth_yearly": 0
        },
        "20014": {
            "year_quarter": 20014,
            "year": 2001,
            "quarter": 4,
            "eps": 0.07,
            "eps_growth_year": null,
            "eps_4q": 0.21,
            "eps_4q_growth_year": null,
            "roe": 0.62,
            "roe_4q": 1.89,
            "gross_profit": 184691,
            "gross_margin": 15.13,
            "gross_margin_4q_avg": 14.22,
            "net_income": 45411,
            "net_income_4q": null,
            "revenue": 1220501,
            "revenue_4q": null,
            "common_shares": 6095114,
            "book_valuer_per_share": 11.89,
            "book_valuer_per_share_4q_avg": 11.71,
            "equity": 7614989,
            "current_ratio": 86.05,
            "debt_ratio": 40.85,
            "inventory_turnover_ratio": 0.99,
            "account_receivable_turnover_ratio": null,
            "reinvestment_rate": null,
            "research_to_sale_ratio": null,
            "price_fair": 0,
            "eps_avg_yearly": 0,
            "eps_latest_yearly": 0,
            "eps_growth_yearly": 0
        },
        "20021": {
            "year_quarter": 20021,
            "year": 2002,
            "quarter": 1,
            "eps": 0.03,
            "eps_growth_year": null,
            "eps_4q": 0.33,
            "eps_4q_growth_year": null,
            "roe": 0.21,
            "roe_4q": 2.42,
            "gross_profit": 126718,
            "gross_margin": 10.25,
            "gross_margin_4q_avg": 14.46,
            "net_income": 15814,
            "net_income_4q": null,
            "revenue": 1236031,
            "revenue_4q": null,
            "common_shares": 6095114,
            "book_valuer_per_share": 11.95,
            "book_valuer_per_share_4q_avg": 11.8,
            "equity": 7280713,
            "current_ratio": 113.64,
            "debt_ratio": 30,
            "inventory_turnover_ratio": 1.11,
            "account_receivable_turnover_ratio": null,
            "reinvestment_rate": null,
            "research_to_sale_ratio": null,
            "price_fair": 0.36,
            "eps_avg_yearly": 0.12,
            "eps_latest_yearly": 0.12,
            "eps_growth_yearly": -228.57
        },
        "20022": {
            "year_quarter": 20022,
            "year": 2002,
            "quarter": 2,
            "eps": 0.11,
            "eps_growth_year": null,
            "eps_4q": 0.39,
            "eps_4q_growth_year": null,
            "roe": 0.95,
            "roe_4q": 3.3899999999999997,
            "gross_profit": 187041,
            "gross_margin": 13.05,
            "gross_margin_4q_avg": 14.22,
            "net_income": 68107,
            "net_income_4q": null,
            "revenue": 1433520,
            "revenue_4q": null,
            "common_shares": 6095114,
            "book_valuer_per_share": 11.68,
            "book_valuer_per_share_4q_avg": 11.82,
            "equity": 7121844,
            "current_ratio": 100.63,
            "debt_ratio": 34.95,
            "inventory_turnover_ratio": 1.48,
            "account_receivable_turnover_ratio": null,
            "reinvestment_rate": null,
            "research_to_sale_ratio": null,
            "price_fair": 9.8,
            "eps_avg_yearly": 0.28,
            "eps_latest_yearly": 0.44,
            "eps_growth_yearly": 419.05
        },
        "20023": {
            "year_quarter": 20023,
            "year": 2002,
            "quarter": 3,
            "eps": 0.01,
            "eps_growth_year": -94.74,
            "eps_4q": 0.22,
            "eps_4q_growth_year": null,
            "roe": 0.05,
            "roe_4q": 1.83,
            "gross_profit": 132810,
            "gross_margin": 8.9,
            "gross_margin_4q_avg": 11.83,
            "net_income": 3435,
            "net_income_4q": null,
            "revenue": 1491676,
            "revenue_4q": null,
            "common_shares": 6095114,
            "book_valuer_per_share": 11.6,
            "book_valuer_per_share_4q_avg": 11.78,
            "equity": 7067327,
            "current_ratio": 111.81,
            "debt_ratio": 34.69,
            "inventory_turnover_ratio": 1.32,
            "account_receivable_turnover_ratio": null,
            "reinvestment_rate": null,
            "research_to_sale_ratio": null,
            "price_fair": 7,
            "eps_avg_yearly": 0.2,
            "eps_latest_yearly": 0.04,
            "eps_growth_yearly": 158.15
        },
        "20024": {
            "year_quarter": 20024,
            "year": 2002,
            "quarter": 4,
            "eps": -0.09,
            "eps_growth_year": -228.57,
            "eps_4q": 0.03,
            "eps_4q_growth_year": -86.28,
            "roe": -0.71,
            "roe_4q": 0.5,
            "gross_profit": 123210,
            "gross_margin": 8.17,
            "gross_margin_4q_avg": 10.09,
            "net_income": -51956,
            "net_income_4q": null,
            "revenue": 1508874,
            "revenue_4q": null,
            "common_shares": 6095114,
            "book_valuer_per_share": 11.67,
            "book_valuer_per_share_4q_avg": 11.73,
            "equity": 7523250,
            "current_ratio": 86.47,
            "debt_ratio": 42.3,
            "inventory_turnover_ratio": 1.06,
            "account_receivable_turnover_ratio": null,
            "reinvestment_rate": null,
            "research_to_sale_ratio": null,
            "price_fair": 7,
            "eps_avg_yearly": 0.2,
            "eps_latest_yearly": 0.04,
            "eps_growth_yearly": 158.15
        },
        "20031": {
            "year_quarter": 20031,
            "year": 2003,
            "quarter": 1,
            "eps": 0.13,
            "eps_growth_year": 333.33,
            "eps_4q": 0.16,
            "eps_4q_growth_year": -51.05,
            "roe": 1.1,
            "roe_4q": 1.3900000000000001,
            "gross_profit": 159149,
            "gross_margin": 9.56,
            "gross_margin_4q_avg": 9.92,
            "net_income": 81122,
            "net_income_4q": null,
            "revenue": 1664675,
            "revenue_4q": null,
            "common_shares": 6095114,
            "book_valuer_per_share": 11.76,
            "book_valuer_per_share_4q_avg": 11.68,
            "equity": 7168605,
            "current_ratio": 101.94,
            "debt_ratio": 34.42,
            "inventory_turnover_ratio": 1.15,
            "account_receivable_turnover_ratio": null,
            "reinvestment_rate": null,
            "research_to_sale_ratio": null,
            "price_fair": 7,
            "eps_avg_yearly": 0.2,
            "eps_latest_yearly": 0.04,
            "eps_growth_yearly": 158.15
        },
        "20032": {
            "year_quarter": 20032,
            "year": 2003,
            "quarter": 2,
            "eps": 0.21,
            "eps_growth_year": 90.91,
            "eps_4q": 0.26,
            "eps_4q_growth_year": -33.18,
            "roe": 1.79,
            "roe_4q": 2.23,
            "gross_profit": 220182,
            "gross_margin": 11.38,
            "gross_margin_4q_avg": 9.5,
            "net_income": 129585,
            "net_income_4q": null,
            "revenue": 1934537,
            "revenue_4q": null,
            "common_shares": 6095114,
            "book_valuer_per_share": 12.04,
            "book_valuer_per_share_4q_avg": 11.77,
            "equity": 7340231,
            "current_ratio": 106.17,
            "debt_ratio": 33.69,
            "inventory_turnover_ratio": 1.68,
            "account_receivable_turnover_ratio": null,
            "reinvestment_rate": 2847.71,
            "research_to_sale_ratio": null,
            "price_fair": 12.6,
            "eps_avg_yearly": 0.36,
            "eps_latest_yearly": 0.84,
            "eps_growth_yearly": 180.15
        },
        "20033": {
            "year_quarter": 20033,
            "year": 2003,
            "quarter": 3,
            "eps": 0.18,
            "eps_growth_year": 1700,
            "eps_4q": 0.44,
            "eps_4q_growth_year": 104,
            "roe": 1.46,
            "roe_4q": 3.6399999999999997,
            "gross_profit": 224855,
            "gross_margin": 11.55,
            "gross_margin_4q_avg": 10.17,
            "net_income": 108094,
            "net_income_4q": null,
            "revenue": 1947079,
            "revenue_4q": null,
            "common_shares": 6095114,
            "book_valuer_per_share": 12.23,
            "book_valuer_per_share_4q_avg": 11.93,
            "equity": 7453144,
            "current_ratio": 147.35,
            "debt_ratio": 32.35,
            "inventory_turnover_ratio": 1.79,
            "account_receivable_turnover_ratio": null,
            "reinvestment_rate": 434.79,
            "research_to_sale_ratio": null,
            "price_fair": 15.12,
            "eps_avg_yearly": 0.43,
            "eps_latest_yearly": 0.72,
            "eps_growth_yearly": 132.69
        },
        "20034": {
            "year_quarter": 20034,
            "year": 2003,
            "quarter": 4,
            "eps": 0.43,
            "eps_growth_year": null,
            "eps_4q": 0.95,
            "eps_4q_growth_year": 3244.16,
            "roe": 3.33,
            "roe_4q": 7.68,
            "gross_profit": 304840,
            "gross_margin": 13.9,
            "gross_margin_4q_avg": 11.6,
            "net_income": 261701,
            "net_income_4q": null,
            "revenue": 2193035,
            "revenue_4q": null,
            "common_shares": 6095114,
            "book_valuer_per_share": 12.72,
            "book_valuer_per_share_4q_avg": 12.19,
            "equity": 8259608,
            "current_ratio": 117.31,
            "debt_ratio": 38.77,
            "inventory_turnover_ratio": 1.64,
            "account_receivable_turnover_ratio": null,
            "reinvestment_rate": 76.07,
            "research_to_sale_ratio": null,
            "price_fair": 22.63,
            "eps_avg_yearly": 0.65,
            "eps_latest_yearly": 1.72,
            "eps_growth_yearly": 203.17
        },
        "20041": {
            "year_quarter": 20041,
            "year": 2004,
            "quarter": 1,
            "eps": 0.44,
            "eps_growth_year": 238.46,
            "eps_4q": 1.27,
            "eps_4q_growth_year": 685.13,
            "roe": 3.25,
            "roe_4q": 9.829999999999998,
            "gross_profit": 323892,
            "gross_margin": 15.64,
            "gross_margin_4q_avg": 13.12,
            "net_income": 265663,
            "net_income_4q": null,
            "revenue": 2071427,
            "revenue_4q": null,
            "common_shares": 6095114,
            "book_valuer_per_share": 13.26,
            "book_valuer_per_share_4q_avg": 12.56,
            "equity": 8083122,
            "current_ratio": 148.33,
            "debt_ratio": 29.66,
            "inventory_turnover_ratio": 1.45,
            "account_receivable_turnover_ratio": null,
            "reinvestment_rate": 51.06,
            "research_to_sale_ratio": null,
            "price_fair": 28.2,
            "eps_avg_yearly": 0.81,
            "eps_latest_yearly": 1.76,
            "eps_growth_yearly": 175.48
        },
        "20042": {
            "year_quarter": 20042,
            "year": 2004,
            "quarter": 2,
            "eps": 0.36,
            "eps_growth_year": 71.43,
            "eps_4q": 1.4,
            "eps_4q_growth_year": 433.92,
            "roe": 2.77,
            "roe_4q": 10.809999999999999,
            "gross_profit": 267318,
            "gross_margin": 11.16,
            "gross_margin_4q_avg": 13.06,
            "net_income": 219266,
            "net_income_4q": null,
            "revenue": 2395485,
            "revenue_4q": null,
            "common_shares": 6095114,
            "book_valuer_per_share": 12.73,
            "book_valuer_per_share_4q_avg": 12.74,
            "equity": 7761738,
            "current_ratio": 116.66,
            "debt_ratio": 34.47,
            "inventory_turnover_ratio": 1.96,
            "account_receivable_turnover_ratio": null,
            "reinvestment_rate": 16.54,
            "research_to_sale_ratio": null,
            "price_fair": 30.98,
            "eps_avg_yearly": 0.89,
            "eps_latest_yearly": 1.44,
            "eps_growth_yearly": 144.45
        },
        "20043": {
            "year_quarter": 20043,
            "year": 2004,
            "quarter": 3,
            "eps": 0.37,
            "eps_growth_year": 105.56,
            "eps_4q": 1.58,
            "eps_4q_growth_year": 256.16,
            "roe": 2.89,
            "roe_4q": 12.24,
            "gross_profit": 297829,
            "gross_margin": 10.36,
            "gross_margin_4q_avg": 12.77,
            "net_income": 227818,
            "net_income_4q": null,
            "revenue": 2874179,
            "revenue_4q": null,
            "common_shares": 6095114,
            "book_valuer_per_share": 13.17,
            "book_valuer_per_share_4q_avg": 12.97,
            "equity": 8029780,
            "current_ratio": 160.87,
            "debt_ratio": 33.41,
            "inventory_turnover_ratio": 2.25,
            "account_receivable_turnover_ratio": null,
            "reinvestment_rate": -12.16,
            "research_to_sale_ratio": null,
            "price_fair": 33.29,
            "eps_avg_yearly": 0.95,
            "eps_latest_yearly": 1.48,
            "eps_growth_yearly": 129.63
        },
        "20044": {
            "year_quarter": 20044,
            "year": 2004,
            "quarter": 4,
            "eps": 0.73,
            "eps_growth_year": 69.77,
            "eps_4q": 1.9,
            "eps_4q_growth_year": 99.14,
            "roe": 5.18,
            "roe_4q": 14.09,
            "gross_profit": 717836,
            "gross_margin": 25.71,
            "gross_margin_4q_avg": 15.72,
            "net_income": 444927,
            "net_income_4q": null,
            "revenue": 2791910,
            "revenue_4q": null,
            "common_shares": 6095114,
            "book_valuer_per_share": 13.64,
            "book_valuer_per_share_4q_avg": 13.2,
            "equity": 9153738,
            "current_ratio": 183.67,
            "debt_ratio": 36.95,
            "inventory_turnover_ratio": 1.31,
            "account_receivable_turnover_ratio": null,
            "reinvestment_rate": -29.57,
            "research_to_sale_ratio": null,
            "price_fair": 40.18,
            "eps_avg_yearly": 1.15,
            "eps_latest_yearly": 2.92,
            "eps_growth_yearly": 155.59
        },
        "20051": {
            "year_quarter": 20051,
            "year": 2005,
            "quarter": 1,
            "eps": 0.62,
            "eps_growth_year": 40.91,
            "eps_4q": 2.09,
            "eps_4q_growth_year": 65.34,
            "roe": 4.21,
            "roe_4q": 15.05,
            "gross_profit": 558524,
            "gross_margin": 20.24,
            "gross_margin_4q_avg": 16.87,
            "net_income": 374948,
            "net_income_4q": null,
            "revenue": 2759937,
            "revenue_4q": null,
            "common_shares": 6095114,
            "book_valuer_per_share": 14.23,
            "book_valuer_per_share_4q_avg": 13.44,
            "equity": 8671788,
            "current_ratio": 178.84,
            "debt_ratio": 30.18,
            "inventory_turnover_ratio": 1.42,
            "account_receivable_turnover_ratio": null,
            "reinvestment_rate": -86.7,
            "research_to_sale_ratio": null,
            "price_fair": 44.42,
            "eps_avg_yearly": 1.27,
            "eps_latest_yearly": 2.48,
            "eps_growth_yearly": 135.97
        },
        "20052": {
            "year_quarter": 20052,
            "year": 2005,
            "quarter": 2,
            "eps": 0.7,
            "eps_growth_year": 94.44,
            "eps_4q": 2.42,
            "eps_4q_growth_year": 72.43,
            "roe": 5.1,
            "roe_4q": 17.38,
            "gross_profit": 615480,
            "gross_margin": 20.28,
            "gross_margin_4q_avg": 19.15,
            "net_income": 426453,
            "net_income_4q": null,
            "revenue": 3034982,
            "revenue_4q": null,
            "common_shares": 6095114,
            "book_valuer_per_share": 13.22,
            "book_valuer_per_share_4q_avg": 13.57,
            "equity": 8054914,
            "current_ratio": 120.74,
            "debt_ratio": 36.08,
            "inventory_turnover_ratio": 2.38,
            "account_receivable_turnover_ratio": null,
            "reinvestment_rate": -75.05,
            "research_to_sale_ratio": null,
            "price_fair": 48.88,
            "eps_avg_yearly": 1.4,
            "eps_latest_yearly": 2.8,
            "eps_growth_yearly": 128.94
        },
        "20053": {
            "year_quarter": 20053,
            "year": 2005,
            "quarter": 3,
            "eps": 1.04,
            "eps_growth_year": 181.08,
            "eps_4q": 3.08,
            "eps_4q_growth_year": 94.4,
            "roe": 7.52,
            "roe_4q": 22.009999999999998,
            "gross_profit": 684332,
            "gross_margin": 22.83,
            "gross_margin_4q_avg": 22.27,
            "net_income": 636431,
            "net_income_4q": null,
            "revenue": 2997854,
            "revenue_4q": null,
            "common_shares": 6095114,
            "book_valuer_per_share": 14.54,
            "book_valuer_per_share_4q_avg": 13.91,
            "equity": 8864784,
            "current_ratio": 153.76,
            "debt_ratio": 27.93,
            "inventory_turnover_ratio": 2.52,
            "account_receivable_turnover_ratio": null,
            "reinvestment_rate": -64.49,
            "research_to_sale_ratio": null,
            "price_fair": 56.32,
            "eps_avg_yearly": 1.61,
            "eps_latest_yearly": 4.16,
            "eps_growth_yearly": 133.96
        },
        "20054": {
            "year_quarter": 20054,
            "year": 2005,
            "quarter": 4,
            "eps": 0.67,
            "eps_growth_year": -8.22,
            "eps_4q": 3.02,
            "eps_4q_growth_year": 59.2,
            "roe": 4.3,
            "roe_4q": 21.130000000000003,
            "gross_profit": 558611,
            "gross_margin": 18.87,
            "gross_margin_4q_avg": 20.56,
            "net_income": 409251,
            "net_income_4q": null,
            "revenue": 2960127,
            "revenue_4q": null,
            "common_shares": 6095114,
            "book_valuer_per_share": 15.16,
            "book_valuer_per_share_4q_avg": 14.29,
            "equity": 10188557,
            "current_ratio": 203.71,
            "debt_ratio": 31.71,
            "inventory_turnover_ratio": 1.94,
            "account_receivable_turnover_ratio": null,
            "reinvestment_rate": -55.21,
            "research_to_sale_ratio": null,
            "price_fair": 59,
            "eps_avg_yearly": 1.69,
            "eps_latest_yearly": 2.68,
            "eps_growth_yearly": 114.23
        },
        "20061": {
            "year_quarter": 20061,
            "year": 2006,
            "quarter": 1,
            "eps": 0.73,
            "eps_growth_year": 17.74,
            "eps_4q": 3.13,
            "eps_4q_growth_year": 49.5,
            "roe": 4.5,
            "roe_4q": 21.42,
            "gross_profit": 473865,
            "gross_margin": 17.44,
            "gross_margin_4q_avg": 19.86,
            "net_income": 447410,
            "net_income_4q": null,
            "revenue": 2716971,
            "revenue_4q": null,
            "common_shares": 6095114,
            "book_valuer_per_share": 15.94,
            "book_valuer_per_share_4q_avg": 14.72,
            "equity": 9717358,
            "current_ratio": 170.75,
            "debt_ratio": 28.24,
            "inventory_turnover_ratio": 1.7,
            "account_receivable_turnover_ratio": null,
            "reinvestment_rate": -53.48,
            "research_to_sale_ratio": null,
            "price_fair": 66,
            "eps_avg_yearly": 1.89,
            "eps_latest_yearly": 2.92,
            "eps_growth_yearly": 133.12
        },
        "20062": {
            "year_quarter": 20062,
            "year": 2006,
            "quarter": 2,
            "eps": 0.83,
            "eps_growth_year": 18.57,
            "eps_4q": 3.13,
            "eps_4q_growth_year": 29.51,
            "roe": 5.69,
            "roe_4q": 22.01,
            "gross_profit": 463522,
            "gross_margin": 16.01,
            "gross_margin_4q_avg": 18.79,
            "net_income": 537904,
            "net_income_4q": null,
            "revenue": 2895200,
            "revenue_4q": null,
            "common_shares": 6095114,
            "book_valuer_per_share": 15.05,
            "book_valuer_per_share_4q_avg": 15.17,
            "equity": 9175007,
            "current_ratio": 128.89,
            "debt_ratio": 34.52,
            "inventory_turnover_ratio": 1.97,
            "account_receivable_turnover_ratio": null,
            "reinvestment_rate": -47.76,
            "research_to_sale_ratio": null,
            "price_fair": 73.2,
            "eps_avg_yearly": 2.09,
            "eps_latest_yearly": 3.32,
            "eps_growth_yearly": 60.84
        },
        "20063": {
            "year_quarter": 20063,
            "year": 2006,
            "quarter": 3,
            "eps": 0.96,
            "eps_growth_year": -7.69,
            "eps_4q": 3.1,
            "eps_4q_growth_year": 0.89,
            "roe": 6.57,
            "roe_4q": 21.060000000000002,
            "gross_profit": 458029,
            "gross_margin": 14.74,
            "gross_margin_4q_avg": 16.77,
            "net_income": 624393,
            "net_income_4q": null,
            "revenue": 3107219,
            "revenue_4q": null,
            "common_shares": 6499095,
            "book_valuer_per_share": 15.15,
            "book_valuer_per_share_4q_avg": 15.33,
            "equity": 9845231,
            "current_ratio": 135.3,
            "debt_ratio": 29.92,
            "inventory_turnover_ratio": 1.91,
            "account_receivable_turnover_ratio": null,
            "reinvestment_rate": -42.64,
            "research_to_sale_ratio": null,
            "price_fair": 82.7,
            "eps_avg_yearly": 2.36,
            "eps_latest_yearly": 3.84,
            "eps_growth_yearly": 91.29
        },
        "20064": {
            "year_quarter": 20064,
            "year": 2006,
            "quarter": 4,
            "eps": 0.66,
            "eps_growth_year": -1.49,
            "eps_4q": 3.13,
            "eps_4q_growth_year": 3.55,
            "roe": 3.98,
            "roe_4q": 20.740000000000002,
            "gross_profit": 227110,
            "gross_margin": 7.93,
            "gross_margin_4q_avg": 14.03,
            "net_income": 429911,
            "net_income_4q": null,
            "revenue": 2865495,
            "revenue_4q": null,
            "common_shares": 6499095,
            "book_valuer_per_share": 15.98,
            "book_valuer_per_share_4q_avg": 15.53,
            "equity": 11745938,
            "current_ratio": 221.18,
            "debt_ratio": 30.6,
            "inventory_turnover_ratio": 1.57,
            "account_receivable_turnover_ratio": null,
            "reinvestment_rate": -35.08,
            "research_to_sale_ratio": null,
            "price_fair": 83.35,
            "eps_avg_yearly": 2.38,
            "eps_latest_yearly": 2.64,
            "eps_growth_yearly": 76.87
        },
        "20071": {
            "year_quarter": 20071,
            "year": 2007,
            "quarter": 1,
            "eps": 0.93,
            "eps_growth_year": 27.4,
            "eps_4q": 3.39,
            "eps_4q_growth_year": 8.25,
            "roe": 5.29,
            "roe_4q": 21.53,
            "gross_profit": 450509,
            "gross_margin": 14.3,
            "gross_margin_4q_avg": 13.25,
            "net_income": 601866,
            "net_income_4q": null,
            "revenue": 3151134,
            "revenue_4q": null,
            "common_shares": 6499095,
            "book_valuer_per_share": 16.96,
            "book_valuer_per_share_4q_avg": 15.79,
            "equity": 11025564,
            "current_ratio": 145.6,
            "debt_ratio": 27.7,
            "inventory_turnover_ratio": 1.65,
            "account_receivable_turnover_ratio": null,
            "reinvestment_rate": -37.39,
            "research_to_sale_ratio": null,
            "price_fair": 86.28,
            "eps_avg_yearly": 2.47,
            "eps_latest_yearly": 3.72,
            "eps_growth_yearly": 82.29
        },
        "20072": {
            "year_quarter": 20072,
            "year": 2007,
            "quarter": 2,
            "eps": 1.56,
            "eps_growth_year": 87.95,
            "eps_4q": 4.11,
            "eps_4q_growth_year": 31.22,
            "roe": 9.52,
            "roe_4q": 25.36,
            "gross_profit": 613628,
            "gross_margin": 18.76,
            "gross_margin_4q_avg": 13.93,
            "net_income": 1012320,
            "net_income_4q": null,
            "revenue": 3271173,
            "revenue_4q": null,
            "common_shares": 6499095,
            "book_valuer_per_share": 15.75,
            "book_valuer_per_share_4q_avg": 15.96,
            "equity": 10236843,
            "current_ratio": 112.24,
            "debt_ratio": 36.92,
            "inventory_turnover_ratio": 2.01,
            "account_receivable_turnover_ratio": null,
            "reinvestment_rate": -33.23,
            "research_to_sale_ratio": null,
            "price_fair": 98.09,
            "eps_avg_yearly": 2.8,
            "eps_latest_yearly": 6.24,
            "eps_growth_yearly": 83.84
        },
        "20073": {
            "year_quarter": 20073,
            "year": 2007,
            "quarter": 3,
            "eps": 1.37,
            "eps_growth_year": 42.71,
            "eps_4q": 4.52,
            "eps_4q_growth_year": 45.59,
            "roe": 8.39,
            "roe_4q": 27.18,
            "gross_profit": 608659,
            "gross_margin": 19.01,
            "gross_margin_4q_avg": 15,
            "net_income": 889208,
            "net_income_4q": null,
            "revenue": 3201780,
            "revenue_4q": null,
            "common_shares": 6499095,
            "book_valuer_per_share": 16.86,
            "book_valuer_per_share_4q_avg": 16.39,
            "equity": 10959322,
            "current_ratio": 137.95,
            "debt_ratio": 30.27,
            "inventory_turnover_ratio": 1.9,
            "account_receivable_turnover_ratio": null,
            "reinvestment_rate": -31.09,
            "research_to_sale_ratio": null,
            "price_fair": 108.5,
            "eps_avg_yearly": 3.1,
            "eps_latest_yearly": 5.48,
            "eps_growth_yearly": 84.37
        },
        "20074": {
            "year_quarter": 20074,
            "year": 2007,
            "quarter": 4,
            "eps": 1.17,
            "eps_growth_year": 77.27,
            "eps_4q": 5.03,
            "eps_4q_growth_year": 60.66,
            "roe": 6.12,
            "roe_4q": 29.32,
            "gross_profit": 612663,
            "gross_margin": 17.19,
            "gross_margin_4q_avg": 17.32,
            "net_income": 758696,
            "net_income_4q": null,
            "revenue": 3563472,
            "revenue_4q": null,
            "common_shares": 6499095,
            "book_valuer_per_share": 18.03,
            "book_valuer_per_share_4q_avg": 16.9,
            "equity": 13841509,
            "current_ratio": 234.81,
            "debt_ratio": 33.3,
            "inventory_turnover_ratio": 1.68,
            "account_receivable_turnover_ratio": null,
            "reinvestment_rate": 3.85,
            "research_to_sale_ratio": null,
            "price_fair": 114.98,
            "eps_avg_yearly": 3.29,
            "eps_latest_yearly": 4.68,
            "eps_growth_yearly": 46
        },
        "20081": {
            "year_quarter": 20081,
            "year": 2008,
            "quarter": 1,
            "eps": 1.21,
            "eps_growth_year": 30.11,
            "eps_4q": 4.26,
            "eps_4q_growth_year": 25.65,
            "roe": 7.05,
            "roe_4q": 31.080000000000002,
            "gross_profit": 1376342,
            "gross_margin": 18.85,
            "gross_margin_4q_avg": 18.45,
            "net_income": 978235,
            "net_income_4q": null,
            "revenue": 7302608,
            "revenue_4q": null,
            "common_shares": 6499095,
            "book_valuer_per_share": 19.01,
            "book_valuer_per_share_4q_avg": 17.41,
            "equity": 13923039,
            "current_ratio": 198.29,
            "debt_ratio": 40.2,
            "inventory_turnover_ratio": 2.51,
            "account_receivable_turnover_ratio": null,
            "reinvestment_rate": 27.31,
            "research_to_sale_ratio": null,
            "price_fair": 121.71,
            "eps_avg_yearly": 3.48,
            "eps_latest_yearly": 4.84,
            "eps_growth_yearly": 46.27
        },
        "20082": {
            "year_quarter": 20082,
            "year": 2008,
            "quarter": 2,
            "eps": 1.44,
            "eps_growth_year": -7.69,
            "eps_4q": 4.33,
            "eps_4q_growth_year": 5.39,
            "roe": 8.58,
            "roe_4q": 30.14,
            "gross_profit": 1809933,
            "gross_margin": 21.04,
            "gross_margin_4q_avg": 19.02,
            "net_income": 1118475,
            "net_income_4q": null,
            "revenue": 8602092,
            "revenue_4q": null,
            "common_shares": 6499095,
            "book_valuer_per_share": 15.93,
            "book_valuer_per_share_4q_avg": 17.46,
            "equity": 12141604,
            "current_ratio": 145.38,
            "debt_ratio": 52.52,
            "inventory_turnover_ratio": 2.48,
            "account_receivable_turnover_ratio": null,
            "reinvestment_rate": 34.92,
            "research_to_sale_ratio": null,
            "price_fair": 131.16,
            "eps_avg_yearly": 3.75,
            "eps_latest_yearly": 5.76,
            "eps_growth_yearly": 55.57
        },
        "20083": {
            "year_quarter": 20083,
            "year": 2008,
            "quarter": 3,
            "eps": 1.41,
            "eps_growth_year": 2.92,
            "eps_4q": 4.19,
            "eps_4q_growth_year": -7.19,
            "roe": 8.83,
            "roe_4q": 30.580000000000002,
            "gross_profit": 1942425,
            "gross_margin": 20.67,
            "gross_margin_4q_avg": 19.44,
            "net_income": 1141751,
            "net_income_4q": null,
            "revenue": 9396115,
            "revenue_4q": null,
            "common_shares": 6499095,
            "book_valuer_per_share": 17.83,
            "book_valuer_per_share_4q_avg": 17.7,
            "equity": 13713920,
            "current_ratio": 164.14,
            "debt_ratio": 49.07,
            "inventory_turnover_ratio": 2.15,
            "account_receivable_turnover_ratio": null,
            "reinvestment_rate": 39.95,
            "research_to_sale_ratio": null,
            "price_fair": 140.26,
            "eps_avg_yearly": 4.01,
            "eps_latest_yearly": 5.64,
            "eps_growth_yearly": 54.35
        },
        "20084": {
            "year_quarter": 20084,
            "year": 2008,
            "quarter": 4,
            "eps": 0.2,
            "eps_growth_year": -82.91,
            "eps_4q": 5.94,
            "eps_4q_growth_year": 18.05,
            "roe": -0.68,
            "roe_4q": 23.78,
            "gross_profit": -441313,
            "gross_margin": -7.75,
            "gross_margin_4q_avg": 13.2,
            "net_income": -93231,
            "net_income_4q": null,
            "revenue": 5693229,
            "revenue_4q": null,
            "common_shares": 6499095,
            "book_valuer_per_share": 18.37,
            "book_valuer_per_share_4q_avg": 17.79,
            "equity": 13849737,
            "current_ratio": 203.3,
            "debt_ratio": 38.87,
            "inventory_turnover_ratio": 2.03,
            "account_receivable_turnover_ratio": 3.02,
            "reinvestment_rate": 30.2,
            "research_to_sale_ratio": null,
            "price_fair": 71.98,
            "eps_avg_yearly": 3.88,
            "eps_latest_yearly": 0.8,
            "eps_growth_yearly": 8.57
        },
        "20091": {
            "year_quarter": 20091,
            "year": 2009,
            "quarter": 1,
            "eps": 0.66,
            "eps_growth_year": -45.45,
            "eps_4q": 2.91,
            "eps_4q_growth_year": -31.66,
            "roe": 3.94,
            "roe_4q": 20.67,
            "gross_profit": 1022130,
            "gross_margin": 23.6,
            "gross_margin_4q_avg": 14.39,
            "net_income": 547737,
            "net_income_4q": null,
            "revenue": 4331510,
            "revenue_4q": null,
            "common_shares": 6499095,
            "book_valuer_per_share": 18.86,
            "book_valuer_per_share_4q_avg": 17.75,
            "equity": 13985650,
            "current_ratio": 228.43,
            "debt_ratio": 36.57,
            "inventory_turnover_ratio": 1.75,
            "account_receivable_turnover_ratio": 1.36,
            "reinvestment_rate": 57.65,
            "research_to_sale_ratio": null,
            "price_fair": 135.98,
            "eps_avg_yearly": 3.89,
            "eps_latest_yearly": 2.64,
            "eps_growth_yearly": 69.84
        },
        "20092": {
            "year_quarter": 20092,
            "year": 2009,
            "quarter": 2,
            "eps": 1.15,
            "eps_growth_year": -20.14,
            "eps_4q": 2.65,
            "eps_4q_growth_year": -38.8,
            "roe": 7.18,
            "roe_4q": 19.27,
            "gross_profit": 1761127,
            "gross_margin": 31.97,
            "gross_margin_4q_avg": 17.12,
            "net_income": 966984,
            "net_income_4q": null,
            "revenue": 5507872,
            "revenue_4q": null,
            "common_shares": 6499095,
            "book_valuer_per_share": 17.05,
            "book_valuer_per_share_4q_avg": 18.03,
            "equity": 12967456,
            "current_ratio": 170.12,
            "debt_ratio": 44.24,
            "inventory_turnover_ratio": 1.94,
            "account_receivable_turnover_ratio": 1.94,
            "reinvestment_rate": 53.99,
            "research_to_sale_ratio": null,
            "price_fair": 139.91,
            "eps_avg_yearly": 4,
            "eps_latest_yearly": 4.6,
            "eps_growth_yearly": 85.18
        },
        "20093": {
            "year_quarter": 20093,
            "year": 2009,
            "quarter": 3,
            "eps": 0.78,
            "eps_growth_year": -44.68,
            "eps_4q": 2.28,
            "eps_4q_growth_year": -45.7,
            "roe": 4.71,
            "roe_4q": 15.15,
            "gross_profit": 1116292,
            "gross_margin": 18.68,
            "gross_margin_4q_avg": 16.63,
            "net_income": 623601,
            "net_income_4q": null,
            "revenue": 5975985,
            "revenue_4q": null,
            "common_shares": 6499095,
            "book_valuer_per_share": 17.73,
            "book_valuer_per_share_4q_avg": 18,
            "equity": 13493072,
            "current_ratio": 192.64,
            "debt_ratio": 38.79,
            "inventory_turnover_ratio": 2.1,
            "account_receivable_turnover_ratio": 1.83,
            "reinvestment_rate": 52.43,
            "research_to_sale_ratio": null,
            "price_fair": 137.64,
            "eps_avg_yearly": 3.93,
            "eps_latest_yearly": 3.12,
            "eps_growth_yearly": 64.99
        },
        "20094": {
            "year_quarter": 20094,
            "year": 2009,
            "quarter": 4,
            "eps": 0.99,
            "eps_growth_year": 395,
            "eps_4q": 3.59,
            "eps_4q_growth_year": -39.59,
            "roe": 5.13,
            "roe_4q": 20.96,
            "gross_profit": 926733,
            "gross_margin": 14.72,
            "gross_margin_4q_avg": 22.24,
            "net_income": 709323,
            "net_income_4q": null,
            "revenue": 6296740,
            "revenue_4q": null,
            "common_shares": 6499095,
            "book_valuer_per_share": 18.66,
            "book_valuer_per_share_4q_avg": 18.08,
            "equity": 14146289,
            "current_ratio": 193.34,
            "debt_ratio": 37.07,
            "inventory_turnover_ratio": 1.82,
            "account_receivable_turnover_ratio": 3.56,
            "reinvestment_rate": 46.68,
            "research_to_sale_ratio": null,
            "price_fair": 140.44,
            "eps_avg_yearly": 4.01,
            "eps_latest_yearly": 3.96,
            "eps_growth_yearly": 80.61
        },
        "20101": {
            "year_quarter": 20101,
            "year": 2010,
            "quarter": 1,
            "eps": 0.99,
            "eps_growth_year": 50,
            "eps_4q": 3.92,
            "eps_4q_growth_year": 34.61,
            "roe": 5.65,
            "roe_4q": 22.67,
            "gross_profit": 1431256,
            "gross_margin": 17.43,
            "gross_margin_4q_avg": 20.7,
            "net_income": 805381,
            "net_income_4q": null,
            "revenue": 8211193,
            "revenue_4q": null,
            "common_shares": 6499095,
            "book_valuer_per_share": 19.57,
            "book_valuer_per_share_4q_avg": 18.25,
            "equity": 14375909,
            "current_ratio": 180.52,
            "debt_ratio": 40.01,
            "inventory_turnover_ratio": 2.09,
            "account_receivable_turnover_ratio": 2.02,
            "reinvestment_rate": 61.84,
            "research_to_sale_ratio": 0.41,
            "price_fair": 142.71,
            "eps_avg_yearly": 4.08,
            "eps_latest_yearly": 3.96,
            "eps_growth_yearly": 78.38
        },
        "20102": {
            "year_quarter": 20102,
            "year": 2010,
            "quarter": 2,
            "eps": 1.17,
            "eps_growth_year": 1.32,
            "eps_4q": 3.93,
            "eps_4q_growth_year": 48.23,
            "roe": 6.32,
            "roe_4q": 21.810000000000002,
            "gross_profit": 1225490,
            "gross_margin": 13.79,
            "gross_margin_4q_avg": 16.16,
            "net_income": 876240,
            "net_income_4q": null,
            "revenue": 8887859,
            "revenue_4q": null,
            "common_shares": 6499095,
            "book_valuer_per_share": 17.71,
            "book_valuer_per_share_4q_avg": 18.42,
            "equity": 13341706,
            "current_ratio": 142.39,
            "debt_ratio": 48.04,
            "inventory_turnover_ratio": 2.12,
            "account_receivable_turnover_ratio": 1.79,
            "reinvestment_rate": 58.19,
            "research_to_sale_ratio": 0.41,
            "price_fair": 145.69,
            "eps_avg_yearly": 4.16,
            "eps_latest_yearly": 4.68,
            "eps_growth_yearly": 79.5
        },
        "20103": {
            "year_quarter": 20103,
            "year": 2010,
            "quarter": 3,
            "eps": 1.23,
            "eps_growth_year": 57.15,
            "eps_4q": 4.37,
            "eps_4q_growth_year": 92.01,
            "roe": 6.68,
            "roe_4q": 23.779999999999998,
            "gross_profit": 1523664,
            "gross_margin": 17.08,
            "gross_margin_4q_avg": 15.76,
            "net_income": 917614,
            "net_income_4q": null,
            "revenue": 8918519,
            "revenue_4q": null,
            "common_shares": 6499095,
            "book_valuer_per_share": 18.8,
            "book_valuer_per_share_4q_avg": 18.69,
            "equity": 14139294,
            "current_ratio": 171.83,
            "debt_ratio": 39.4,
            "inventory_turnover_ratio": 1.99,
            "account_receivable_turnover_ratio": 1.75,
            "reinvestment_rate": 56.45,
            "research_to_sale_ratio": 0.42,
            "price_fair": 148.05,
            "eps_avg_yearly": 4.23,
            "eps_latest_yearly": 4.92,
            "eps_growth_yearly": 76.86
        },
        "20104": {
            "year_quarter": 20104,
            "year": 2010,
            "quarter": 4,
            "eps": 1.66,
            "eps_growth_year": 67.64,
            "eps_4q": 5.05,
            "eps_4q_growth_year": 40.64,
            "roe": 10.17,
            "roe_4q": 28.82,
            "gross_profit": 2405096,
            "gross_margin": 22.54,
            "gross_margin_4q_avg": 17.71,
            "net_income": 1489555,
            "net_income_4q": null,
            "revenue": 10668137,
            "revenue_4q": null,
            "common_shares": 6499095,
            "book_valuer_per_share": 19.94,
            "book_valuer_per_share_4q_avg": 19.01,
            "equity": 15167916,
            "current_ratio": 174.21,
            "debt_ratio": 39.53,
            "inventory_turnover_ratio": 2.36,
            "account_receivable_turnover_ratio": 2.12,
            "reinvestment_rate": 38.86,
            "research_to_sale_ratio": 0.57,
            "price_fair": 156.8,
            "eps_avg_yearly": 4.48,
            "eps_latest_yearly": 6.64,
            "eps_growth_yearly": 93.42
        },
        "20111": {
            "year_quarter": 20111,
            "year": 2011,
            "quarter": 1,
            "eps": 2.52,
            "eps_growth_year": 154.55,
            "eps_4q": 6.57,
            "eps_4q_growth_year": 67.56,
            "roe": 13.82,
            "roe_4q": 36.99,
            "gross_profit": 3317348,
            "gross_margin": 26.82,
            "gross_margin_4q_avg": 20.06,
            "net_income": 2219698,
            "net_income_4q": null,
            "revenue": 12367120,
            "revenue_4q": null,
            "common_shares": 6499095,
            "book_valuer_per_share": 22.58,
            "book_valuer_per_share_4q_avg": 19.76,
            "equity": 16964267,
            "current_ratio": 224.64,
            "debt_ratio": 49.3,
            "inventory_turnover_ratio": 2.45,
            "account_receivable_turnover_ratio": 2.05,
            "reinvestment_rate": 51.44,
            "research_to_sale_ratio": 0.37,
            "price_fair": 170.71,
            "eps_avg_yearly": 4.88,
            "eps_latest_yearly": 10.08,
            "eps_growth_yearly": 96.14
        },
        "20112": {
            "year_quarter": 20112,
            "year": 2011,
            "quarter": 2,
            "eps": 2.32,
            "eps_growth_year": 98.93,
            "eps_4q": 7.23,
            "eps_4q_growth_year": 83.85,
            "roe": 12.71,
            "roe_4q": 43.38,
            "gross_profit": 3562862,
            "gross_margin": 24.15,
            "gross_margin_4q_avg": 22.65,
            "net_income": 2133894,
            "net_income_4q": null,
            "revenue": 14753254,
            "revenue_4q": null,
            "common_shares": 6499095,
            "book_valuer_per_share": 21.5,
            "book_valuer_per_share_4q_avg": 20.71,
            "equity": 16616579,
            "current_ratio": 155.67,
            "debt_ratio": 55.77,
            "inventory_turnover_ratio": 2.43,
            "account_receivable_turnover_ratio": 1.96,
            "reinvestment_rate": 55.9,
            "research_to_sale_ratio": 0.43,
            "price_fair": 177.36,
            "eps_avg_yearly": 5.07,
            "eps_latest_yearly": 9.28,
            "eps_growth_yearly": 77.22
        },
        "20113": {
            "year_quarter": 20113,
            "year": 2011,
            "quarter": 3,
            "eps": 2.08,
            "eps_growth_year": 69.5,
            "eps_4q": 8.19,
            "eps_4q_growth_year": 87.32,
            "roe": 10.47,
            "roe_4q": 47.17,
            "gross_profit": 3036031,
            "gross_margin": 20.44,
            "gross_margin_4q_avg": 23.49,
            "net_income": 1878666,
            "net_income_4q": null,
            "revenue": 14854681,
            "revenue_4q": null,
            "common_shares": 7149004,
            "book_valuer_per_share": 22.38,
            "book_valuer_per_share_4q_avg": 21.6,
            "equity": 19257699,
            "current_ratio": 177.62,
            "debt_ratio": 51.2,
            "inventory_turnover_ratio": 1.89,
            "account_receivable_turnover_ratio": 1.74,
            "reinvestment_rate": 58.31,
            "research_to_sale_ratio": 0.44,
            "price_fair": 183.58,
            "eps_avg_yearly": 5.25,
            "eps_latest_yearly": 8.32,
            "eps_growth_yearly": 77.68
        },
        "20114": {
            "year_quarter": 20114,
            "year": 2011,
            "quarter": 4,
            "eps": 1.35,
            "eps_growth_year": -18.73,
            "eps_4q": 8.03,
            "eps_4q_growth_year": 59.18,
            "roe": 6.25,
            "roe_4q": 43.25,
            "gross_profit": 2537809,
            "gross_margin": 19.37,
            "gross_margin_4q_avg": 22.7,
            "net_income": 1248973,
            "net_income_4q": null,
            "revenue": 13100263,
            "revenue_4q": null,
            "common_shares": 7149004,
            "book_valuer_per_share": 24.01,
            "book_valuer_per_share_4q_avg": 22.62,
            "equity": 20692934,
            "current_ratio": 198.28,
            "debt_ratio": 46.31,
            "inventory_turnover_ratio": 1.49,
            "account_receivable_turnover_ratio": 1.51,
            "reinvestment_rate": 31.67,
            "research_to_sale_ratio": 1.11,
            "price_fair": 185.15,
            "eps_avg_yearly": 5.29,
            "eps_latest_yearly": 5.4,
            "eps_growth_yearly": 72.55
        },
        "20121": {
            "year_quarter": 20121,
            "year": 2012,
            "quarter": 1,
            "eps": 1.15,
            "eps_growth_year": -54.37,
            "eps_4q": 6.9,
            "eps_4q_growth_year": 5.05,
            "roe": 5.12,
            "roe_4q": 34.550000000000004,
            "gross_profit": 1942339,
            "gross_margin": 16.44,
            "gross_margin_4q_avg": 20.1,
            "net_income": 1078501,
            "net_income_4q": null,
            "revenue": 11814605,
            "revenue_4q": null,
            "common_shares": 7149004,
            "book_valuer_per_share": 24.83,
            "book_valuer_per_share_4q_avg": 23.18,
            "equity": 21448181,
            "current_ratio": 197.49,
            "debt_ratio": 46.96,
            "inventory_turnover_ratio": 1.26,
            "account_receivable_turnover_ratio": 1.49,
            "reinvestment_rate": 32.1,
            "research_to_sale_ratio": 0.47,
            "price_fair": 184.63,
            "eps_avg_yearly": 5.28,
            "eps_latest_yearly": 4.6,
            "eps_growth_yearly": 68
        },
        "20122": {
            "year_quarter": 20122,
            "year": 2012,
            "quarter": 2,
            "eps": 0.6,
            "eps_growth_year": -74.26,
            "eps_4q": 4.76,
            "eps_4q_growth_year": -34.14,
            "roe": 2.88,
            "roe_4q": 24.72,
            "gross_profit": 1421458,
            "gross_margin": 11.54,
            "gross_margin_4q_avg": 16.95,
            "net_income": 550293,
            "net_income_4q": null,
            "revenue": 12317298,
            "revenue_4q": null,
            "common_shares": 7149004,
            "book_valuer_per_share": 20.57,
            "book_valuer_per_share_4q_avg": 22.95,
            "equity": 16763180,
            "current_ratio": 147.62,
            "debt_ratio": 56.57,
            "inventory_turnover_ratio": 1.36,
            "account_receivable_turnover_ratio": 1.67,
            "reinvestment_rate": 30.18,
            "research_to_sale_ratio": 0.67,
            "price_fair": 177.28,
            "eps_avg_yearly": 5.07,
            "eps_latest_yearly": 2.4,
            "eps_growth_yearly": 51.29
        },
        "20123": {
            "year_quarter": 20123,
            "year": 2012,
            "quarter": 3,
            "eps": 0.85,
            "eps_growth_year": -58.99,
            "eps_4q": 3.72,
            "eps_4q_growth_year": -54.54,
            "roe": 4.69,
            "roe_4q": 18.94,
            "gross_profit": 1577492,
            "gross_margin": 13.86,
            "gross_margin_4q_avg": 15.3,
            "net_income": 802667,
            "net_income_4q": null,
            "revenue": 11377611,
            "revenue_4q": null,
            "common_shares": 7863905,
            "book_valuer_per_share": 19.44,
            "book_valuer_per_share_4q_avg": 22.21,
            "equity": 17458900,
            "current_ratio": 159.41,
            "debt_ratio": 52.36,
            "inventory_turnover_ratio": 1.41,
            "account_receivable_turnover_ratio": 1.65,
            "reinvestment_rate": 30.11,
            "research_to_sale_ratio": 0.8,
            "price_fair": 172.38,
            "eps_avg_yearly": 4.93,
            "eps_latest_yearly": 3.4,
            "eps_growth_yearly": 62.23
        },
        "20124": {
            "year_quarter": 20124,
            "year": 2012,
            "quarter": 4,
            "eps": 0.78,
            "eps_growth_year": -42.49,
            "eps_4q": 3.27,
            "eps_4q_growth_year": -59.24,
            "roe": 4.2,
            "roe_4q": 16.89,
            "gross_profit": 1088820,
            "gross_margin": 11.05,
            "gross_margin_4q_avg": 13.22,
            "net_income": 747881,
            "net_income_4q": null,
            "revenue": 9854861,
            "revenue_4q": null,
            "common_shares": 7863904,
            "book_valuer_per_share": 20.1,
            "book_valuer_per_share_4q_avg": 21.24,
            "equity": 18119677,
            "current_ratio": 167.4,
            "debt_ratio": 49.04,
            "inventory_turnover_ratio": 1.4,
            "account_receivable_turnover_ratio": 1.63,
            "reinvestment_rate": 28.48,
            "research_to_sale_ratio": 1.25,
            "price_fair": 177.45,
            "eps_avg_yearly": 5.07,
            "eps_latest_yearly": 3.12,
            "eps_growth_yearly": 81.62
        },
        "20131": {
            "year_quarter": 20131,
            "year": 2013,
            "quarter": 1,
            "eps": 0.73,
            "eps_growth_year": -36.52,
            "eps_4q": 2.96,
            "eps_4q_growth_year": -57.1,
            "roe": 4,
            "roe_4q": 15.77,
            "gross_profit": 1559330,
            "gross_margin": 15.44,
            "gross_margin_4q_avg": 12.97,
            "net_income": 730497,
            "net_income_4q": null,
            "revenue": 10102018,
            "revenue_4q": null,
            "common_shares": 7863904,
            "book_valuer_per_share": 20.98,
            "book_valuer_per_share_4q_avg": 20.27,
            "equity": 18362290,
            "current_ratio": 160.11,
            "debt_ratio": 49.18,
            "inventory_turnover_ratio": 1.35,
            "account_receivable_turnover_ratio": 1.75,
            "reinvestment_rate": 32.82,
            "research_to_sale_ratio": 0.87,
            "price_fair": 165.43,
            "eps_avg_yearly": 5.09,
            "eps_latest_yearly": 2.92,
            "eps_growth_yearly": 22.52
        },
        "20132": {
            "year_quarter": 20132,
            "year": 2013,
            "quarter": 2,
            "eps": 0.78,
            "eps_growth_year": 30.71,
            "eps_4q": 3.14,
            "eps_4q_growth_year": -34.02,
            "roe": 3.73,
            "roe_4q": 16.62,
            "gross_profit": 1251737,
            "gross_margin": 13.64,
            "gross_margin_4q_avg": 13.5,
            "net_income": 661180,
            "net_income_4q": null,
            "revenue": 9175614,
            "revenue_4q": null,
            "common_shares": 7863904,
            "book_valuer_per_share": 19.26,
            "book_valuer_per_share_4q_avg": 19.95,
            "equity": 17091143,
            "current_ratio": 145.42,
            "debt_ratio": 51.78,
            "inventory_turnover_ratio": 1.28,
            "account_receivable_turnover_ratio": 1.7,
            "reinvestment_rate": 34.65,
            "research_to_sale_ratio": 1.01,
            "price_fair": 78.27,
            "eps_avg_yearly": 5,
            "eps_latest_yearly": 3.12,
            "eps_growth_yearly": 5.67
        },
        "20133": {
            "year_quarter": 20133,
            "year": 2013,
            "quarter": 3,
            "eps": 0.11,
            "eps_growth_year": -87.09,
            "eps_4q": 2.4,
            "eps_4q_growth_year": -35.64,
            "roe": 0.58,
            "roe_4q": 12.509999999999998,
            "gross_profit": 791258,
            "gross_margin": 9.98,
            "gross_margin_4q_avg": 12.53,
            "net_income": 99339,
            "net_income_4q": null,
            "revenue": 7929503,
            "revenue_4q": null,
            "common_shares": 7863904,
            "book_valuer_per_share": 19.27,
            "book_valuer_per_share_4q_avg": 19.9,
            "equity": 17091009,
            "current_ratio": 141.77,
            "debt_ratio": 48.08,
            "inventory_turnover_ratio": 1.34,
            "account_receivable_turnover_ratio": 1.73,
            "reinvestment_rate": 35.41,
            "research_to_sale_ratio": 1.08,
            "price_fair": 14.48,
            "eps_avg_yearly": 4.83,
            "eps_latest_yearly": 0.44,
            "eps_growth_yearly": -7.76
        },
        "20134": {
            "year_quarter": 20134,
            "year": 2013,
            "quarter": 4,
            "eps": 0.28,
            "eps_growth_year": -63.88,
            "eps_4q": 1.9,
            "eps_4q_growth_year": -41.92,
            "roe": 1.3,
            "roe_4q": 9.61,
            "gross_profit": 664776,
            "gross_margin": 9.21,
            "gross_margin_4q_avg": 12.07,
            "net_income": 224466,
            "net_income_4q": null,
            "revenue": 7215864,
            "revenue_4q": null,
            "common_shares": 7863904,
            "book_valuer_per_share": 19.81,
            "book_valuer_per_share_4q_avg": 19.83,
            "equity": 17554965,
            "current_ratio": 142.69,
            "debt_ratio": 47.4,
            "inventory_turnover_ratio": 1.26,
            "account_receivable_turnover_ratio": 1.79,
            "reinvestment_rate": 28.48,
            "research_to_sale_ratio": 1.7,
            "price_fair": 158.77,
            "eps_avg_yearly": 4.65,
            "eps_latest_yearly": 1.12,
            "eps_growth_yearly": 24.14
        },
        "20141": {
            "year_quarter": 20141,
            "year": 2014,
            "quarter": 1,
            "eps": 0.33,
            "eps_growth_year": -54.79,
            "eps_4q": 1.49,
            "eps_4q_growth_year": -49.5,
            "roe": 1.53,
            "roe_4q": 7.140000000000001,
            "gross_profit": 964437,
            "gross_margin": 12.16,
            "gross_margin_4q_avg": 11.25,
            "net_income": 271403,
            "net_income_4q": null,
            "revenue": 7931514,
            "revenue_4q": null,
            "common_shares": 7863904,
            "book_valuer_per_share": 20.44,
            "book_valuer_per_share_4q_avg": 19.7,
            "equity": 17841742,
            "current_ratio": 139.41,
            "debt_ratio": 47.13,
            "inventory_turnover_ratio": 1.21,
            "account_receivable_turnover_ratio": 1.95,
            "reinvestment_rate": 29.97,
            "research_to_sale_ratio": 1.18,
            "price_fair": 156.98,
            "eps_avg_yearly": 4.49,
            "eps_latest_yearly": 1.32,
            "eps_growth_yearly": 28.61
        },
        "20142": {
            "year_quarter": 20142,
            "year": 2014,
            "quarter": 2,
            "eps": 0.4,
            "eps_growth_year": -48.72,
            "eps_4q": 1.08,
            "eps_4q_growth_year": -65.73,
            "roe": 2.02,
            "roe_4q": 5.43,
            "gross_profit": 1149050,
            "gross_margin": 14.04,
            "gross_margin_4q_avg": 11.35,
            "net_income": 349701,
            "net_income_4q": null,
            "revenue": 8184381,
            "revenue_4q": null,
            "common_shares": 7863904,
            "book_valuer_per_share": 19.18,
            "book_valuer_per_share_4q_avg": 19.68,
            "equity": 16839275,
            "current_ratio": 131.47,
            "debt_ratio": 48.87,
            "inventory_turnover_ratio": 1.24,
            "account_receivable_turnover_ratio": 1.97,
            "reinvestment_rate": 29.76,
            "research_to_sale_ratio": 1.12,
            "price_fair": 150.24,
            "eps_avg_yearly": 4.29,
            "eps_latest_yearly": 1.6,
            "eps_growth_yearly": 29.37
        },
        "20143": {
            "year_quarter": 20143,
            "year": 2014,
            "quarter": 3,
            "eps": 0.31,
            "eps_growth_year": 181.82,
            "eps_4q": 1.28,
            "eps_4q_growth_year": -46.45,
            "roe": 1.73,
            "roe_4q": 6.58,
            "gross_profit": 888481,
            "gross_margin": 11.34,
            "gross_margin_4q_avg": 11.69,
            "net_income": 295821,
            "net_income_4q": null,
            "revenue": 7831792,
            "revenue_4q": null,
            "common_shares": 8257099,
            "book_valuer_per_share": 18.83,
            "book_valuer_per_share_4q_avg": 19.57,
            "equity": 17394131,
            "current_ratio": 133.36,
            "debt_ratio": 47.35,
            "inventory_turnover_ratio": 1.21,
            "account_receivable_turnover_ratio": 1.99,
            "reinvestment_rate": 31.47,
            "research_to_sale_ratio": 1.1,
            "price_fair": 131.86,
            "eps_avg_yearly": 4.06,
            "eps_latest_yearly": 1.24,
            "eps_growth_yearly": 22.46
        },
        "20144": {
            "year_quarter": 20144,
            "year": 2014,
            "quarter": 4,
            "eps": 0.37,
            "eps_growth_year": 30.51,
            "eps_4q": 1.38,
            "eps_4q_growth_year": -27.29,
            "roe": 1.84,
            "roe_4q": 7.12,
            "gross_profit": 961370,
            "gross_margin": 12.14,
            "gross_margin_4q_avg": 12.42,
            "net_income": 326821,
            "net_income_4q": null,
            "revenue": 7920887,
            "revenue_4q": null,
            "common_shares": 8257099,
            "book_valuer_per_share": 19.63,
            "book_valuer_per_share_4q_avg": 19.52,
            "equity": 18138398,
            "current_ratio": 149.91,
            "debt_ratio": 45.29,
            "inventory_turnover_ratio": 1.18,
            "account_receivable_turnover_ratio": 2.03,
            "reinvestment_rate": 33.44,
            "research_to_sale_ratio": 1.15,
            "price_fair": 106.81,
            "eps_avg_yearly": 3.74,
            "eps_latest_yearly": 1.48,
            "eps_growth_yearly": 18.56
        },
        "20151": {
            "year_quarter": 20151,
            "year": 2015,
            "quarter": 1,
            "eps": 0.24,
            "eps_growth_year": -27.27,
            "eps_4q": 1.31,
            "eps_4q_growth_year": -12.49,
            "roe": 1.22,
            "roe_4q": 6.8100000000000005,
            "gross_profit": 944484,
            "gross_margin": 13.98,
            "gross_margin_4q_avg": 12.88,
            "net_income": 220736,
            "net_income_4q": null,
            "revenue": 6755875,
            "revenue_4q": null,
            "common_shares": 8257099,
            "book_valuer_per_share": 19.69,
            "book_valuer_per_share_4q_avg": 19.33,
            "equity": 18080595,
            "current_ratio": 137.47,
            "debt_ratio": 42.22,
            "inventory_turnover_ratio": 1.05,
            "account_receivable_turnover_ratio": 1.82,
            "reinvestment_rate": 36.23,
            "research_to_sale_ratio": 1.14,
            "price_fair": 9.51,
            "eps_avg_yearly": 3.17,
            "eps_latest_yearly": 0.96,
            "eps_growth_yearly": -3.18
        },
        "20152": {
            "year_quarter": 20152,
            "year": 2015,
            "quarter": 2,
            "eps": 0.42,
            "eps_growth_year": 5,
            "eps_4q": 1.34,
            "eps_4q_growth_year": 24.2,
            "roe": 2.24,
            "roe_4q": 7.029999999999999,
            "gross_profit": 824526,
            "gross_margin": 12.67,
            "gross_margin_4q_avg": 12.53,
            "net_income": 393022,
            "net_income_4q": null,
            "revenue": 6507520,
            "revenue_4q": null,
            "common_shares": 8257099,
            "book_valuer_per_share": 18.44,
            "book_valuer_per_share_4q_avg": 19.15,
            "equity": 17043288,
            "current_ratio": 122.73,
            "debt_ratio": 45.38,
            "inventory_turnover_ratio": 1.09,
            "account_receivable_turnover_ratio": 1.95,
            "reinvestment_rate": 31.89,
            "research_to_sale_ratio": 1.29,
            "price_fair": 74.26,
            "eps_avg_yearly": 2.7,
            "eps_latest_yearly": 1.68,
            "eps_growth_yearly": 17.56
        },
        "20153": {
            "year_quarter": 20153,
            "year": 2015,
            "quarter": 3,
            "eps": -0.09,
            "eps_growth_year": -129.03,
            "eps_4q": 0.93,
            "eps_4q_growth_year": -27.31,
            "roe": -0.47,
            "roe_4q": 4.83,
            "gross_profit": 861693,
            "gross_margin": 13.43,
            "gross_margin_4q_avg": 13.06,
            "net_income": -82634,
            "net_income_4q": null,
            "revenue": 6415693,
            "revenue_4q": null,
            "common_shares": 8257099,
            "book_valuer_per_share": 19.83,
            "book_valuer_per_share_4q_avg": 19.4,
            "equity": 18261251,
            "current_ratio": 150.22,
            "debt_ratio": 40.73,
            "inventory_turnover_ratio": 1.09,
            "account_receivable_turnover_ratio": 1.92,
            "reinvestment_rate": 36.76,
            "research_to_sale_ratio": 1.26,
            "price_fair": 73.05,
            "eps_avg_yearly": 2.32,
            "eps_latest_yearly": 1.68,
            "eps_growth_yearly": 21.49
        },
        "20154": {
            "year_quarter": 20154,
            "year": 2015,
            "quarter": 4,
            "eps": 0.07,
            "eps_growth_year": -79.89,
            "eps_4q": 0.64,
            "eps_4q_growth_year": -53.64,
            "roe": 0.39,
            "roe_4q": 3.38,
            "gross_profit": 744912,
            "gross_margin": 11.82,
            "gross_margin_4q_avg": 12.98,
            "net_income": 70023,
            "net_income_4q": null,
            "revenue": 6302671,
            "revenue_4q": null,
            "common_shares": 8257099,
            "book_valuer_per_share": 19.67,
            "book_valuer_per_share_4q_avg": 19.41,
            "equity": 18077114,
            "current_ratio": 155.35,
            "debt_ratio": 39.73,
            "inventory_turnover_ratio": 1.14,
            "account_receivable_turnover_ratio": 1.93,
            "reinvestment_rate": 31.66,
            "research_to_sale_ratio": 1.38,
            "price_fair": 73.5,
            "eps_avg_yearly": 2.1,
            "eps_latest_yearly": 1.68,
            "eps_growth_yearly": 33.05
        },
        "20161": {
            "year_quarter": 20161,
            "year": 2016,
            "quarter": 1,
            "eps": 0.27,
            "eps_growth_year": 12.5,
            "eps_4q": 0.68,
            "eps_4q_growth_year": -48.32,
            "roe": 1.36,
            "roe_4q": 3.5200000000000005,
            "gross_profit": 945756,
            "gross_margin": 15.46,
            "gross_margin_4q_avg": 13.35,
            "net_income": 245479,
            "net_income_4q": null,
            "revenue": 6117401,
            "revenue_4q": null,
            "common_shares": 8257099,
            "book_valuer_per_share": 19.61,
            "book_valuer_per_share_4q_avg": 19.39,
            "equity": 17952915,
            "current_ratio": 146.02,
            "debt_ratio": 39.13,
            "inventory_turnover_ratio": 1.05,
            "account_receivable_turnover_ratio": 1.88,
            "reinvestment_rate": 21.49,
            "research_to_sale_ratio": 1.33,
            "price_fair": 64.7,
            "eps_avg_yearly": 1.85,
            "eps_latest_yearly": 1.08,
            "eps_growth_yearly": 118.91
        },
        "20162": {
            "year_quarter": 20162,
            "year": 2016,
            "quarter": 2,
            "eps": 0.56,
            "eps_growth_year": 33.33,
            "eps_4q": 0.81,
            "eps_4q_growth_year": -39.45,
            "roe": 2.99,
            "roe_4q": 4.2700000000000005,
            "gross_profit": 1242291,
            "gross_margin": 17.56,
            "gross_margin_4q_avg": 14.57,
            "net_income": 527733,
            "net_income_4q": null,
            "revenue": 7074160,
            "revenue_4q": null,
            "common_shares": 8257099,
            "book_valuer_per_share": 18.81,
            "book_valuer_per_share_4q_avg": 19.48,
            "equity": 17301110,
            "current_ratio": 136.82,
            "debt_ratio": 42.45,
            "inventory_turnover_ratio": 1.15,
            "account_receivable_turnover_ratio": 1.98,
            "reinvestment_rate": 7.85,
            "research_to_sale_ratio": 1.19,
            "price_fair": 64.3,
            "eps_avg_yearly": 1.84,
            "eps_latest_yearly": 2.24,
            "eps_growth_yearly": 163.27
        },
        "20163": {
            "year_quarter": 20163,
            "year": 2016,
            "quarter": 3,
            "eps": 0.3,
            "eps_growth_year": null,
            "eps_4q": 1.2,
            "eps_4q_growth_year": 28.8,
            "roe": 1.53,
            "roe_4q": 6.2700000000000005,
            "gross_profit": 941178,
            "gross_margin": 14.33,
            "gross_margin_4q_avg": 14.79,
            "net_income": 263295,
            "net_income_4q": null,
            "revenue": 6569097,
            "revenue_4q": null,
            "common_shares": 8257099,
            "book_valuer_per_share": 18.53,
            "book_valuer_per_share_4q_avg": 19.16,
            "equity": 17036098,
            "current_ratio": 140.34,
            "debt_ratio": 40.63,
            "inventory_turnover_ratio": 1.16,
            "account_receivable_turnover_ratio": 1.82,
            "reinvestment_rate": -12.19,
            "research_to_sale_ratio": 1.45,
            "price_fair": 58.8,
            "eps_avg_yearly": 1.68,
            "eps_latest_yearly": 1.2,
            "eps_growth_yearly": 138.1
        },
        "20164": {
            "year_quarter": 20164,
            "year": 2016,
            "quarter": 4,
            "eps": 0.07,
            "eps_growth_year": -6.22,
            "eps_4q": 1.2,
            "eps_4q_growth_year": 86.79,
            "roe": 0.34,
            "roe_4q": 6.220000000000001,
            "gross_profit": 751656,
            "gross_margin": 10.45,
            "gross_margin_4q_avg": 14.45,
            "net_income": 57100,
            "net_income_4q": null,
            "revenue": 7194432,
            "revenue_4q": null,
            "common_shares": 8257099,
            "book_valuer_per_share": 18.58,
            "book_valuer_per_share_4q_avg": 18.88,
            "equity": 17051825,
            "current_ratio": 136.77,
            "debt_ratio": 42.72,
            "inventory_turnover_ratio": 1.29,
            "account_receivable_turnover_ratio": 1.95,
            "reinvestment_rate": -24.89,
            "research_to_sale_ratio": 1.19,
            "price_fair": 51.7,
            "eps_avg_yearly": 1.48,
            "eps_latest_yearly": 0.28,
            "eps_growth_yearly": 118.54
        },
        "20171": {
            "year_quarter": 20171,
            "year": 2017,
            "quarter": 1,
            "eps": 0.43,
            "eps_growth_year": 59.26,
            "eps_4q": 1.35,
            "eps_4q_growth_year": 100.22,
            "roe": 2.16,
            "roe_4q": 7.0200000000000005,
            "gross_profit": 1045825,
            "gross_margin": 11.94,
            "gross_margin_4q_avg": 13.57,
            "net_income": 364918,
            "net_income_4q": null,
            "revenue": 8758834,
            "revenue_4q": null,
            "common_shares": 8257099,
            "book_valuer_per_share": 18.26,
            "book_valuer_per_share_4q_avg": 18.55,
            "equity": 16721427,
            "current_ratio": 126.73,
            "debt_ratio": 48.43,
            "inventory_turnover_ratio": 1.22,
            "account_receivable_turnover_ratio": 2,
            "reinvestment_rate": -47.07,
            "research_to_sale_ratio": 1.01,
            "price_fair": 48.7,
            "eps_avg_yearly": 1.39,
            "eps_latest_yearly": 1.72,
            "eps_growth_yearly": 267.31
        },
        "20172": {
            "year_quarter": 20172,
            "year": 2017,
            "quarter": 2,
            "eps": -0.11,
            "eps_growth_year": -119.64,
            "eps_4q": 0.69,
            "eps_4q_growth_year": -14.82,
            "roe": -1.12,
            "roe_4q": 2.91,
            "gross_profit": 500871,
            "gross_margin": 5.99,
            "gross_margin_4q_avg": 10.68,
            "net_income": -181577,
            "net_income_4q": null,
            "revenue": 8362661,
            "revenue_4q": null,
            "common_shares": 8257099,
            "book_valuer_per_share": 17.31,
            "book_valuer_per_share_4q_avg": 18.17,
            "equity": 15803440,
            "current_ratio": 119.51,
            "debt_ratio": 49.71,
            "inventory_turnover_ratio": 1.12,
            "account_receivable_turnover_ratio": 1.77,
            "reinvestment_rate": -66.79,
            "research_to_sale_ratio": 1.07,
            "price_fair": 44.05,
            "eps_avg_yearly": 1.26,
            "eps_latest_yearly": 1.72,
            "eps_growth_yearly": 285.77
        },
        "20173": {
            "year_quarter": 20173,
            "year": 2017,
            "quarter": 3,
            "eps": 0.36,
            "eps_growth_year": 20,
            "eps_4q": 0.75,
            "eps_4q_growth_year": -37.66,
            "roe": 1.85,
            "roe_4q": 3.23,
            "gross_profit": 851461,
            "gross_margin": 11.28,
            "gross_margin_4q_avg": 9.92,
            "net_income": 295231,
            "net_income_4q": null,
            "revenue": 7549646,
            "revenue_4q": null,
            "common_shares": 8257099,
            "book_valuer_per_share": 17.56,
            "book_valuer_per_share_4q_avg": 17.93,
            "equity": 16038637,
            "current_ratio": 127.92,
            "debt_ratio": 44.48,
            "inventory_turnover_ratio": 1.09,
            "account_receivable_turnover_ratio": 1.8,
            "reinvestment_rate": -59.55,
            "research_to_sale_ratio": 1.2,
            "price_fair": 46.43,
            "eps_avg_yearly": 1.33,
            "eps_latest_yearly": 1.72,
            "eps_growth_yearly": 338.22
        },
        "20174": {
            "year_quarter": 20174,
            "year": 2017,
            "quarter": 4,
            "eps": 0.38,
            "eps_growth_year": 449.06,
            "eps_4q": 1.06,
            "eps_4q_growth_year": -11.56,
            "roe": 2.29,
            "roe_4q": 5.180000000000001,
            "gross_profit": 930722,
            "gross_margin": 13.12,
            "gross_margin_4q_avg": 10.58,
            "net_income": 371145,
            "net_income_4q": null,
            "revenue": 7095096,
            "revenue_4q": null,
            "common_shares": 8257099,
            "book_valuer_per_share": 18.02,
            "book_valuer_per_share_4q_avg": 17.79,
            "equity": 16443446,
            "current_ratio": 128.7,
            "debt_ratio": 43.3,
            "inventory_turnover_ratio": 1.07,
            "account_receivable_turnover_ratio": 1.87,
            "reinvestment_rate": -63.33,
            "research_to_sale_ratio": 1.51,
            "price_fair": 47.6,
            "eps_avg_yearly": 1.36,
            "eps_latest_yearly": 1.52,
            "eps_growth_yearly": 288.55
        },
        "20181": {
            "year_quarter": 20181,
            "year": 2018,
            "quarter": 1,
            "eps": 0.29,
            "eps_growth_year": -32.56,
            "eps_4q": 0.92,
            "eps_4q_growth_year": -32.26,
            "roe": 1.66,
            "roe_4q": 4.680000000000001,
            "gross_profit": 1001234,
            "gross_margin": 13.32,
            "gross_margin_4q_avg": 10.93,
            "net_income": 274928,
            "net_income_4q": null,
            "revenue": 7516989,
            "revenue_4q": null,
            "common_shares": 8257099,
            "book_valuer_per_share": 18.26,
            "book_valuer_per_share_4q_avg": 17.79,
            "equity": 16704501,
            "current_ratio": 149.35,
            "debt_ratio": 42.82,
            "inventory_turnover_ratio": 1.09,
            "account_receivable_turnover_ratio": 1.91,
            "reinvestment_rate": -88.42,
            "research_to_sale_ratio": 1.11,
            "price_fair": 47.13,
            "eps_avg_yearly": 1.35,
            "eps_latest_yearly": 1.16,
            "eps_growth_yearly": 274.71
        },
        "20182": {
            "year_quarter": 20182,
            "year": 2018,
            "quarter": 2,
            "eps": 0.47,
            "eps_growth_year": null,
            "eps_4q": 1.5,
            "eps_4q_growth_year": 116.99,
            "roe": 2.44,
            "roe_4q": 8.24,
            "gross_profit": 972990,
            "gross_margin": 12.65,
            "gross_margin_4q_avg": 12.59,
            "net_income": 406540,
            "net_income_4q": null,
            "revenue": 7693782,
            "revenue_4q": null,
            "common_shares": 8257099,
            "book_valuer_per_share": 18.12,
            "book_valuer_per_share_4q_avg": 17.99,
            "equity": 16587479,
            "current_ratio": 154.32,
            "debt_ratio": 44.49,
            "inventory_turnover_ratio": 1.14,
            "account_receivable_turnover_ratio": 1.86,
            "reinvestment_rate": -81.59,
            "research_to_sale_ratio": 1.11,
            "price_fair": 47.95,
            "eps_avg_yearly": 1.37,
            "eps_latest_yearly": 1.88,
            "eps_growth_yearly": 288.32
        },
        "20183": {
            "year_quarter": 20183,
            "year": 2018,
            "quarter": 3,
            "eps": 0.24,
            "eps_growth_year": -33.33,
            "eps_4q": 1.38,
            "eps_4q_growth_year": 84.56,
            "roe": 1.22,
            "roe_4q": 7.61,
            "gross_profit": 740896,
            "gross_margin": 9.83,
            "gross_margin_4q_avg": 12.23,
            "net_income": 201767,
            "net_income_4q": null,
            "revenue": 7535083,
            "revenue_4q": null,
            "common_shares": 8257099,
            "book_valuer_per_share": 18.1,
            "book_valuer_per_share_4q_avg": 18.13,
            "equity": 16515113,
            "current_ratio": 155.48,
            "debt_ratio": 44.06,
            "inventory_turnover_ratio": 1.13,
            "account_receivable_turnover_ratio": 1.9,
            "reinvestment_rate": -83.81,
            "research_to_sale_ratio": 1.31,
            "price_fair": 47.13,
            "eps_avg_yearly": 1.35,
            "eps_latest_yearly": 0.96,
            "eps_growth_yearly": 279.51
        },
        "20184": {
            "year_quarter": 20184,
            "year": 2018,
            "quarter": 4,
            "eps": 0.44,
            "eps_growth_year": 16.22,
            "eps_4q": 1.44,
            "eps_4q_growth_year": 36.39,
            "roe": 2.1,
            "roe_4q": 7.42,
            "gross_profit": 773594,
            "gross_margin": 11.04,
            "gross_margin_4q_avg": 11.71,
            "net_income": 350435,
            "net_income_4q": null,
            "revenue": 7005364,
            "revenue_4q": null,
            "common_shares": 8257099,
            "book_valuer_per_share": 18.54,
            "book_valuer_per_share_4q_avg": 18.26,
            "equity": 16881841,
            "current_ratio": 181.84,
            "debt_ratio": 44.16,
            "inventory_turnover_ratio": 0.99,
            "account_receivable_turnover_ratio": 1.96,
            "reinvestment_rate": -74.48,
            "research_to_sale_ratio": 1.73,
            "price_fair": 47.95,
            "eps_avg_yearly": 1.37,
            "eps_latest_yearly": 1.76,
            "eps_growth_yearly": 300.84
        },
        "20191": {
            "year_quarter": 20191,
            "year": 2019,
            "quarter": 1,
            "eps": 0.34,
            "eps_growth_year": 17.24,
            "eps_4q": 1.5,
            "eps_4q_growth_year": 63.83,
            "roe": 1.77,
            "roe_4q": 7.529999999999999,
            "gross_profit": 870084,
            "gross_margin": 11.51,
            "gross_margin_4q_avg": 11.26,
            "net_income": 304585,
            "net_income_4q": null,
            "revenue": 7560995,
            "revenue_4q": null,
            "common_shares": 8257099,
            "book_valuer_per_share": 19.3,
            "book_valuer_per_share_4q_avg": 18.52,
            "equity": 17563939,
            "current_ratio": 173.76,
            "debt_ratio": 45.56,
            "inventory_turnover_ratio": 1.06,
            "account_receivable_turnover_ratio": 2.09,
            "reinvestment_rate": -50.92,
            "research_to_sale_ratio": 1.19,
            "price_fair": 49.12,
            "eps_avg_yearly": 1.4,
            "eps_latest_yearly": 1.36,
            "eps_growth_yearly": 304.97
        },
        "20192": {
            "year_quarter": 20192,
            "year": 2019,
            "quarter": 2,
            "eps": 0.41,
            "eps_growth_year": -12.77,
            "eps_4q": 1.43,
            "eps_4q_growth_year": -4.41,
            "roe": 2.11,
            "roe_4q": 7.2,
            "gross_profit": 1010184,
            "gross_margin": 13.31,
            "gross_margin_4q_avg": 11.42,
            "net_income": 367133,
            "net_income_4q": null,
            "revenue": 7587970,
            "revenue_4q": null,
            "common_shares": 8257099,
            "book_valuer_per_share": 18.9,
            "book_valuer_per_share_4q_avg": 18.71,
            "equity": 17248642,
            "current_ratio": 171.86,
            "debt_ratio": 46.45,
            "inventory_turnover_ratio": 1.1,
            "account_receivable_turnover_ratio": 1.98,
            "reinvestment_rate": -48.14,
            "research_to_sale_ratio": 1.21,
            "price_fair": 49,
            "eps_avg_yearly": 1.4,
            "eps_latest_yearly": 1.64,
            "eps_growth_yearly": 286.84
        },
        "20193": {
            "year_quarter": 20193,
            "year": 2019,
            "quarter": 3,
            "eps": 0.02,
            "eps_growth_year": -91.67,
            "eps_4q": 1.21,
            "eps_4q_growth_year": -12.47,
            "roe": 0.11,
            "roe_4q": 6.09,
            "gross_profit": 696021,
            "gross_margin": 10.06,
            "gross_margin_4q_avg": 11.48,
            "net_income": 18018,
            "net_income_4q": null,
            "revenue": 6918366,
            "revenue_4q": null,
            "common_shares": 8257099,
            "book_valuer_per_share": 18.35,
            "book_valuer_per_share_4q_avg": 18.77,
            "equity": 16716286,
            "current_ratio": 175.63,
            "debt_ratio": 47.02,
            "inventory_turnover_ratio": 1.14,
            "account_receivable_turnover_ratio": 1.8,
            "reinvestment_rate": -58.48,
            "research_to_sale_ratio": 1.41,
            "price_fair": 45.45,
            "eps_avg_yearly": 1.3,
            "eps_latest_yearly": 0.08,
            "eps_growth_yearly": 235.5
        },
        "20194": {
            "year_quarter": 20194,
            "year": 2019,
            "quarter": 4,
            "eps": 0.13,
            "eps_growth_year": -71.26,
            "eps_4q": 0.9,
            "eps_4q_growth_year": -37.9,
            "roe": 0.77,
            "roe_4q": 4.76,
            "gross_profit": 800995,
            "gross_margin": 11.7,
            "gross_margin_4q_avg": 11.65,
            "net_income": 127384,
            "net_income_4q": null,
            "revenue": 6843392,
            "revenue_4q": null,
            "common_shares": 8257099,
            "book_valuer_per_share": 18.02,
            "book_valuer_per_share_4q_avg": 18.64,
            "equity": 16452723,
            "current_ratio": 165.22,
            "debt_ratio": 49.4,
            "inventory_turnover_ratio": 1.04,
            "account_receivable_turnover_ratio": 1.83,
            "reinvestment_rate": -40.88,
            "research_to_sale_ratio": 1.61,
            "price_fair": 43.5,
            "eps_avg_yearly": 1.24,
            "eps_latest_yearly": 0.52,
            "eps_growth_yearly": 375.83
        },
        "20201": {
            "year_quarter": 20201,
            "year": 2020,
            "quarter": 1,
            "eps": 0.07,
            "eps_growth_year": -79.41,
            "eps_4q": 0.62,
            "eps_4q_growth_year": -58.41,
            "roe": 0.58,
            "roe_4q": 3.5700000000000003,
            "gross_profit": 761147,
            "gross_margin": 11.72,
            "gross_margin_4q_avg": 11.7,
            "net_income": 94602,
            "net_income_4q": null,
            "revenue": 6493846,
            "revenue_4q": null,
            "common_shares": 8257099,
            "book_valuer_per_share": 17.8,
            "book_valuer_per_share_4q_avg": 18.27,
            "equity": 16287311,
            "current_ratio": 158.47,
            "debt_ratio": 48.23,
            "inventory_turnover_ratio": 0.93,
            "account_receivable_turnover_ratio": 1.84,
            "reinvestment_rate": -38.71,
            "research_to_sale_ratio": 1.44,
            "price_fair": 41.5,
            "eps_avg_yearly": 1.19,
            "eps_latest_yearly": 0.28,
            "eps_growth_yearly": 281.01
        },
        "20202": {
            "year_quarter": 20202,
            "year": 2020,
            "quarter": 2,
            "eps": -0.14,
            "eps_growth_year": -134.15,
            "eps_4q": 0.08,
            "eps_4q_growth_year": -94.5,
            "roe": -0.3,
            "roe_4q": 1.1600000000000001,
            "gross_profit": 614465,
            "gross_margin": 11.1,
            "gross_margin_4q_avg": 11.15,
            "net_income": -47678,
            "net_income_4q": null,
            "revenue": 5535339,
            "revenue_4q": null,
            "common_shares": 8257099,
            "book_valuer_per_share": 17.3,
            "book_valuer_per_share_4q_avg": 17.87,
            "equity": 15915054,
            "current_ratio": 157.65,
            "debt_ratio": 46.95,
            "inventory_turnover_ratio": 0.9,
            "account_receivable_turnover_ratio": 1.84,
            "reinvestment_rate": -37.96,
            "research_to_sale_ratio": 1.56,
            "price_fair": 38.66,
            "eps_avg_yearly": 1.1,
            "eps_latest_yearly": 0.28,
            "eps_growth_yearly": 269.57
        },
        "20203": {
            "year_quarter": 20203,
            "year": 2020,
            "quarter": 3,
            "eps": -0.28,
            "eps_growth_year": -1500,
            "eps_4q": -0.22,
            "eps_4q_growth_year": -118.52,
            "roe": -0.98,
            "roe_4q": 0.06999999999999995,
            "gross_profit": 764119,
            "gross_margin": 13.63,
            "gross_margin_4q_avg": 12.04,
            "net_income": -153791,
            "net_income_4q": null,
            "revenue": 5607360,
            "revenue_4q": null,
            "common_shares": 8257099,
            "book_valuer_per_share": 16.73,
            "book_valuer_per_share_4q_avg": 17.46,
            "equity": 15440851,
            "current_ratio": 152.84,
            "debt_ratio": 45.96,
            "inventory_turnover_ratio": 1.05,
            "account_receivable_turnover_ratio": 2.02,
            "reinvestment_rate": -11.5,
            "research_to_sale_ratio": 1.53,
            "price_fair": 38.38,
            "eps_avg_yearly": 1.1,
            "eps_latest_yearly": 0.28,
            "eps_growth_yearly": 307.51
        },
        "20204": {
            "year_quarter": 20204,
            "year": 2020,
            "quarter": 4,
            "eps": 0.32,
            "eps_growth_year": 156.33,
            "eps_4q": -0.03,
            "eps_4q_growth_year": -102.96,
            "roe": 2.06,
            "roe_4q": 1.3599999999999999,
            "gross_profit": 797538,
            "gross_margin": 12.49,
            "gross_margin_4q_avg": 12.24,
            "net_income": 322128,
            "net_income_4q": null,
            "revenue": 6387898,
            "revenue_4q": null,
            "common_shares": 8257099,
            "book_valuer_per_share": 17.12,
            "book_valuer_per_share_4q_avg": 17.24,
            "equity": 15858659,
            "current_ratio": 125.71,
            "debt_ratio": 45.82,
            "inventory_turnover_ratio": 1.25,
            "account_receivable_turnover_ratio": 2.02,
            "reinvestment_rate": 10.77,
            "research_to_sale_ratio": 1.33,
            "price_fair": 40.98,
            "eps_avg_yearly": 1.17,
            "eps_latest_yearly": 0.28,
            "eps_growth_yearly": 363.35
        },
        "20211": {
            "year_quarter": 20211,
            "year": 2021,
            "quarter": 1,
            "eps": 1.09,
            "eps_growth_year": 1457.14,
            "eps_4q": 0.99,
            "eps_4q_growth_year": 58.19,
            "roe": 6.61,
            "roe_4q": 7.39,
            "gross_profit": 2005516,
            "gross_margin": 24.41,
            "gross_margin_4q_avg": 15.41,
            "net_income": 1086131,
            "net_income_4q": null,
            "revenue": 8216811,
            "revenue_4q": null,
            "common_shares": 8257099,
            "book_valuer_per_share": 18.3,
            "book_valuer_per_share_4q_avg": 17.36,
            "equity": 17003764,
            "current_ratio": 141.71,
            "debt_ratio": 45.26,
            "inventory_turnover_ratio": 1.27,
            "account_receivable_turnover_ratio": 2.08,
            "reinvestment_rate": 16.91,
            "research_to_sale_ratio": 1.08,
            "price_fair": 49.38,
            "eps_avg_yearly": 1.41,
            "eps_latest_yearly": 4.36,
            "eps_growth_yearly": 263.84
        },
        "20212": {
            "year_quarter": 20212,
            "year": 2021,
            "quarter": 2,
            "eps": 1.21,
            "eps_growth_year": null,
            "eps_4q": 2.34,
            "eps_4q_growth_year": 2879.16,
            "roe": 6.67,
            "roe_4q": 14.360000000000001,
            "gross_profit": 1978147,
            "gross_margin": 23.22,
            "gross_margin_4q_avg": 18.44,
            "net_income": 1170716,
            "net_income_4q": null,
            "revenue": 8520715,
            "revenue_4q": null,
            "common_shares": 8257099,
            "book_valuer_per_share": 19.44,
            "book_valuer_per_share_4q_avg": 17.9,
            "equity": 18095124,
            "current_ratio": 149.54,
            "debt_ratio": 43.65,
            "inventory_turnover_ratio": 1.3,
            "account_receivable_turnover_ratio": 1.92,
            "reinvestment_rate": 18.81,
            "research_to_sale_ratio": 1.07,
            "price_fair": 59.38,
            "eps_avg_yearly": 1.7,
            "eps_latest_yearly": 4.84,
            "eps_growth_yearly": 245.52
        },
        "20213": {
            "year_quarter": 20213,
            "year": 2021,
            "quarter": 3,
            "eps": 1.75,
            "eps_growth_year": null,
            "eps_4q": 4.37,
            "eps_4q_growth_year": null,
            "roe": 8.01,
            "roe_4q": 23.349999999999998,
            "gross_profit": 1124661,
            "gross_margin": 14.66,
            "gross_margin_4q_avg": 18.7,
            "net_income": 1495060,
            "net_income_4q": null,
            "revenue": 7672862,
            "revenue_4q": null,
            "common_shares": 8257099,
            "book_valuer_per_share": 20.92,
            "book_valuer_per_share_4q_avg": 18.95,
            "equity": 19234496,
            "current_ratio": 169.54,
            "debt_ratio": 39.63,
            "inventory_turnover_ratio": 1.2,
            "account_receivable_turnover_ratio": 1.77,
            "reinvestment_rate": 24,
            "research_to_sale_ratio": 1.3,
            "price_fair": 73.66,
            "eps_avg_yearly": 2.1,
            "eps_latest_yearly": 7,
            "eps_growth_yearly": 240.36
        },
        "20214": {
            "year_quarter": 20214,
            "year": 2021,
            "quarter": 4,
            "eps": 0.72,
            "eps_growth_year": 120.68,
            "eps_4q": 4.76,
            "eps_4q_growth_year": null,
            "roe": 3.62,
            "roe_4q": 24.909999999999997,
            "gross_profit": 1692140,
            "gross_margin": 20.83,
            "gross_margin_4q_avg": 20.78,
            "net_income": 712398,
            "net_income_4q": null,
            "revenue": 8122850,
            "revenue_4q": null,
            "common_shares": 8257099,
            "book_valuer_per_share": 21.83,
            "book_valuer_per_share_4q_avg": 20.12,
            "equity": 20123818,
            "current_ratio": 180.88,
            "debt_ratio": 38.7,
            "inventory_turnover_ratio": 1.12,
            "account_receivable_turnover_ratio": 1.81,
            "reinvestment_rate": 23.67,
            "research_to_sale_ratio": 1.13,
            "price_fair": 77.32,
            "eps_avg_yearly": 2.21,
            "eps_latest_yearly": 2.88,
            "eps_growth_yearly": 220.55
        },
        "20221": {
            "year_quarter": 20221,
            "year": 2022,
            "quarter": 1,
            "eps": 0.79,
            "eps_growth_year": -27.52,
            "eps_4q": 4.46,
            "eps_4q_growth_year": 351.88,
            "roe": 4.02,
            "roe_4q": 22.32,
            "gross_profit": 1859363,
            "gross_margin": 21.52,
            "gross_margin_4q_avg": 20.06,
            "net_income": 797003,
            "net_income_4q": null,
            "revenue": 8642027,
            "revenue_4q": null,
            "common_shares": 8257099,
            "book_valuer_per_share": 20.85,
            "book_valuer_per_share_4q_avg": 20.76,
            "equity": 19536486,
            "current_ratio": 156.24,
            "debt_ratio": 43.71,
            "inventory_turnover_ratio": 1.12,
            "account_receivable_turnover_ratio": 1.81,
            "reinvestment_rate": 42.62,
            "research_to_sale_ratio": 0.99,
            "price_fair": 82.71,
            "eps_avg_yearly": 2.36,
            "eps_latest_yearly": 3.16,
            "eps_growth_yearly": 230.82
        },
        "20222": {
            "year_quarter": 20222,
            "year": 2022,
            "quarter": 2,
            "eps": 0.91,
            "eps_growth_year": -24.79,
            "eps_4q": 4.16,
            "eps_4q_growth_year": 77.39,
            "roe": 4.17,
            "roe_4q": 19.82,
            "gross_profit": 1640580,
            "gross_margin": 18.28,
            "gross_margin_4q_avg": 18.82,
            "net_income": 829682,
            "net_income_4q": null,
            "revenue": 8974820,
            "revenue_4q": null,
            "common_shares": 8257099,
            "book_valuer_per_share": 21.7,
            "book_valuer_per_share_4q_avg": 21.33,
            "equity": 20287071,
            "current_ratio": 162.79,
            "debt_ratio": 43.78,
            "inventory_turnover_ratio": 1.08,
            "account_receivable_turnover_ratio": 1.81,
            "reinvestment_rate": 43.41,
            "research_to_sale_ratio": 1.11,
            "price_fair": 87.45,
            "eps_avg_yearly": 2.5,
            "eps_latest_yearly": 3.64,
            "eps_growth_yearly": 216.4
        },
        "20223": {
            "year_quarter": 20223,
            "year": 2022,
            "quarter": 3,
            "eps": 0.47,
            "eps_growth_year": -73.14,
            "eps_4q": 2.89,
            "eps_4q_growth_year": -33.9,
            "roe": 2.15,
            "roe_4q": 13.96,
            "gross_profit": 1223661,
            "gross_margin": 14,
            "gross_margin_4q_avg": 18.66,
            "net_income": 443636,
            "net_income_4q": null,
            "revenue": 8740539,
            "revenue_4q": null,
            "common_shares": 8257099,
            "book_valuer_per_share": 22.72,
            "book_valuer_per_share_4q_avg": 21.78,
            "equity": 20931266,
            "current_ratio": 169.95,
            "debt_ratio": 42.93,
            "inventory_turnover_ratio": 1.05,
            "account_receivable_turnover_ratio": 1.76,
            "reinvestment_rate": 45.03,
            "research_to_sale_ratio": 1.16,
            "price_fair": 89.92,
            "eps_avg_yearly": 2.57,
            "eps_latest_yearly": 1.88,
            "eps_growth_yearly": 216.58
        },
        "20224": {
            "year_quarter": 20224,
            "year": 2022,
            "quarter": 4,
            "eps": -0.01,
            "eps_growth_year": -101.96,
            "eps_4q": 2.16,
            "eps_4q_growth_year": -54.65,
            "roe": 0.25,
            "roe_4q": 10.59,
            "gross_profit": 789669,
            "gross_margin": 10.55,
            "gross_margin_4q_avg": 16.09,
            "net_income": 51920,
            "net_income_4q": null,
            "revenue": 7483811,
            "revenue_4q": null,
            "common_shares": 8257099,
            "book_valuer_per_share": 22.44,
            "book_valuer_per_share_4q_avg": 21.93,
            "equity": 20731263,
            "current_ratio": 163.51,
            "debt_ratio": 43.32,
            "inventory_turnover_ratio": 0.91,
            "account_receivable_turnover_ratio": 1.69,
            "reinvestment_rate": 36.89,
            "research_to_sale_ratio": 1.41,
            "price_fair": 92.28,
            "eps_avg_yearly": 2.64,
            "eps_latest_yearly": 1.88,
            "eps_growth_yearly": 206.85
        },
        "20231": {
            "year_quarter": 20231,
            "year": 2023,
            "quarter": 1,
            "eps": 0.31,
            "eps_growth_year": -60.76,
            "eps_4q": 1.68,
            "eps_4q_growth_year": -62.38,
            "roe": 1.5,
            "roe_4q": 8.07,
            "gross_profit": 913209,
            "gross_margin": 11.26,
            "gross_margin_4q_avg": 13.52,
            "net_income": 309676,
            "net_income_4q": null,
            "revenue": 8113730,
            "revenue_4q": null,
            "common_shares": 8257099,
            "book_valuer_per_share": 22.01,
            "book_valuer_per_share_4q_avg": 22.22,
            "equity": 20443934,
            "current_ratio": 164.56,
            "debt_ratio": 44.47,
            "inventory_turnover_ratio": 0.96,
            "account_receivable_turnover_ratio": 1.97,
            "reinvestment_rate": 28.16,
            "research_to_sale_ratio": 1.15,
            "price_fair": 96.35,
            "eps_avg_yearly": 2.75,
            "eps_latest_yearly": 1.88,
            "eps_growth_yearly": 233.92
        },
        "20232": {
            "year_quarter": 20232,
            "year": 2023,
            "quarter": 2,
            "eps": 0.05,
            "eps_growth_year": -94.51,
            "eps_4q": 0.82,
            "eps_4q_growth_year": -80.22,
            "roe": 0.57,
            "roe_4q": 4.47,
            "gross_profit": 699823,
            "gross_margin": 9.04,
            "gross_margin_4q_avg": 11.21,
            "net_income": 118118,
            "net_income_4q": null,
            "revenue": 7742090,
            "revenue_4q": null,
            "common_shares": 8257099,
            "book_valuer_per_share": 22.36,
            "book_valuer_per_share_4q_avg": 22.38,
            "equity": 20730138,
            "current_ratio": 158.47,
            "debt_ratio": 44.72,
            "inventory_turnover_ratio": 0.98,
            "account_receivable_turnover_ratio": 1.82,
            "reinvestment_rate": 24.04,
            "research_to_sale_ratio": 1.33,
            "price_fair": 91.76,
            "eps_avg_yearly": 2.62,
            "eps_latest_yearly": 0.2,
            "eps_growth_yearly": 195.93
        }
    },
    "months": {
        "2001-06": {
            "month": "2001-06",
            "price": "3.87",
            "revenue": 515869
        },
        "2001-07": {
            "month": "2001-07",
            "price": "3.34",
            "revenue": 532954
        },
        "2001-08": {
            "month": "2001-08",
            "price": "3.85",
            "revenue": 497620
        },
        "2001-09": {
            "month": "2001-09",
            "price": "4.32",
            "revenue": 447903
        },
        "2001-10": {
            "month": "2001-10",
            "price": "3.97",
            "revenue": 450976
        },
        "2001-11": {
            "month": "2001-11",
            "price": "4.40",
            "revenue": 410149
        },
        "2001-12": {
            "month": "2001-12",
            "price": "4.61",
            "revenue": 359375
        },
        "2002-01": {
            "month": "2002-01",
            "price": "4.93",
            "revenue": 391431
        },
        "2002-02": {
            "month": "2002-02",
            "price": "5.32",
            "revenue": 280942
        },
        "2002-03": {
            "month": "2002-03",
            "price": "7.15",
            "revenue": 563658
        },
        "2002-04": {
            "month": "2002-04",
            "price": "7.81",
            "revenue": 493669
        },
        "2002-05": {
            "month": "2002-05",
            "price": "7.08",
            "revenue": 492959
        },
        "2002-06": {
            "month": "2002-06",
            "price": "8.67",
            "revenue": 446892
        },
        "2002-07": {
            "month": "2002-07",
            "price": "8.75",
            "revenue": 513555
        },
        "2002-08": {
            "month": "2002-08",
            "price": "7.18",
            "revenue": 536844
        },
        "2002-09": {
            "month": "2002-09",
            "price": "5.62",
            "revenue": 441277
        },
        "2002-10": {
            "month": "2002-10",
            "price": "5.09",
            "revenue": 545449
        },
        "2002-11": {
            "month": "2002-11",
            "price": "6.32",
            "revenue": 445689
        },
        "2002-12": {
            "month": "2002-12",
            "price": "6.57",
            "revenue": 517736
        },
        "2003-01": {
            "month": "2003-01",
            "price": "8.97",
            "revenue": 540631
        },
        "2003-02": {
            "month": "2003-02",
            "price": "8.50",
            "revenue": 494979
        },
        "2003-03": {
            "month": "2003-03",
            "price": "7.57",
            "revenue": 629065
        },
        "2003-04": {
            "month": "2003-04",
            "price": "7.06",
            "revenue": 609055
        },
        "2003-05": {
            "month": "2003-05",
            "price": "6.41",
            "revenue": 651900
        },
        "2003-06": {
            "month": "2003-06",
            "price": "8.09",
            "revenue": 673582
        },
        "2003-07": {
            "month": "2003-07",
            "price": "9.08",
            "revenue": 665132
        },
        "2003-08": {
            "month": "2003-08",
            "price": "9.40",
            "revenue": 619192
        },
        "2003-09": {
            "month": "2003-09",
            "price": "9.29",
            "revenue": 662754
        },
        "2003-10": {
            "month": "2003-10",
            "price": "11.78",
            "revenue": 733422
        },
        "2003-11": {
            "month": "2003-11",
            "price": "13.54",
            "revenue": 747040
        },
        "2003-12": {
            "month": "2003-12",
            "price": "13.66",
            "revenue": 712575
        },
        "2004-01": {
            "month": "2004-01",
            "price": "15.19",
            "revenue": 637502
        },
        "2004-02": {
            "month": "2004-02",
            "price": "14.76",
            "revenue": 716086
        },
        "2004-03": {
            "month": "2004-03",
            "price": "15.06",
            "revenue": 717839
        },
        "2004-04": {
            "month": "2004-04",
            "price": "13.77",
            "revenue": 748283
        },
        "2004-05": {
            "month": "2004-05",
            "price": "11.97",
            "revenue": 812295
        },
        "2004-06": {
            "month": "2004-06",
            "price": "12.49",
            "revenue": 834906
        },
        "2004-07": {
            "month": "2004-07",
            "price": "12.79",
            "revenue": 809560
        },
        "2004-08": {
            "month": "2004-08",
            "price": "11.20",
            "revenue": 1042698
        },
        "2004-09": {
            "month": "2004-09",
            "price": "12.81",
            "revenue": 1021921
        },
        "2004-10": {
            "month": "2004-10",
            "price": "12.90",
            "revenue": 924428
        },
        "2004-11": {
            "month": "2004-11",
            "price": "12.34",
            "revenue": 1035577
        },
        "2004-12": {
            "month": "2004-12",
            "price": "13.35",
            "revenue": 831905
        },
        "2005-01": {
            "month": "2005-01",
            "price": "14.15",
            "revenue": 896767
        },
        "2005-02": {
            "month": "2005-02",
            "price": "15.17",
            "revenue": 759461
        },
        "2005-03": {
            "month": "2005-03",
            "price": "15.86",
            "revenue": 1103710
        },
        "2005-04": {
            "month": "2005-04",
            "price": "15.60",
            "revenue": 989576
        },
        "2005-05": {
            "month": "2005-05",
            "price": "16.33",
            "revenue": 981636
        },
        "2005-06": {
            "month": "2005-06",
            "price": "16.45",
            "revenue": 1063769
        },
        "2005-07": {
            "month": "2005-07",
            "price": "15.51",
            "revenue": 907089
        },
        "2005-08": {
            "month": "2005-08",
            "price": "15.41",
            "revenue": 1008949
        },
        "2005-09": {
            "month": "2005-09",
            "price": "16.38",
            "revenue": 1081816
        },
        "2005-10": {
            "month": "2005-10",
            "price": "16.34",
            "revenue": 1100931
        },
        "2005-11": {
            "month": "2005-11",
            "price": "17.38",
            "revenue": 925704
        },
        "2005-12": {
            "month": "2005-12",
            "price": "17.69",
            "revenue": 933492
        },
        "2006-01": {
            "month": "2006-01",
            "price": "19.64",
            "revenue": 893580
        },
        "2006-02": {
            "month": "2006-02",
            "price": "20.64",
            "revenue": 870307
        },
        "2006-03": {
            "month": "2006-03",
            "price": "20.16",
            "revenue": 953084
        },
        "2006-04": {
            "month": "2006-04",
            "price": "22.28",
            "revenue": 962426
        },
        "2006-05": {
            "month": "2006-05",
            "price": "23.00",
            "revenue": 898641
        },
        "2006-06": {
            "month": "2006-06",
            "price": "21.86",
            "revenue": 1034133
        },
        "2006-07": {
            "month": "2006-07",
            "price": "20.81",
            "revenue": 1060892
        },
        "2006-08": {
            "month": "2006-08",
            "price": "19.31",
            "revenue": 1043041
        },
        "2006-09": {
            "month": "2006-09",
            "price": "18.14",
            "revenue": 2037969
        },
        "2006-10": {
            "month": "2006-10",
            "price": "19.85",
            "revenue": 1699512
        },
        "2006-11": {
            "month": "2006-11",
            "price": "21.58",
            "revenue": 1880631
        },
        "2006-12": {
            "month": "2006-12",
            "price": "23.03",
            "revenue": 2053891
        },
        "2007-01": {
            "month": "2007-01",
            "price": "23.05",
            "revenue": 1902812
        },
        "2007-02": {
            "month": "2007-02",
            "price": "23.50",
            "revenue": 1738266
        },
        "2007-03": {
            "month": "2007-03",
            "price": "24.79",
            "revenue": 2515450
        },
        "2007-04": {
            "month": "2007-04",
            "price": "30.01",
            "revenue": 2177574
        },
        "2007-05": {
            "month": "2007-05",
            "price": "30.65",
            "revenue": 2155293
        },
        "2007-06": {
            "month": "2007-06",
            "price": "34.24",
            "revenue": 2019260
        },
        "2007-07": {
            "month": "2007-07",
            "price": "40.98",
            "revenue": 1942084
        },
        "2007-08": {
            "month": "2007-08",
            "price": "42.66",
            "revenue": 1992334
        },
        "2007-09": {
            "month": "2007-09",
            "price": "52.43",
            "revenue": 1980134
        },
        "2007-10": {
            "month": "2007-10",
            "price": "49.63",
            "revenue": 2103119
        },
        "2007-11": {
            "month": "2007-11",
            "price": "46.46",
            "revenue": 2162361
        },
        "2007-12": {
            "month": "2007-12",
            "price": "43.05",
            "revenue": 2151680
        },
        "2008-01": {
            "month": "2008-01",
            "price": "39.00",
            "revenue": 2395715
        },
        "2008-02": {
            "month": "2008-02",
            "price": "39.89",
            "revenue": 2334260
        },
        "2008-03": {
            "month": "2008-03",
            "price": "44.61",
            "revenue": 2583179
        },
        "2008-04": {
            "month": "2008-04",
            "price": "49.33",
            "revenue": 2630185
        },
        "2008-05": {
            "month": "2008-05",
            "price": "51.59",
            "revenue": 2894403
        },
        "2008-06": {
            "month": "2008-06",
            "price": "48.89",
            "revenue": 3088169
        },
        "2008-07": {
            "month": "2008-07",
            "price": "44.15",
            "revenue": 3072615
        },
        "2008-08": {
            "month": "2008-08",
            "price": "39.43",
            "revenue": 3163875
        },
        "2008-09": {
            "month": "2008-09",
            "price": "35.85",
            "revenue": 3138515
        },
        "2008-10": {
            "month": "2008-10",
            "price": "26.61",
            "revenue": 2249783
        },
        "2008-11": {
            "month": "2008-11",
            "price": "24.86",
            "revenue": 1917918
        },
        "2008-12": {
            "month": "2008-12",
            "price": "23.79",
            "revenue": 1526871
        },
        "2009-01": {
            "month": "2009-01",
            "price": "24.11",
            "revenue": 942994
        },
        "2009-02": {
            "month": "2009-02",
            "price": "25.47",
            "revenue": 1458985
        },
        "2009-03": {
            "month": "2009-03",
            "price": "27.98",
            "revenue": 1929531
        },
        "2009-04": {
            "month": "2009-04",
            "price": "34.63",
            "revenue": 1821806
        },
        "2009-05": {
            "month": "2009-05",
            "price": "39.15",
            "revenue": 1716159
        },
        "2009-06": {
            "month": "2009-06",
            "price": "38.04",
            "revenue": 1969004
        },
        "2009-07": {
            "month": "2009-07",
            "price": "40.05",
            "revenue": 1980462
        },
        "2009-08": {
            "month": "2009-08",
            "price": "37.52",
            "revenue": 1999860
        },
        "2009-09": {
            "month": "2009-09",
            "price": "37.78",
            "revenue": 1996565
        },
        "2009-10": {
            "month": "2009-10",
            "price": "38.87",
            "revenue": 1610116
        },
        "2009-11": {
            "month": "2009-11",
            "price": "38.88",
            "revenue": 2182629
        },
        "2009-12": {
            "month": "2009-12",
            "price": "38.62",
            "revenue": 2499415
        },
        "2010-01": {
            "month": "2010-01",
            "price": "40.35",
            "revenue": 2761686
        },
        "2010-02": {
            "month": "2010-02",
            "price": "37.92",
            "revenue": 2220905
        },
        "2010-03": {
            "month": "2010-03",
            "price": "40.07",
            "revenue": 3228602
        },
        "2010-04": {
            "month": "2010-04",
            "price": "44.28",
            "revenue": 2903420
        },
        "2010-05": {
            "month": "2010-05",
            "price": "44.94",
            "revenue": 2978004
        },
        "2010-06": {
            "month": "2010-06",
            "price": "44.98",
            "revenue": 3006435
        },
        "2010-07": {
            "month": "2010-07",
            "price": "47.10",
            "revenue": 2941503
        },
        "2010-08": {
            "month": "2010-08",
            "price": "45.71",
            "revenue": 2692869
        },
        "2010-09": {
            "month": "2010-09",
            "price": "47.78",
            "revenue": 3284147
        },
        "2010-10": {
            "month": "2010-10",
            "price": "54.24",
            "revenue": 3276335
        },
        "2010-11": {
            "month": "2010-11",
            "price": "57.03",
            "revenue": 3568569
        },
        "2010-12": {
            "month": "2010-12",
            "price": "62.00",
            "revenue": 3823233
        },
        "2011-01": {
            "month": "2011-01",
            "price": "75.80",
            "revenue": 3930522
        },
        "2011-02": {
            "month": "2011-02",
            "price": "73.24",
            "revenue": 3769648
        },
        "2011-03": {
            "month": "2011-03",
            "price": "70.23",
            "revenue": 4666949
        },
        "2011-04": {
            "month": "2011-04",
            "price": "84.69",
            "revenue": 4496222
        },
        "2011-05": {
            "month": "2011-05",
            "price": "83.23",
            "revenue": 5011851
        },
        "2011-06": {
            "month": "2011-06",
            "price": "86.05",
            "revenue": 5245182
        },
        "2011-07": {
            "month": "2011-07",
            "price": "81.26",
            "revenue": 4782139
        },
        "2011-08": {
            "month": "2011-08",
            "price": "70.89",
            "revenue": 5057793
        },
        "2011-09": {
            "month": "2011-09",
            "price": "70.97",
            "revenue": 5014749
        },
        "2011-10": {
            "month": "2011-10",
            "price": "74.50",
            "revenue": 4069075
        },
        "2011-11": {
            "month": "2011-11",
            "price": "75.86",
            "revenue": 4151020
        },
        "2011-12": {
            "month": "2011-12",
            "price": "73.05",
            "revenue": 4880168
        },
        "2012-01": {
            "month": "2012-01",
            "price": "74.74",
            "revenue": 3632489
        },
        "2012-02": {
            "month": "2012-02",
            "price": "77.80",
            "revenue": 4044718
        },
        "2012-03": {
            "month": "2012-03",
            "price": "76.81",
            "revenue": 4137398
        },
        "2012-04": {
            "month": "2012-04",
            "price": "71.50",
            "revenue": 3938437
        },
        "2012-05": {
            "month": "2012-05",
            "price": "71.48",
            "revenue": 4053603
        },
        "2012-06": {
            "month": "2012-06",
            "price": "72.48",
            "revenue": 4325258
        },
        "2012-07": {
            "month": "2012-07",
            "price": "71.80",
            "revenue": 3961053
        },
        "2012-08": {
            "month": "2012-08",
            "price": "67.70",
            "revenue": 3682501
        },
        "2012-09": {
            "month": "2012-09",
            "price": "63.83",
            "revenue": 3734057
        },
        "2012-10": {
            "month": "2012-10",
            "price": "63.72",
            "revenue": 3424178
        },
        "2012-11": {
            "month": "2012-11",
            "price": "55.76",
            "revenue": 3186052
        },
        "2012-12": {
            "month": "2012-12",
            "price": "58.74",
            "revenue": 3244630
        },
        "2013-01": {
            "month": "2013-01",
            "price": "58.41",
            "revenue": 3627361
        },
        "2013-02": {
            "month": "2013-02",
            "price": "60.82",
            "revenue": 3179379
        },
        "2013-03": {
            "month": "2013-03",
            "price": "58.91",
            "revenue": 3295278
        },
        "2013-04": {
            "month": "2013-04",
            "price": "57.50",
            "revenue": 3057783
        },
        "2013-05": {
            "month": "2013-05",
            "price": "59.19",
            "revenue": 3360051
        },
        "2013-06": {
            "month": "2013-06",
            "price": "58.34",
            "revenue": 2757780
        },
        "2013-07": {
            "month": "2013-07",
            "price": "56.34",
            "revenue": 2559268
        },
        "2013-08": {
            "month": "2013-08",
            "price": "52.12",
            "revenue": 2921175
        },
        "2013-09": {
            "month": "2013-09",
            "price": "53.41",
            "revenue": 2449060
        },
        "2013-10": {
            "month": "2013-10",
            "price": "54.16",
            "revenue": 2193283
        },
        "2013-11": {
            "month": "2013-11",
            "price": "47.72",
            "revenue": 2491900
        },
        "2013-12": {
            "month": "2013-12",
            "price": "43.79",
            "revenue": 2530681
        },
        "2014-01": {
            "month": "2014-01",
            "price": "44.30",
            "revenue": 2676848
        },
        "2014-02": {
            "month": "2014-02",
            "price": "41.88",
            "revenue": 2465924
        },
        "2014-03": {
            "month": "2014-03",
            "price": "43.67",
            "revenue": 2788742
        },
        "2014-04": {
            "month": "2014-04",
            "price": "44.92",
            "revenue": 2584269
        },
        "2014-05": {
            "month": "2014-05",
            "price": "44.85",
            "revenue": 2941218
        },
        "2014-06": {
            "month": "2014-06",
            "price": "42.02",
            "revenue": 2658894
        },
        "2014-07": {
            "month": "2014-07",
            "price": "42.80",
            "revenue": 2545029
        },
        "2014-08": {
            "month": "2014-08",
            "price": "42.32",
            "revenue": 2709639
        },
        "2014-09": {
            "month": "2014-09",
            "price": "40.21",
            "revenue": 2577124
        },
        "2014-10": {
            "month": "2014-10",
            "price": "34.31",
            "revenue": 2663481
        },
        "2014-11": {
            "month": "2014-11",
            "price": "34.92",
            "revenue": 2685891
        },
        "2014-12": {
            "month": "2014-12",
            "price": "33.52",
            "revenue": 2571515
        },
        "2015-01": {
            "month": "2015-01",
            "price": "35.71",
            "revenue": 2452319
        },
        "2015-02": {
            "month": "2015-02",
            "price": "36.50",
            "revenue": 1947360
        },
        "2015-03": {
            "month": "2015-03",
            "price": "34.04",
            "revenue": 2356196
        },
        "2015-04": {
            "month": "2015-04",
            "price": "35.04",
            "revenue": 2268801
        },
        "2015-05": {
            "month": "2015-05",
            "price": "34.36",
            "revenue": 2094984
        },
        "2015-06": {
            "month": "2015-06",
            "price": "30.22",
            "revenue": 2143735
        },
        "2015-07": {
            "month": "2015-07",
            "price": "26.95",
            "revenue": 2129724
        },
        "2015-08": {
            "month": "2015-08",
            "price": "20.90",
            "revenue": 2101000
        },
        "2015-09": {
            "month": "2015-09",
            "price": "19.98",
            "revenue": 2184969
        },
        "2015-10": {
            "month": "2015-10",
            "price": "22.41",
            "revenue": 2174752
        },
        "2015-11": {
            "month": "2015-11",
            "price": "21.80",
            "revenue": 2130793
        },
        "2015-12": {
            "month": "2015-12",
            "price": "19.90",
            "revenue": 1997126
        },
        "2016-01": {
            "month": "2016-01",
            "price": "20.71",
            "revenue": 2105840
        },
        "2016-02": {
            "month": "2016-02",
            "price": "24.28",
            "revenue": 1740795
        },
        "2016-03": {
            "month": "2016-03",
            "price": "27.65",
            "revenue": 2270766
        },
        "2016-04": {
            "month": "2016-04",
            "price": "28.93",
            "revenue": 2264401
        },
        "2016-05": {
            "month": "2016-05",
            "price": "26.98",
            "revenue": 2580269
        },
        "2016-06": {
            "month": "2016-06",
            "price": "27.25",
            "revenue": 2229490
        },
        "2016-07": {
            "month": "2016-07",
            "price": "28.32",
            "revenue": 2189096
        },
        "2016-08": {
            "month": "2016-08",
            "price": "29.01",
            "revenue": 2133368
        },
        "2016-09": {
            "month": "2016-09",
            "price": "28.98",
            "revenue": 2246633
        },
        "2016-10": {
            "month": "2016-10",
            "price": "31.58",
            "revenue": 2192317
        },
        "2016-11": {
            "month": "2016-11",
            "price": "31.44",
            "revenue": 2449540
        },
        "2016-12": {
            "month": "2016-12",
            "price": "33.10",
            "revenue": 2552575
        },
        "2017-01": {
            "month": "2017-01",
            "price": "35.93",
            "revenue": 2622760
        },
        "2017-02": {
            "month": "2017-02",
            "price": "37.00",
            "revenue": 3086296
        },
        "2017-03": {
            "month": "2017-03",
            "price": "35.51",
            "revenue": 3049778
        },
        "2017-04": {
            "month": "2017-04",
            "price": "34.08",
            "revenue": 2788975
        },
        "2017-05": {
            "month": "2017-05",
            "price": "32.65",
            "revenue": 2830283
        },
        "2017-06": {
            "month": "2017-06",
            "price": "34.02",
            "revenue": 2743403
        },
        "2017-07": {
            "month": "2017-07",
            "price": "35.85",
            "revenue": 2392861
        },
        "2017-08": {
            "month": "2017-08",
            "price": "32.72",
            "revenue": 2482763
        },
        "2017-09": {
            "month": "2017-09",
            "price": "32.54",
            "revenue": 2674022
        },
        "2017-10": {
            "month": "2017-10",
            "price": "33.68",
            "revenue": 2337631
        },
        "2017-11": {
            "month": "2017-11",
            "price": "35.57",
            "revenue": 2491743
        },
        "2017-12": {
            "month": "2017-12",
            "price": "36.53",
            "revenue": 2265722
        },
        "2018-01": {
            "month": "2018-01",
            "price": "36.67",
            "revenue": 2822326
        },
        "2018-02": {
            "month": "2018-02",
            "price": "33.18",
            "revenue": 2074194
        },
        "2018-03": {
            "month": "2018-03",
            "price": "31.24",
            "revenue": 2620469
        },
        "2018-04": {
            "month": "2018-04",
            "price": "30.10",
            "revenue": 2478237
        },
        "2018-05": {
            "month": "2018-05",
            "price": "31.25",
            "revenue": 2838589
        },
        "2018-06": {
            "month": "2018-06",
            "price": "31.59",
            "revenue": 2376956
        },
        "2018-07": {
            "month": "2018-07",
            "price": "31.49",
            "revenue": 2417011
        },
        "2018-08": {
            "month": "2018-08",
            "price": "31.55",
            "revenue": 2598592
        },
        "2018-09": {
            "month": "2018-09",
            "price": "32.18",
            "revenue": 2519480
        },
        "2018-10": {
            "month": "2018-10",
            "price": "30.93",
            "revenue": 2303258
        },
        "2018-11": {
            "month": "2018-11",
            "price": "28.13",
            "revenue": 2604757
        },
        "2018-12": {
            "month": "2018-12",
            "price": "27.31",
            "revenue": 2097349
        },
        "2019-01": {
            "month": "2019-01",
            "price": "27.81",
            "revenue": 2650889
        },
        "2019-02": {
            "month": "2019-02",
            "price": "28.08",
            "revenue": 2292545
        },
        "2019-03": {
            "month": "2019-03",
            "price": "27.73",
            "revenue": 2617561
        },
        "2019-04": {
            "month": "2019-04",
            "price": "28.20",
            "revenue": 2650505
        },
        "2019-05": {
            "month": "2019-05",
            "price": "27.88",
            "revenue": 2649183
        },
        "2019-06": {
            "month": "2019-06",
            "price": "27.57",
            "revenue": 2288282
        },
        "2019-07": {
            "month": "2019-07",
            "price": "27.57",
            "revenue": 2293320
        },
        "2019-08": {
            "month": "2019-08",
            "price": "25.23",
            "revenue": 2276179
        },
        "2019-09": {
            "month": "2019-09",
            "price": "24.66",
            "revenue": 2348867
        },
        "2019-10": {
            "month": "2019-10",
            "price": "24.34",
            "revenue": 2242260
        },
        "2019-11": {
            "month": "2019-11",
            "price": "24.32",
            "revenue": 2414443
        },
        "2019-12": {
            "month": "2019-12",
            "price": "24.14",
            "revenue": 2186689
        },
        "2020-01": {
            "month": "2020-01",
            "price": "23.88",
            "revenue": 2210251
        },
        "2020-02": {
            "month": "2020-02",
            "price": "22.04",
            "revenue": 1958959
        },
        "2020-03": {
            "month": "2020-03",
            "price": "17.22",
            "revenue": 2324636
        },
        "2020-04": {
            "month": "2020-04",
            "price": "15.60",
            "revenue": 1949274
        },
        "2020-05": {
            "month": "2020-05",
            "price": "16.43",
            "revenue": 1680718
        },
        "2020-06": {
            "month": "2020-06",
            "price": "17.41",
            "revenue": 1905347
        },
        "2020-07": {
            "month": "2020-07",
            "price": "16.68",
            "revenue": 1874026
        },
        "2020-08": {
            "month": "2020-08",
            "price": "16.60",
            "revenue": 1734840
        },
        "2020-09": {
            "month": "2020-09",
            "price": "18.08",
            "revenue": 1998494
        },
        "2020-10": {
            "month": "2020-10",
            "price": "20.76",
            "revenue": 1997435
        },
        "2020-11": {
            "month": "2020-11",
            "price": "21.15",
            "revenue": 2124898
        },
        "2020-12": {
            "month": "2020-12",
            "price": "22.90",
            "revenue": 2265565
        },
        "2021-01": {
            "month": "2021-01",
            "price": "20.75",
            "revenue": 2754553
        },
        "2021-02": {
            "month": "2021-02",
            "price": "24.37",
            "revenue": 2402728
        },
        "2021-03": {
            "month": "2021-03",
            "price": "28.06",
            "revenue": 3059530
        },
        "2021-04": {
            "month": "2021-04",
            "price": "31.12",
            "revenue": 3011563
        },
        "2021-05": {
            "month": "2021-05",
            "price": "32.01",
            "revenue": 2815223
        },
        "2021-06": {
            "month": "2021-06",
            "price": "34.61",
            "revenue": 2693929
        },
        "2021-07": {
            "month": "2021-07",
            "price": "32.30",
            "revenue": 2643167
        },
        "2021-08": {
            "month": "2021-08",
            "price": "31.07",
            "revenue": 2695151
        },
        "2021-09": {
            "month": "2021-09",
            "price": "30.42",
            "revenue": 2334544
        },
        "2021-10": {
            "month": "2021-10",
            "price": "30.49",
            "revenue": 2629092
        },
        "2021-11": {
            "month": "2021-11",
            "price": "32.23",
            "revenue": 2966030
        },
        "2021-12": {
            "month": "2021-12",
            "price": "37.42",
            "revenue": 2527728
        },
        "2022-01": {
            "month": "2022-01",
            "price": "38.31",
            "revenue": 2929358
        },
        "2022-02": {
            "month": "2022-02",
            "price": "36.95",
            "revenue": 2607111
        },
        "2022-03": {
            "month": "2022-03",
            "price": "34.43",
            "revenue": 3105558
        },
        "2022-04": {
            "month": "2022-04",
            "price": "32.68",
            "revenue": 3039352
        },
        "2022-05": {
            "month": "2022-05",
            "price": "30.10",
            "revenue": 3038034
        },
        "2022-06": {
            "month": "2022-06",
            "price": "30.67",
            "revenue": 2897434
        },
        "2022-07": {
            "month": "2022-07",
            "price": "26.89",
            "revenue": 3085654
        },
        "2022-08": {
            "month": "2022-08",
            "price": "27.72",
            "revenue": 2785418
        },
        "2022-09": {
            "month": "2022-09",
            "price": "27.23",
            "revenue": 2869467
        },
        "2022-10": {
            "month": "2022-10",
            "price": "26.56",
            "revenue": 2591331
        },
        "2022-11": {
            "month": "2022-11",
            "price": "26.79",
            "revenue": 2618834
        },
        "2022-12": {
            "month": "2022-12",
            "price": "27.42",
            "revenue": 2273646
        },
        "2023-01": {
            "month": "2023-01",
            "price": "27.62",
            "revenue": 2566814
        },
        "2023-02": {
            "month": "2023-02",
            "price": "29.12",
            "revenue": 2656540
        },
        "2023-03": {
            "month": "2023-03",
            "price": "28.23",
            "revenue": 2890376
        },
        "2023-04": {
            "month": "2023-04",
            "price": "27.93",
            "revenue": 2655422
        },
        "2023-05": {
            "month": "2023-05",
            "price": "26.59",
            "revenue": 2639850
        },
        "2023-06": {
            "month": "2023-06",
            "price": "26.27",
            "revenue": 2446818
        },
        "2023-07": {
            "month": "2023-07",
            "price": "25.21",
            "revenue": 2457773
        },
        "2023-08": {
            "month": "2023-08",
            "price": "23.85",
            "revenue": 2639957
        },
        "2023-09": {
            "month": "2023-09",
            "price": "24.26",
            "revenue": 2591132
        }
    }
}
