{
    "summary": {
        "stock_name": "國際中橡",
        "stock_id": "2104",
        "category": "橡膠",
        "main_business": "一般投資業",
        "website_url": "http://www.csrcgroup.com",
        "ceo": "黃柏松",
        "pe_ratio": -46,
        "report_year_from": 2001,
        "report_year_to": 2023,
        "age": 23,
        "eps_negative_percentage": 9,
        "eps_growth_avg": {
            "last_all": -3.74,
            "last_2y": -26.67,
            "last_4y": -38.75,
            "last_8y": -13.79,
            "last_12y": -2.43,
            "last_16y": -1.73,
            "last_20y": -2.05,
            "at_2006_last_3y": -3.83,
            "at_2007_last_3y": 39.49,
            "at_2008_last_3y": 22.17,
            "at_2009_last_3y": 0.12,
            "at_2010_last_3y": 0.54,
            "at_2011_last_3y": -6.7,
            "at_2012_last_3y": 10.23,
            "at_2013_last_3y": 0.14,
            "at_2014_last_3y": 23.12,
            "at_2015_last_3y": 5.75,
            "at_2016_last_3y": 13.1,
            "at_2017_last_3y": 37.46,
            "at_2018_last_3y": 17.41,
            "at_2019_last_3y": 16.91,
            "at_2020_last_3y": -10.75,
            "at_2021_last_3y": 1.51,
            "at_2022_last_3y": -23.44,
            "at_2023_last_3y": -30.82,
            "at_2024_last_3y": -30.82,
            "at_2006_last_all": -12.25,
            "at_2007_last_all": -3.81,
            "at_2008_last_all": -8.14,
            "at_2009_last_all": -7.84,
            "at_2010_last_all": -5.85,
            "at_2011_last_all": -5.09,
            "at_2012_last_all": -0.79,
            "at_2013_last_all": -4.94,
            "at_2014_last_all": 3.81,
            "at_2015_last_all": -1.75,
            "at_2016_last_all": 3.18,
            "at_2017_last_all": 6.37,
            "at_2018_last_all": 7.21,
            "at_2019_last_all": 2.64,
            "at_2020_last_all": 0.09,
            "at_2021_last_all": 5.34,
            "at_2022_last_all": 1.08,
            "at_2023_last_all": -3.74,
            "at_2024_last_all": -3.74
        },
        "latest_eps": -0.42,
        "latest_price": 19.5,
        "latest_roe": -1.61,
        "latest_gross_margin": 8.27,
        "latest_equity": 36337448,
        "latest_revenue": 4713900,
        "latest_gross_profit": 389934,
        "latest_net_income": -753,
        "latest_debt_ratio": 37.73,
        "latest_current_ratio": 198.85,
        "latest_account_receivable_turnover_ratio": 1.19,
        "latest_inventory_turnover_ratio": 1.55,
        "latest_reinvestment_rate": 224.12,
        "latest_research_to_sale_ratio": 1.2
    },
    "eps_dividends": {
        "1991": {
            "cash": 1,
            "stock": 0.65,
            "eps": 0
        },
        "1992": {
            "cash": 0,
            "stock": 1.5,
            "eps": 0
        },
        "1993": {
            "cash": 0.5,
            "stock": 0.5,
            "eps": 0
        },
        "1994": {
            "cash": 0,
            "stock": 1.2,
            "eps": 0
        },
        "1995": {
            "cash": 1,
            "stock": 0.4,
            "eps": 0
        },
        "1996": {
            "cash": 1,
            "stock": 1,
            "eps": 0
        },
        "1997": {
            "cash": 1,
            "stock": 0.5,
            "eps": 0
        },
        "1998": {
            "cash": 0,
            "stock": 1.3,
            "eps": 0
        },
        "1999": {
            "cash": 0,
            "stock": 2.5,
            "eps": 0
        },
        "2000": {
            "cash": 1.1,
            "stock": 1.5,
            "eps": 0
        },
        "2001": {
            "cash": 0.3,
            "stock": 0.3,
            "eps": 0.48
        },
        "2002": {
            "cash": 0,
            "stock": 0.4,
            "eps": 0.3
        },
        "2003": {
            "cash": 0,
            "stock": 0.3,
            "eps": -0.7
        },
        "2004": {
            "cash": 0,
            "stock": 0,
            "eps": 1.12
        },
        "2005": {
            "cash": 0.42,
            "stock": 0.28,
            "eps": 2.04
        },
        "2006": {
            "cash": 1.05,
            "stock": 0,
            "eps": 2.17
        },
        "2007": {
            "cash": 1.2,
            "stock": 0,
            "eps": 2.82
        },
        "2008": {
            "cash": 2,
            "stock": 0,
            "eps": 1.98
        },
        "2009": {
            "cash": 1.5,
            "stock": 0,
            "eps": 1.86
        },
        "2010": {
            "cash": 1.4,
            "stock": 0,
            "eps": 2.01
        },
        "2011": {
            "cash": 3.2,
            "stock": 0,
            "eps": 2.03
        },
        "2012": {
            "cash": 0,
            "stock": 0,
            "eps": 2.8
        },
        "2013": {
            "cash": 2.2,
            "stock": 0,
            "eps": 1.5
        },
        "2014": {
            "cash": 1.15,
            "stock": 0,
            "eps": 4.76
        },
        "2015": {
            "cash": 2.4,
            "stock": 0.9,
            "eps": 1.5
        },
        "2016": {
            "cash": 1.15,
            "stock": 0,
            "eps": 2.51
        },
        "2017": {
            "cash": 1.5,
            "stock": 0.5,
            "eps": 3.79
        },
        "2018": {
            "cash": 1.8,
            "stock": 1,
            "eps": 4.54
        },
        "2019": {
            "cash": 1.5,
            "stock": 1.3,
            "eps": 1.34
        },
        "2020": {
            "cash": 0.2,
            "stock": 0,
            "eps": 0.76
        },
        "2021": {
            "cash": 0.1,
            "stock": 0,
            "eps": 3.5
        },
        "2022": {
            "cash": 0.2,
            "stock": 0,
            "eps": 0.7
        },
        "2023": {
            "cash": 0.2,
            "stock": 0,
            "eps": -0.34
        }
    },
    "dividends": {
        "1991-04-23": {
            "cash": 1,
            "stock": 0.65
        },
        "1992-05-05": {
            "cash": 0,
            "stock": 1.5
        },
        "1993-05-14": {
            "cash": 0.5,
            "stock": 0.5
        },
        "1994-04-19": {
            "cash": 0,
            "stock": 1.2
        },
        "1995-04-25": {
            "cash": 1,
            "stock": 0.4
        },
        "1996-05-09": {
            "cash": 1,
            "stock": 1
        },
        "1997-06-17": {
            "cash": 1,
            "stock": 0.5
        },
        "1998-05-21": {
            "cash": 0,
            "stock": 1.3
        },
        "1999-06-30": {
            "cash": 0,
            "stock": 2.5
        },
        "2000-06-15": {
            "cash": 1.1,
            "stock": 1.5
        },
        "2001-06-15": {
            "cash": 0.3,
            "stock": 0.3
        },
        "2002-06-26": {
            "cash": 0,
            "stock": 0.4
        },
        "2003-04-28": {
            "cash": 0,
            "stock": 0.3
        },
        "2005-04-29": {
            "cash": 0.42,
            "stock": 0.28
        },
        "2006-04-26": {
            "cash": 1.05,
            "stock": 0
        },
        "2007-04-23": {
            "cash": 1.2,
            "stock": 0
        },
        "2008-04-28": {
            "cash": 2,
            "stock": 0
        },
        "2009-04-27": {
            "cash": 1.5,
            "stock": 0
        },
        "2010-04-27": {
            "cash": 1.4,
            "stock": 0
        },
        "2011-01-01": {
            "cash": 1.6,
            "stock": 0
        },
        "2011-04-26": {
            "cash": 1.6,
            "stock": 0
        },
        "2013-03-26": {
            "cash": 2.2,
            "stock": 0
        },
        "2014-08-20": {
            "cash": 1.15,
            "stock": 0
        },
        "2015-10-02": {
            "cash": 2.4,
            "stock": 0.9
        },
        "2016-08-19": {
            "cash": 1.15,
            "stock": 0
        },
        "2017-10-05": {
            "cash": 1.5,
            "stock": 0.5
        },
        "2018-09-27": {
            "cash": 1.8,
            "stock": 1
        },
        "2019-09-27": {
            "cash": 1.5,
            "stock": 1.3
        },
        "2020-09-30": {
            "cash": 0.2,
            "stock": 0
        },
        "2021-09-30": {
            "cash": 0.1,
            "stock": 0
        },
        "2022-07-21": {
            "cash": 0.2,
            "stock": 0
        },
        "2023-03-29": {
            "cash": 0.1,
            "stock": 0
        },
        "2023-07-26": {
            "cash": 0.1,
            "stock": 0
        }
    },
    "prices": {
        "200101": "16.18",
        "200102": "17.27",
        "200103": "19.40",
        "200104": "18.08",
        "200105": "14.50",
        "200106": "14.02",
        "200107": "10.22",
        "200108": "10.54",
        "200109": "9.14",
        "200110": "8.90",
        "200111": "9.25",
        "200112": "10.51",
        "200201": "10.96",
        "200202": "10.88",
        "200203": "12.05",
        "200204": "12.64",
        "200205": "11.54",
        "200206": "12.23",
        "200207": "12.04",
        "200208": "11.39",
        "200209": "9.64",
        "200210": "9.05",
        "200211": "10.23",
        "200212": "10.56",
        "200301": "13.22",
        "200302": "11.78",
        "200303": "10.71",
        "200304": "10.67",
        "200305": "9.15",
        "200306": "10.50",
        "200307": "10.46",
        "200308": "10.41",
        "200309": "9.86",
        "200310": "11.95",
        "200311": "12.92",
        "200312": "11.45",
        "200401": "12.01",
        "200402": "13.17",
        "200403": "12.59",
        "200404": "11.45",
        "200405": "10.08",
        "200406": "9.69",
        "200407": "9.84",
        "200408": "9.92",
        "200409": "11.34",
        "200410": "11.53",
        "200411": "11.22",
        "200412": "11.68",
        "200501": "12.07",
        "200502": "11.84",
        "200503": "11.74",
        "200504": "10.98",
        "200505": "10.91",
        "200506": "11.15",
        "200507": "11.25",
        "200508": "11.61",
        "200509": "12.19",
        "200510": "11.69",
        "200511": "11.91",
        "200512": "12.33",
        "200601": "12.88",
        "200602": "13.36",
        "200603": "13.02",
        "200604": "14.66",
        "200605": "26.12",
        "200606": "22.91",
        "200607": "23.11",
        "200608": "23.12",
        "200609": "22.72",
        "200610": "31.09",
        "200611": "36.92",
        "200612": "36.57",
        "200701": "35.49",
        "200702": "34.53",
        "200703": "31.70",
        "200704": "35.12",
        "200705": "33.93",
        "200706": "35.64",
        "200707": "44.60",
        "200708": "43.07",
        "200709": "42.49",
        "200710": "45.47",
        "200711": "39.28",
        "200712": "34.41",
        "200801": "32.90",
        "200802": "34.52",
        "200803": "41.39",
        "200804": "44.58",
        "200805": "42.22",
        "200806": "36.51",
        "200807": "34.70",
        "200808": "32.82",
        "200809": "26.32",
        "200810": "27.79",
        "200811": "31.75",
        "200812": "31.91",
        "200901": "29.37",
        "200902": "30.04",
        "200903": "30.82",
        "200904": "35.17",
        "200905": "31.95",
        "200906": "30.81",
        "200907": "30.96",
        "200908": "31.84",
        "200909": "32.89",
        "200910": "35.27",
        "200911": "35.18",
        "200912": "33.84",
        "201001": "33.06",
        "201002": "29.79",
        "201003": "30.89",
        "201004": "32.88",
        "201005": "31.13",
        "201006": "31.45",
        "201007": "30.99",
        "201008": "32.32",
        "201009": "29.93",
        "201010": "30.42",
        "201011": "30.31",
        "201012": "30.30",
        "201101": "30.60",
        "201102": "29.02",
        "201103": "27.82",
        "201104": "29.47",
        "201105": "29.76",
        "201106": "29.58",
        "201107": "29.92",
        "201108": "30.29",
        "201109": "26.40",
        "201110": "24.92",
        "201111": "26.94",
        "201112": "27.38",
        "201201": "27.01",
        "201202": "28.73",
        "201203": "29.56",
        "201204": "28.51",
        "201205": "29.04",
        "201206": "27.84",
        "201207": "28.42",
        "201208": "28.50",
        "201209": "31.52",
        "201210": "31.33",
        "201211": "30.78",
        "201212": "31.90",
        "201301": "32.22",
        "201302": "32.25",
        "201303": "31.65",
        "201304": "31.90",
        "201305": "31.83",
        "201306": "31.43",
        "201307": "31.21",
        "201308": "29.55",
        "201309": "28.51",
        "201310": "28.47",
        "201311": "27.55",
        "201312": "28.02",
        "201401": "28.17",
        "201402": "27.87",
        "201403": "28.20",
        "201404": "28.95",
        "201405": "29.42",
        "201406": "29.72",
        "201407": "29.72",
        "201408": "30.19",
        "201409": "31.71",
        "201410": "31.28",
        "201411": "31.24",
        "201412": "32.62",
        "201501": "32.18",
        "201502": "32.07",
        "201503": "31.86",
        "201504": "32.68",
        "201505": "32.18",
        "201506": "32.36",
        "201507": "31.88",
        "201508": "28.45",
        "201509": "24.31",
        "201510": "24.50",
        "201511": "23.89",
        "201512": "23.21",
        "201601": "22.32",
        "201602": "23.26",
        "201603": "24.73",
        "201604": "24.42",
        "201605": "22.74",
        "201606": "22.99",
        "201607": "23.49",
        "201608": "24.04",
        "201609": "25.34",
        "201610": "25.22",
        "201611": "25.95",
        "201612": "28.14",
        "201701": "28.90",
        "201702": "29.89",
        "201703": "29.95",
        "201704": "30.33",
        "201705": "30.13",
        "201706": "30.98",
        "201707": "33.19",
        "201708": "36.02",
        "201709": "42.30",
        "201710": "42.84",
        "201711": "44.10",
        "201712": "42.77",
        "201801": "49.44",
        "201802": "47.70",
        "201803": "48.63",
        "201804": "43.43",
        "201805": "45.32",
        "201806": "46.62",
        "201807": "46.32",
        "201808": "46.80",
        "201809": "39.53",
        "201810": "36.86",
        "201811": "38.31",
        "201812": "39.46",
        "201901": "41.03",
        "201902": "44.01",
        "201903": "43.59",
        "201904": "41.39",
        "201905": "38.96",
        "201906": "36.56",
        "201907": "38.30",
        "201908": "36.26",
        "201909": "33.07",
        "201910": "32.56",
        "201911": "31.18",
        "201912": "30.83",
        "202001": "31.44",
        "202002": "27.79",
        "202003": "22.48",
        "202004": "20.06",
        "202005": "20.35",
        "202006": "20.68",
        "202007": "19.75",
        "202008": "19.70",
        "202009": "20.21",
        "202010": "19.86",
        "202011": "21.55",
        "202012": "24.31",
        "202101": "23.73",
        "202102": "25.09",
        "202103": "26.17",
        "202104": "29.28",
        "202105": "25.94",
        "202106": "25.94",
        "202107": "26.82",
        "202108": "24.34",
        "202109": "23.47",
        "202110": "23.29",
        "202111": "25.81",
        "202112": "26.86",
        "202201": "26.18",
        "202202": "25.62",
        "202203": "27.42",
        "202204": "24.53",
        "202205": "21.59",
        "202206": "20.33",
        "202207": "19.75",
        "202208": "20.51",
        "202209": "20.66",
        "202210": "19.07",
        "202211": "20.19",
        "202212": "19.99",
        "202301": "19.74",
        "202302": "20.57",
        "202303": "20.18",
        "202304": "19.95",
        "202305": "20.22",
        "202306": "21.10",
        "202307": "20.49",
        "202308": "20.13",
        "202309": "20.18",
        "202310": "19.60",
        "202311": "19.64",
        "202312": "19.56"
    },
    "quarters": {
        "20011": {
            "year_quarter": 20011,
            "year": 2001,
            "quarter": 1,
            "eps": -0.01,
            "eps_growth_year": -102.22,
            "eps_4q": -0.14,
            "eps_4q_growth_year": -104.76,
            "roe": -0.03,
            "roe_4q": -0.03,
            "gross_profit": 50622,
            "gross_margin": 9.66,
            "gross_margin_4q_avg": 9.66,
            "net_income": -2242,
            "net_income_4q": null,
            "revenue": 524186,
            "revenue_4q": null,
            "common_shares": 3883723,
            "book_valuer_per_share": 17.98,
            "book_valuer_per_share_4q_avg": 17.98,
            "equity": 6982716,
            "current_ratio": 48.5,
            "debt_ratio": 28.84,
            "inventory_turnover_ratio": 0.77,
            "account_receivable_turnover_ratio": null,
            "reinvestment_rate": null,
            "research_to_sale_ratio": null,
            "price_fair": 0,
            "eps_avg_yearly": 0,
            "eps_latest_yearly": 0,
            "eps_growth_yearly": 0
        },
        "20012": {
            "year_quarter": 20012,
            "year": 2001,
            "quarter": 2,
            "eps": 0.1,
            "eps_growth_year": -94.71,
            "eps_4q": -1.56,
            "eps_4q_growth_year": -134.25,
            "roe": 0.56,
            "roe_4q": 0.53,
            "gross_profit": 115579,
            "gross_margin": 21.46,
            "gross_margin_4q_avg": 15.56,
            "net_income": 38752,
            "net_income_4q": null,
            "revenue": 538563,
            "revenue_4q": null,
            "common_shares": 3883723,
            "book_valuer_per_share": 17.95,
            "book_valuer_per_share_4q_avg": 17.97,
            "equity": 6970646,
            "current_ratio": 92.3,
            "debt_ratio": 32.63,
            "inventory_turnover_ratio": 1.75,
            "account_receivable_turnover_ratio": null,
            "reinvestment_rate": null,
            "research_to_sale_ratio": null,
            "price_fair": 0,
            "eps_avg_yearly": 0,
            "eps_latest_yearly": 0,
            "eps_growth_yearly": 0
        },
        "20013": {
            "year_quarter": 20013,
            "year": 2001,
            "quarter": 3,
            "eps": 0.4,
            "eps_growth_year": null,
            "eps_4q": -0.87,
            "eps_4q_growth_year": -137.55,
            "roe": 2.28,
            "roe_4q": 2.81,
            "gross_profit": 145114,
            "gross_margin": 27.6,
            "gross_margin_4q_avg": 19.57,
            "net_income": 159259,
            "net_income_4q": null,
            "revenue": 525725,
            "revenue_4q": null,
            "common_shares": 4000234,
            "book_valuer_per_share": 17.44,
            "book_valuer_per_share_4q_avg": 17.79,
            "equity": 6978026,
            "current_ratio": 109.53,
            "debt_ratio": 31.02,
            "inventory_turnover_ratio": 1.47,
            "account_receivable_turnover_ratio": null,
            "reinvestment_rate": null,
            "research_to_sale_ratio": null,
            "price_fair": 0,
            "eps_avg_yearly": 0,
            "eps_latest_yearly": 0,
            "eps_growth_yearly": 0
        },
        "20014": {
            "year_quarter": 20014,
            "year": 2001,
            "quarter": 4,
            "eps": -0.01,
            "eps_growth_year": null,
            "eps_4q": 0.6,
            "eps_4q_growth_year": 12.46,
            "roe": -0.07,
            "roe_4q": 2.74,
            "gross_profit": 159249,
            "gross_margin": 28.59,
            "gross_margin_4q_avg": 21.83,
            "net_income": -5282,
            "net_income_4q": null,
            "revenue": 557006,
            "revenue_4q": null,
            "common_shares": 4000234,
            "book_valuer_per_share": 17.07,
            "book_valuer_per_share_4q_avg": 17.61,
            "equity": 7796740,
            "current_ratio": 116.29,
            "debt_ratio": 53.14,
            "inventory_turnover_ratio": 0.55,
            "account_receivable_turnover_ratio": null,
            "reinvestment_rate": null,
            "research_to_sale_ratio": null,
            "price_fair": 0,
            "eps_avg_yearly": 0,
            "eps_latest_yearly": 0,
            "eps_growth_yearly": 0
        },
        "20021": {
            "year_quarter": 20021,
            "year": 2002,
            "quarter": 1,
            "eps": 0.13,
            "eps_growth_year": null,
            "eps_4q": 0.62,
            "eps_4q_growth_year": null,
            "roe": 0.7,
            "roe_4q": 3.4699999999999998,
            "gross_profit": 191195,
            "gross_margin": 32.88,
            "gross_margin_4q_avg": 27.63,
            "net_income": 51556,
            "net_income_4q": null,
            "revenue": 581468,
            "revenue_4q": null,
            "common_shares": 4000234,
            "book_valuer_per_share": 17.48,
            "book_valuer_per_share_4q_avg": 17.49,
            "equity": 6992623,
            "current_ratio": 80.24,
            "debt_ratio": 31.68,
            "inventory_turnover_ratio": 0.56,
            "account_receivable_turnover_ratio": null,
            "reinvestment_rate": null,
            "research_to_sale_ratio": null,
            "price_fair": 0,
            "eps_avg_yearly": 0,
            "eps_latest_yearly": 0,
            "eps_growth_yearly": 0
        },
        "20022": {
            "year_quarter": 20022,
            "year": 2002,
            "quarter": 2,
            "eps": 0.07,
            "eps_growth_year": -30,
            "eps_4q": 0.57,
            "eps_4q_growth_year": null,
            "roe": 0.41,
            "roe_4q": 3.3199999999999994,
            "gross_profit": 164517,
            "gross_margin": 26.51,
            "gross_margin_4q_avg": 28.9,
            "net_income": 28553,
            "net_income_4q": null,
            "revenue": 620592,
            "revenue_4q": null,
            "common_shares": 4000234,
            "book_valuer_per_share": 17.38,
            "book_valuer_per_share_4q_avg": 17.34,
            "equity": 6951747,
            "current_ratio": 147.93,
            "debt_ratio": 34.01,
            "inventory_turnover_ratio": 2.18,
            "account_receivable_turnover_ratio": null,
            "reinvestment_rate": null,
            "research_to_sale_ratio": null,
            "price_fair": 0.84,
            "eps_avg_yearly": 0.28,
            "eps_latest_yearly": 0.28,
            "eps_growth_yearly": -184.62
        },
        "20023": {
            "year_quarter": 20023,
            "year": 2002,
            "quarter": 3,
            "eps": 0.09,
            "eps_growth_year": -77.5,
            "eps_4q": 0.28,
            "eps_4q_growth_year": null,
            "roe": 0.52,
            "roe_4q": 1.5599999999999998,
            "gross_profit": 144774,
            "gross_margin": 25.73,
            "gross_margin_4q_avg": 28.43,
            "net_income": 36112,
            "net_income_4q": null,
            "revenue": 562565,
            "revenue_4q": null,
            "common_shares": 4160243,
            "book_valuer_per_share": 16.79,
            "book_valuer_per_share_4q_avg": 17.18,
            "equity": 6983798,
            "current_ratio": 122.7,
            "debt_ratio": 34.92,
            "inventory_turnover_ratio": 2.09,
            "account_receivable_turnover_ratio": null,
            "reinvestment_rate": null,
            "research_to_sale_ratio": null,
            "price_fair": 0.96,
            "eps_avg_yearly": 0.32,
            "eps_latest_yearly": 0.36,
            "eps_growth_yearly": -35.16
        },
        "20024": {
            "year_quarter": 20024,
            "year": 2002,
            "quarter": 4,
            "eps": 0.01,
            "eps_growth_year": null,
            "eps_4q": 0.3,
            "eps_4q_growth_year": -50,
            "roe": 0.08,
            "roe_4q": 1.71,
            "gross_profit": 111374,
            "gross_margin": 18.49,
            "gross_margin_4q_avg": 25.9,
            "net_income": 6022,
            "net_income_4q": null,
            "revenue": 602242,
            "revenue_4q": null,
            "common_shares": 4160243,
            "book_valuer_per_share": 16.97,
            "book_valuer_per_share_4q_avg": 17.16,
            "equity": 8046256,
            "current_ratio": 126.52,
            "debt_ratio": 53.51,
            "inventory_turnover_ratio": 0.66,
            "account_receivable_turnover_ratio": null,
            "reinvestment_rate": -61.51,
            "research_to_sale_ratio": null,
            "price_fair": 0.68,
            "eps_avg_yearly": 0.23,
            "eps_latest_yearly": 0.04,
            "eps_growth_yearly": -141.96
        },
        "20031": {
            "year_quarter": 20031,
            "year": 2003,
            "quarter": 1,
            "eps": 0.2,
            "eps_growth_year": 53.85,
            "eps_4q": 0.37,
            "eps_4q_growth_year": -39.16,
            "roe": 1.06,
            "roe_4q": 2.0700000000000003,
            "gross_profit": 85504,
            "gross_margin": 13.98,
            "gross_margin_4q_avg": 21.18,
            "net_income": 80889,
            "net_income_4q": null,
            "revenue": 611513,
            "revenue_4q": null,
            "common_shares": 4169384,
            "book_valuer_per_share": 17.23,
            "book_valuer_per_share_4q_avg": 17.09,
            "equity": 7184841,
            "current_ratio": 114.68,
            "debt_ratio": 32.02,
            "inventory_turnover_ratio": 0.69,
            "account_receivable_turnover_ratio": null,
            "reinvestment_rate": -46.79,
            "research_to_sale_ratio": null,
            "price_fair": 12.95,
            "eps_avg_yearly": 0.37,
            "eps_latest_yearly": 0.8,
            "eps_growth_yearly": 1793.53
        },
        "20032": {
            "year_quarter": 20032,
            "year": 2003,
            "quarter": 2,
            "eps": 0.05,
            "eps_growth_year": -28.57,
            "eps_4q": 0.36,
            "eps_4q_growth_year": -37.52,
            "roe": 0.28,
            "roe_4q": 1.9400000000000002,
            "gross_profit": 142870,
            "gross_margin": 20.11,
            "gross_margin_4q_avg": 19.58,
            "net_income": 19935,
            "net_income_4q": null,
            "revenue": 710278,
            "revenue_4q": null,
            "common_shares": 4169384,
            "book_valuer_per_share": 17.26,
            "book_valuer_per_share_4q_avg": 17.06,
            "equity": 7195030,
            "current_ratio": 91.49,
            "debt_ratio": 29.93,
            "inventory_turnover_ratio": 2.2,
            "account_receivable_turnover_ratio": null,
            "reinvestment_rate": -47.55,
            "research_to_sale_ratio": null,
            "price_fair": 11.76,
            "eps_avg_yearly": 0.34,
            "eps_latest_yearly": 0.2,
            "eps_growth_yearly": 1374.82
        },
        "20033": {
            "year_quarter": 20033,
            "year": 2003,
            "quarter": 3,
            "eps": 0.15,
            "eps_growth_year": 66.67,
            "eps_4q": 0.4,
            "eps_4q_growth_year": 44.4,
            "roe": 0.89,
            "roe_4q": 2.31,
            "gross_profit": 142583,
            "gross_margin": 21.01,
            "gross_margin_4q_avg": 18.4,
            "net_income": 64300,
            "net_income_4q": null,
            "revenue": 678592,
            "revenue_4q": null,
            "common_shares": 4297407,
            "book_valuer_per_share": 16.79,
            "book_valuer_per_share_4q_avg": 17.06,
            "equity": 7214817,
            "current_ratio": 100.88,
            "debt_ratio": 28.96,
            "inventory_turnover_ratio": 2.1,
            "account_receivable_turnover_ratio": null,
            "reinvestment_rate": -68.38,
            "research_to_sale_ratio": null,
            "price_fair": 13.3,
            "eps_avg_yearly": 0.38,
            "eps_latest_yearly": 0.6,
            "eps_growth_yearly": 1279.02
        },
        "20034": {
            "year_quarter": 20034,
            "year": 2003,
            "quarter": 4,
            "eps": -1.1,
            "eps_growth_year": -11100,
            "eps_4q": -0.75,
            "eps_4q_growth_year": -348.19,
            "roe": -6.13,
            "roe_4q": -3.9,
            "gross_profit": 151945,
            "gross_margin": 23.02,
            "gross_margin_4q_avg": 19.53,
            "net_income": -460541,
            "net_income_4q": null,
            "revenue": 659959,
            "revenue_4q": null,
            "common_shares": 4297407,
            "book_valuer_per_share": 15.69,
            "book_valuer_per_share_4q_avg": 16.74,
            "equity": 7815971,
            "current_ratio": 113.33,
            "debt_ratio": 53.59,
            "inventory_turnover_ratio": 0.59,
            "account_receivable_turnover_ratio": null,
            "reinvestment_rate": -474.56,
            "research_to_sale_ratio": null,
            "price_fair": 13.3,
            "eps_avg_yearly": 0.38,
            "eps_latest_yearly": 0.6,
            "eps_growth_yearly": 1279.02
        },
        "20041": {
            "year_quarter": 20041,
            "year": 2004,
            "quarter": 1,
            "eps": 0.2,
            "eps_growth_year": 0,
            "eps_4q": -0.71,
            "eps_4q_growth_year": -290.31,
            "roe": 1.13,
            "roe_4q": -3.83,
            "gross_profit": 152232,
            "gross_margin": 24.1,
            "gross_margin_4q_avg": 22.06,
            "net_income": 82412,
            "net_income_4q": null,
            "revenue": 631592,
            "revenue_4q": null,
            "common_shares": 4297407,
            "book_valuer_per_share": 15.84,
            "book_valuer_per_share_4q_avg": 16.4,
            "equity": 6807074,
            "current_ratio": 103.63,
            "debt_ratio": 30.31,
            "inventory_turnover_ratio": 0.56,
            "account_receivable_turnover_ratio": null,
            "reinvestment_rate": -795.36,
            "research_to_sale_ratio": null,
            "price_fair": 13.3,
            "eps_avg_yearly": 0.38,
            "eps_latest_yearly": 0.6,
            "eps_growth_yearly": 1279.02
        },
        "20042": {
            "year_quarter": 20042,
            "year": 2004,
            "quarter": 2,
            "eps": 0.33,
            "eps_growth_year": 560,
            "eps_4q": -0.42,
            "eps_4q_growth_year": -218.52,
            "roe": 1.99,
            "roe_4q": -2.1199999999999997,
            "gross_profit": 171681,
            "gross_margin": 25.03,
            "gross_margin_4q_avg": 23.29,
            "net_income": 137176,
            "net_income_4q": null,
            "revenue": 685852,
            "revenue_4q": null,
            "common_shares": 4297407,
            "book_valuer_per_share": 16.19,
            "book_valuer_per_share_4q_avg": 16.13,
            "equity": 6958680,
            "current_ratio": 140.82,
            "debt_ratio": 29.33,
            "inventory_turnover_ratio": 2.28,
            "account_receivable_turnover_ratio": null,
            "reinvestment_rate": null,
            "research_to_sale_ratio": null,
            "price_fair": 18,
            "eps_avg_yearly": 0.51,
            "eps_latest_yearly": 1.32,
            "eps_growth_yearly": 1133.44
        },
        "20043": {
            "year_quarter": 20043,
            "year": 2004,
            "quarter": 3,
            "eps": 0.44,
            "eps_growth_year": 193.33,
            "eps_4q": -0.13,
            "eps_4q_growth_year": -133.49,
            "roe": 2.63,
            "roe_4q": -0.3799999999999999,
            "gross_profit": 181501,
            "gross_margin": 27.65,
            "gross_margin_4q_avg": 24.95,
            "net_income": 184801,
            "net_income_4q": null,
            "revenue": 656407,
            "revenue_4q": null,
            "common_shares": 4297407,
            "book_valuer_per_share": 16.52,
            "book_valuer_per_share_4q_avg": 16.06,
            "equity": 7099494,
            "current_ratio": 169.14,
            "debt_ratio": 28.34,
            "inventory_turnover_ratio": 1.88,
            "account_receivable_turnover_ratio": null,
            "reinvestment_rate": null,
            "research_to_sale_ratio": null,
            "price_fair": 23.45,
            "eps_avg_yearly": 0.67,
            "eps_latest_yearly": 1.76,
            "eps_growth_yearly": 1008.43
        },
        "20044": {
            "year_quarter": 20044,
            "year": 2004,
            "quarter": 4,
            "eps": 0.15,
            "eps_growth_year": null,
            "eps_4q": 1.09,
            "eps_4q_growth_year": null,
            "roe": 0.86,
            "roe_4q": 6.609999999999999,
            "gross_profit": 137034,
            "gross_margin": 29.55,
            "gross_margin_4q_avg": 26.58,
            "net_income": 64427,
            "net_income_4q": null,
            "revenue": 463812,
            "revenue_4q": null,
            "common_shares": 4297407,
            "book_valuer_per_share": 16.16,
            "book_valuer_per_share_4q_avg": 16.18,
            "equity": 7909647,
            "current_ratio": 166.44,
            "debt_ratio": 51.42,
            "inventory_turnover_ratio": 0.32,
            "account_receivable_turnover_ratio": null,
            "reinvestment_rate": -64.6,
            "research_to_sale_ratio": null,
            "price_fair": 23.18,
            "eps_avg_yearly": 0.66,
            "eps_latest_yearly": 0.6,
            "eps_growth_yearly": 867.09
        },
        "20051": {
            "year_quarter": 20051,
            "year": 2005,
            "quarter": 1,
            "eps": -0.18,
            "eps_growth_year": -190,
            "eps_4q": 0.72,
            "eps_4q_growth_year": null,
            "roe": -1.04,
            "roe_4q": 4.4399999999999995,
            "gross_profit": 186801,
            "gross_margin": 27.26,
            "gross_margin_4q_avg": 27.37,
            "net_income": -76862,
            "net_income_4q": null,
            "revenue": 685361,
            "revenue_4q": null,
            "common_shares": 4257837,
            "book_valuer_per_share": 16.05,
            "book_valuer_per_share_4q_avg": 16.23,
            "equity": 6832853,
            "current_ratio": 292.47,
            "debt_ratio": 29.52,
            "inventory_turnover_ratio": 0.48,
            "account_receivable_turnover_ratio": null,
            "reinvestment_rate": -96.17,
            "research_to_sale_ratio": null,
            "price_fair": 23.18,
            "eps_avg_yearly": 0.66,
            "eps_latest_yearly": 0.6,
            "eps_growth_yearly": 867.09
        },
        "20052": {
            "year_quarter": 20052,
            "year": 2005,
            "quarter": 2,
            "eps": 1.3,
            "eps_growth_year": 293.94,
            "eps_4q": 1.71,
            "eps_4q_growth_year": null,
            "roe": 7.74,
            "roe_4q": 10.190000000000001,
            "gross_profit": 187809,
            "gross_margin": 24.44,
            "gross_margin_4q_avg": 27.23,
            "net_income": 541307,
            "net_income_4q": null,
            "revenue": 768524,
            "revenue_4q": null,
            "common_shares": 4257837,
            "book_valuer_per_share": 16.82,
            "book_valuer_per_share_4q_avg": 16.39,
            "equity": 7160119,
            "current_ratio": 206.38,
            "debt_ratio": 28.59,
            "inventory_turnover_ratio": 1.92,
            "account_receivable_turnover_ratio": null,
            "reinvestment_rate": -34.72,
            "research_to_sale_ratio": null,
            "price_fair": 23.18,
            "eps_avg_yearly": 0.66,
            "eps_latest_yearly": 0.6,
            "eps_growth_yearly": 867.09
        },
        "20053": {
            "year_quarter": 20053,
            "year": 2005,
            "quarter": 3,
            "eps": 0.72,
            "eps_growth_year": 63.64,
            "eps_4q": 1.96,
            "eps_4q_growth_year": null,
            "roe": 4.14,
            "roe_4q": 11.7,
            "gross_profit": 163810,
            "gross_margin": 20.65,
            "gross_margin_4q_avg": 25.48,
            "net_income": 306372,
            "net_income_4q": null,
            "revenue": 793320,
            "revenue_4q": null,
            "common_shares": 4377056,
            "book_valuer_per_share": 17.46,
            "book_valuer_per_share_4q_avg": 16.62,
            "equity": 7640375,
            "current_ratio": 230.22,
            "debt_ratio": 24.94,
            "inventory_turnover_ratio": 1.95,
            "account_receivable_turnover_ratio": null,
            "reinvestment_rate": -25.01,
            "research_to_sale_ratio": null,
            "price_fair": 30.94,
            "eps_avg_yearly": 0.88,
            "eps_latest_yearly": 2.88,
            "eps_growth_yearly": 762.54
        },
        "20054": {
            "year_quarter": 20054,
            "year": 2005,
            "quarter": 4,
            "eps": 0.2,
            "eps_growth_year": 33.33,
            "eps_4q": 2.02,
            "eps_4q_growth_year": 85.22,
            "roe": 1.01,
            "roe_4q": 11.850000000000001,
            "gross_profit": 99380,
            "gross_margin": 18.87,
            "gross_margin_4q_avg": 22.81,
            "net_income": 84627,
            "net_income_4q": null,
            "revenue": 526563,
            "revenue_4q": null,
            "common_shares": 4377056,
            "book_valuer_per_share": 18.59,
            "book_valuer_per_share_4q_avg": 17.23,
            "equity": 9091010,
            "current_ratio": 216.36,
            "debt_ratio": 48.9,
            "inventory_turnover_ratio": 0.33,
            "account_receivable_turnover_ratio": null,
            "reinvestment_rate": 23.48,
            "research_to_sale_ratio": null,
            "price_fair": 30.67,
            "eps_avg_yearly": 0.88,
            "eps_latest_yearly": 0.8,
            "eps_growth_yearly": 666.95
        },
        "20061": {
            "year_quarter": 20061,
            "year": 2006,
            "quarter": 1,
            "eps": 0.16,
            "eps_growth_year": null,
            "eps_4q": 2.27,
            "eps_4q_growth_year": 212.83,
            "roe": 0.76,
            "roe_4q": 13.65,
            "gross_profit": 162929,
            "gross_margin": 22.39,
            "gross_margin_4q_avg": 21.59,
            "net_income": 70773,
            "net_income_4q": null,
            "revenue": 727813,
            "revenue_4q": null,
            "common_shares": 4429709,
            "book_valuer_per_share": 21.52,
            "book_valuer_per_share_4q_avg": 18.6,
            "equity": 9531077,
            "current_ratio": 154.68,
            "debt_ratio": 20.53,
            "inventory_turnover_ratio": 0.45,
            "account_receivable_turnover_ratio": null,
            "reinvestment_rate": -42.78,
            "research_to_sale_ratio": null,
            "price_fair": 29.98,
            "eps_avg_yearly": 0.86,
            "eps_latest_yearly": 0.64,
            "eps_growth_yearly": 604.71
        },
        "20062": {
            "year_quarter": 20062,
            "year": 2006,
            "quarter": 2,
            "eps": 0.17,
            "eps_growth_year": -86.92,
            "eps_4q": 1.24,
            "eps_4q_growth_year": -27.66,
            "roe": 0.79,
            "roe_4q": 6.699999999999999,
            "gross_profit": 195992,
            "gross_margin": 22.15,
            "gross_margin_4q_avg": 21.02,
            "net_income": 73377,
            "net_income_4q": null,
            "revenue": 884846,
            "revenue_4q": null,
            "common_shares": 4389521,
            "book_valuer_per_share": 20.61,
            "book_valuer_per_share_4q_avg": 19.55,
            "equity": 9046674,
            "current_ratio": 70.36,
            "debt_ratio": 22.65,
            "inventory_turnover_ratio": 2.46,
            "account_receivable_turnover_ratio": null,
            "reinvestment_rate": -39.09,
            "research_to_sale_ratio": null,
            "price_fair": 31.15,
            "eps_avg_yearly": 0.89,
            "eps_latest_yearly": 0.68,
            "eps_growth_yearly": 622.17
        },
        "20063": {
            "year_quarter": 20063,
            "year": 2006,
            "quarter": 3,
            "eps": 1.51,
            "eps_growth_year": 109.72,
            "eps_4q": 2.05,
            "eps_4q_growth_year": 4.27,
            "roe": 6.78,
            "roe_4q": 9.34,
            "gross_profit": 225558,
            "gross_margin": 26.35,
            "gross_margin_4q_avg": 22.44,
            "net_income": 643694,
            "net_income_4q": null,
            "revenue": 855928,
            "revenue_4q": null,
            "common_shares": 4412241,
            "book_valuer_per_share": 22.52,
            "book_valuer_per_share_4q_avg": 20.81,
            "equity": 9938143,
            "current_ratio": 114.82,
            "debt_ratio": 18.07,
            "inventory_turnover_ratio": 2.66,
            "account_receivable_turnover_ratio": null,
            "reinvestment_rate": -24.8,
            "research_to_sale_ratio": null,
            "price_fair": 47.72,
            "eps_avg_yearly": 1.36,
            "eps_latest_yearly": 6.04,
            "eps_growth_yearly": 875.39
        },
        "20064": {
            "year_quarter": 20064,
            "year": 2006,
            "quarter": 4,
            "eps": 0.33,
            "eps_growth_year": 65,
            "eps_4q": 2.15,
            "eps_4q_growth_year": 6.36,
            "roe": 1.34,
            "roe_4q": 9.67,
            "gross_profit": 271036,
            "gross_margin": 29.26,
            "gross_margin_4q_avg": 25.04,
            "net_income": 142827,
            "net_income_4q": null,
            "revenue": 926196,
            "revenue_4q": null,
            "common_shares": 4412241,
            "book_valuer_per_share": 24.04,
            "book_valuer_per_share_4q_avg": 22.17,
            "equity": 11442247,
            "current_ratio": 151.86,
            "debt_ratio": 45.86,
            "inventory_turnover_ratio": 0.51,
            "account_receivable_turnover_ratio": null,
            "reinvestment_rate": 2.19,
            "research_to_sale_ratio": null,
            "price_fair": 51.45,
            "eps_avg_yearly": 1.47,
            "eps_latest_yearly": 1.32,
            "eps_growth_yearly": 878.98
        },
        "20071": {
            "year_quarter": 20071,
            "year": 2007,
            "quarter": 1,
            "eps": 0.67,
            "eps_growth_year": 318.75,
            "eps_4q": 2.65,
            "eps_4q_growth_year": 16.99,
            "roe": 2.59,
            "roe_4q": 11.5,
            "gross_profit": 269043,
            "gross_margin": 26.66,
            "gross_margin_4q_avg": 26.11,
            "net_income": 290524,
            "net_income_4q": null,
            "revenue": 1009061,
            "revenue_4q": null,
            "common_shares": 4412241,
            "book_valuer_per_share": 25,
            "book_valuer_per_share_4q_avg": 23.04,
            "equity": 11028864,
            "current_ratio": 161.08,
            "debt_ratio": 17.14,
            "inventory_turnover_ratio": 0.57,
            "account_receivable_turnover_ratio": null,
            "reinvestment_rate": -16.68,
            "research_to_sale_ratio": null,
            "price_fair": 56.93,
            "eps_avg_yearly": 1.63,
            "eps_latest_yearly": 2.68,
            "eps_growth_yearly": 279.99
        },
        "20072": {
            "year_quarter": 20072,
            "year": 2007,
            "quarter": 2,
            "eps": 0.34,
            "eps_growth_year": 100,
            "eps_4q": 2.86,
            "eps_4q_growth_year": 130.79,
            "roe": 1.28,
            "roe_4q": 11.99,
            "gross_profit": 255387,
            "gross_margin": 24.49,
            "gross_margin_4q_avg": 26.69,
            "net_income": 145235,
            "net_income_4q": null,
            "revenue": 1042874,
            "revenue_4q": null,
            "common_shares": 4412241,
            "book_valuer_per_share": 26.61,
            "book_valuer_per_share_4q_avg": 24.54,
            "equity": 11740928,
            "current_ratio": 124.53,
            "debt_ratio": 21.56,
            "inventory_turnover_ratio": 3.29,
            "account_receivable_turnover_ratio": null,
            "reinvestment_rate": -16.07,
            "research_to_sale_ratio": null,
            "price_fair": 60.32,
            "eps_avg_yearly": 1.72,
            "eps_latest_yearly": 1.36,
            "eps_growth_yearly": 288.57
        },
        "20073": {
            "year_quarter": 20073,
            "year": 2007,
            "quarter": 3,
            "eps": 1.23,
            "eps_growth_year": -18.54,
            "eps_4q": 2.57,
            "eps_4q_growth_year": 25.74,
            "roe": 4.1,
            "roe_4q": 9.31,
            "gross_profit": 254299,
            "gross_margin": 23.9,
            "gross_margin_4q_avg": 26.08,
            "net_income": 529683,
            "net_income_4q": null,
            "revenue": 1063940,
            "revenue_4q": null,
            "common_shares": 4412241,
            "book_valuer_per_share": 31.94,
            "book_valuer_per_share_4q_avg": 26.9,
            "equity": 14094064,
            "current_ratio": 143.02,
            "debt_ratio": 17.51,
            "inventory_turnover_ratio": 2.85,
            "account_receivable_turnover_ratio": null,
            "reinvestment_rate": -13.33,
            "research_to_sale_ratio": null,
            "price_fair": 72.92,
            "eps_avg_yearly": 2.08,
            "eps_latest_yearly": 4.92,
            "eps_growth_yearly": 309.16
        },
        "20074": {
            "year_quarter": 20074,
            "year": 2007,
            "quarter": 4,
            "eps": 0.58,
            "eps_growth_year": 75.76,
            "eps_4q": 2.82,
            "eps_4q_growth_year": 31.01,
            "roe": 1.7,
            "roe_4q": 9.67,
            "gross_profit": 259873,
            "gross_margin": 23.1,
            "gross_margin_4q_avg": 24.54,
            "net_income": 250314,
            "net_income_4q": null,
            "revenue": 1125182,
            "revenue_4q": null,
            "common_shares": 4412241,
            "book_valuer_per_share": 30.51,
            "book_valuer_per_share_4q_avg": 28.52,
            "equity": 15314423,
            "current_ratio": 175.09,
            "debt_ratio": 45.65,
            "inventory_turnover_ratio": 0.43,
            "account_receivable_turnover_ratio": null,
            "reinvestment_rate": 70.84,
            "research_to_sale_ratio": null,
            "price_fair": 73.55,
            "eps_avg_yearly": 2.1,
            "eps_latest_yearly": 2.32,
            "eps_growth_yearly": 269.11
        },
        "20081": {
            "year_quarter": 20081,
            "year": 2008,
            "quarter": 1,
            "eps": 0.74,
            "eps_growth_year": 10.45,
            "eps_4q": 3.05,
            "eps_4q_growth_year": 15.08,
            "roe": 1.88,
            "roe_4q": 8.959999999999999,
            "gross_profit": 854112,
            "gross_margin": 14.11,
            "gross_margin_4q_avg": 21.4,
            "net_income": 301443,
            "net_income_4q": null,
            "revenue": 6052347,
            "revenue_4q": null,
            "common_shares": 4412241,
            "book_valuer_per_share": 33.82,
            "book_valuer_per_share_4q_avg": 30.72,
            "equity": 16690772,
            "current_ratio": 178.02,
            "debt_ratio": 43.13,
            "inventory_turnover_ratio": 1.37,
            "account_receivable_turnover_ratio": null,
            "reinvestment_rate": 170.45,
            "research_to_sale_ratio": null,
            "price_fair": 75.7,
            "eps_avg_yearly": 2.16,
            "eps_latest_yearly": 2.96,
            "eps_growth_yearly": 257.77
        },
        "20082": {
            "year_quarter": 20082,
            "year": 2008,
            "quarter": 2,
            "eps": 0.78,
            "eps_growth_year": 129.41,
            "eps_4q": 3.25,
            "eps_4q_growth_year": 13.74,
            "roe": 2.2,
            "roe_4q": 9.879999999999999,
            "gross_profit": 916954,
            "gross_margin": 13.6,
            "gross_margin_4q_avg": 18.68,
            "net_income": 343650,
            "net_income_4q": null,
            "revenue": 6740443,
            "revenue_4q": null,
            "common_shares": 4412241,
            "book_valuer_per_share": 29,
            "book_valuer_per_share_4q_avg": 31.32,
            "equity": 14580212,
            "current_ratio": 164.3,
            "debt_ratio": 49.06,
            "inventory_turnover_ratio": 1.43,
            "account_receivable_turnover_ratio": null,
            "reinvestment_rate": 161.78,
            "research_to_sale_ratio": null,
            "price_fair": 80.2,
            "eps_avg_yearly": 2.29,
            "eps_latest_yearly": 3.12,
            "eps_growth_yearly": 240.75
        },
        "20083": {
            "year_quarter": 20083,
            "year": 2008,
            "quarter": 3,
            "eps": 1.22,
            "eps_growth_year": -0.81,
            "eps_4q": 3.33,
            "eps_4q_growth_year": 29.35,
            "roe": 3.75,
            "roe_4q": 9.53,
            "gross_profit": 976549,
            "gross_margin": 14.32,
            "gross_margin_4q_avg": 16.28,
            "net_income": 524791,
            "net_income_4q": null,
            "revenue": 6820431,
            "revenue_4q": null,
            "common_shares": 4412241,
            "book_valuer_per_share": 25.48,
            "book_valuer_per_share_4q_avg": 29.7,
            "equity": 13435547,
            "current_ratio": 160.52,
            "debt_ratio": 52.51,
            "inventory_turnover_ratio": 1.22,
            "account_receivable_turnover_ratio": null,
            "reinvestment_rate": 155.2,
            "research_to_sale_ratio": null,
            "price_fair": 88,
            "eps_avg_yearly": 2.51,
            "eps_latest_yearly": 4.88,
            "eps_growth_yearly": 247.34
        },
        "20084": {
            "year_quarter": 20084,
            "year": 2008,
            "quarter": 4,
            "eps": -0.76,
            "eps_growth_year": -231.03,
            "eps_4q": 2.94,
            "eps_4q_growth_year": 4.46,
            "roe": -4.41,
            "roe_4q": 3.42,
            "gross_profit": 448311,
            "gross_margin": 8.62,
            "gross_margin_4q_avg": 12.66,
            "net_income": -591250,
            "net_income_4q": null,
            "revenue": 5201065,
            "revenue_4q": null,
            "common_shares": 4412241,
            "book_valuer_per_share": 26.04,
            "book_valuer_per_share_4q_avg": 28.59,
            "equity": 13397666,
            "current_ratio": 194.79,
            "debt_ratio": 51.08,
            "inventory_turnover_ratio": 0.93,
            "account_receivable_turnover_ratio": 2.74,
            "reinvestment_rate": 75.69,
            "research_to_sale_ratio": null,
            "price_fair": 93.15,
            "eps_avg_yearly": 2.66,
            "eps_latest_yearly": 4.88,
            "eps_growth_yearly": 286.65
        },
        "20091": {
            "year_quarter": 20091,
            "year": 2009,
            "quarter": 1,
            "eps": -0.48,
            "eps_growth_year": -164.86,
            "eps_4q": 0.75,
            "eps_4q_growth_year": -75.44,
            "roe": -2.09,
            "roe_4q": -0.5499999999999998,
            "gross_profit": 212352,
            "gross_margin": 5.63,
            "gross_margin_4q_avg": 10.54,
            "net_income": -280508,
            "net_income_4q": null,
            "revenue": 3772457,
            "revenue_4q": null,
            "common_shares": 4412241,
            "book_valuer_per_share": 26.18,
            "book_valuer_per_share_4q_avg": 26.68,
            "equity": 13423642,
            "current_ratio": 170.3,
            "debt_ratio": 51.32,
            "inventory_turnover_ratio": 0.81,
            "account_receivable_turnover_ratio": 1.04,
            "reinvestment_rate": 211.35,
            "research_to_sale_ratio": null,
            "price_fair": 93.15,
            "eps_avg_yearly": 2.66,
            "eps_latest_yearly": 4.88,
            "eps_growth_yearly": 286.65
        },
        "20092": {
            "year_quarter": 20092,
            "year": 2009,
            "quarter": 2,
            "eps": -0.22,
            "eps_growth_year": -128.21,
            "eps_4q": -0.23,
            "eps_4q_growth_year": -106.92,
            "roe": 1.41,
            "roe_4q": -1.3399999999999999,
            "gross_profit": 353631,
            "gross_margin": 9.11,
            "gross_margin_4q_avg": 9.42,
            "net_income": 190726,
            "net_income_4q": null,
            "revenue": 3883142,
            "revenue_4q": null,
            "common_shares": 4412241,
            "book_valuer_per_share": 25.32,
            "book_valuer_per_share_4q_avg": 25.76,
            "equity": 13552251,
            "current_ratio": 187.71,
            "debt_ratio": 53.49,
            "inventory_turnover_ratio": 0.95,
            "account_receivable_turnover_ratio": 1.14,
            "reinvestment_rate": 233.71,
            "research_to_sale_ratio": null,
            "price_fair": 93.15,
            "eps_avg_yearly": 2.66,
            "eps_latest_yearly": 4.88,
            "eps_growth_yearly": 286.65
        },
        "20093": {
            "year_quarter": 20093,
            "year": 2009,
            "quarter": 3,
            "eps": 1.3,
            "eps_growth_year": 6.56,
            "eps_4q": -0.2,
            "eps_4q_growth_year": -105.98,
            "roe": 3.11,
            "roe_4q": -1.9800000000000004,
            "gross_profit": 742142,
            "gross_margin": 15.89,
            "gross_margin_4q_avg": 9.81,
            "net_income": 445879,
            "net_income_4q": null,
            "revenue": 4669520,
            "revenue_4q": null,
            "common_shares": 4412241,
            "book_valuer_per_share": 28.57,
            "book_valuer_per_share_4q_avg": 26.53,
            "equity": 15149360,
            "current_ratio": 207.82,
            "debt_ratio": 49.17,
            "inventory_turnover_ratio": 1.15,
            "account_receivable_turnover_ratio": 1.3,
            "reinvestment_rate": 246.2,
            "research_to_sale_ratio": null,
            "price_fair": 92.52,
            "eps_avg_yearly": 2.64,
            "eps_latest_yearly": 4.88,
            "eps_growth_yearly": 325.4
        },
        "20094": {
            "year_quarter": 20094,
            "year": 2009,
            "quarter": 4,
            "eps": 1.26,
            "eps_growth_year": null,
            "eps_4q": 1.51,
            "eps_4q_growth_year": -48.75,
            "roe": 1.98,
            "roe_4q": 4.41,
            "gross_profit": 1512569,
            "gross_margin": 29.38,
            "gross_margin_4q_avg": 15,
            "net_income": 328756,
            "net_income_4q": null,
            "revenue": 5147489,
            "revenue_4q": null,
            "common_shares": 5492241,
            "book_valuer_per_share": 29.19,
            "book_valuer_per_share_4q_avg": 27.32,
            "equity": 18057499,
            "current_ratio": 212.61,
            "debt_ratio": 42.05,
            "inventory_turnover_ratio": 1.07,
            "account_receivable_turnover_ratio": 2.87,
            "reinvestment_rate": 187.02,
            "research_to_sale_ratio": null,
            "price_fair": 104.88,
            "eps_avg_yearly": 3,
            "eps_latest_yearly": 5.04,
            "eps_growth_yearly": 348.45
        },
        "20101": {
            "year_quarter": 20101,
            "year": 2010,
            "quarter": 1,
            "eps": 0.41,
            "eps_growth_year": null,
            "eps_4q": 2.3,
            "eps_4q_growth_year": 206.63,
            "roe": 0.81,
            "roe_4q": 7.3100000000000005,
            "gross_profit": 787561,
            "gross_margin": 15.84,
            "gross_margin_4q_avg": 17.56,
            "net_income": 146064,
            "net_income_4q": null,
            "revenue": 4972800,
            "revenue_4q": null,
            "common_shares": 5492241,
            "book_valuer_per_share": 28.95,
            "book_valuer_per_share_4q_avg": 28.01,
            "equity": 17867122,
            "current_ratio": 231.66,
            "debt_ratio": 40.3,
            "inventory_turnover_ratio": 1.24,
            "account_receivable_turnover_ratio": 1.27,
            "reinvestment_rate": 304.74,
            "research_to_sale_ratio": 2.28,
            "price_fair": 107.8,
            "eps_avg_yearly": 3.08,
            "eps_latest_yearly": 1.64,
            "eps_growth_yearly": 332.63
        },
        "20102": {
            "year_quarter": 20102,
            "year": 2010,
            "quarter": 2,
            "eps": -0.01,
            "eps_growth_year": null,
            "eps_4q": 2.47,
            "eps_4q_growth_year": null,
            "roe": -1.11,
            "roe_4q": 4.79,
            "gross_profit": 594304,
            "gross_margin": 10.98,
            "gross_margin_4q_avg": 18.02,
            "net_income": -191068,
            "net_income_4q": null,
            "revenue": 5411167,
            "revenue_4q": null,
            "common_shares": 5492241,
            "book_valuer_per_share": 27.38,
            "book_valuer_per_share_4q_avg": 28.52,
            "equity": 16631159,
            "current_ratio": 191.26,
            "debt_ratio": 45.49,
            "inventory_turnover_ratio": 1.44,
            "account_receivable_turnover_ratio": 1.22,
            "reinvestment_rate": 622.83,
            "research_to_sale_ratio": 2.07,
            "price_fair": 115.44,
            "eps_avg_yearly": 3.3,
            "eps_latest_yearly": 1.64,
            "eps_growth_yearly": 360.6
        },
        "20103": {
            "year_quarter": 20103,
            "year": 2010,
            "quarter": 3,
            "eps": 0.87,
            "eps_growth_year": -33.1,
            "eps_4q": 2.3,
            "eps_4q_growth_year": null,
            "roe": 2.15,
            "roe_4q": 3.83,
            "gross_profit": 864697,
            "gross_margin": 16.52,
            "gross_margin_4q_avg": 18.18,
            "net_income": 369041,
            "net_income_4q": null,
            "revenue": 5233094,
            "revenue_4q": null,
            "common_shares": 5492241,
            "book_valuer_per_share": 29.48,
            "book_valuer_per_share_4q_avg": 28.75,
            "equity": 17656115,
            "current_ratio": 206.88,
            "debt_ratio": 43.23,
            "inventory_turnover_ratio": 1.26,
            "account_receivable_turnover_ratio": 1.19,
            "reinvestment_rate": 341.81,
            "research_to_sale_ratio": 2.16,
            "price_fair": 105.84,
            "eps_avg_yearly": 3.02,
            "eps_latest_yearly": 1.64,
            "eps_growth_yearly": 81.37
        },
        "20104": {
            "year_quarter": 20104,
            "year": 2010,
            "quarter": 4,
            "eps": 0.74,
            "eps_growth_year": -41.42,
            "eps_4q": 2.01,
            "eps_4q_growth_year": 33.05,
            "roe": 1.51,
            "roe_4q": 3.36,
            "gross_profit": 1041063,
            "gross_margin": 19.11,
            "gross_margin_4q_avg": 15.61,
            "net_income": 264637,
            "net_income_4q": null,
            "revenue": 5447138,
            "revenue_4q": null,
            "common_shares": 5492241,
            "book_valuer_per_share": 29.05,
            "book_valuer_per_share_4q_avg": 28.72,
            "equity": 17340960,
            "current_ratio": 210.23,
            "debt_ratio": 42,
            "inventory_turnover_ratio": 1.32,
            "account_receivable_turnover_ratio": 1.36,
            "reinvestment_rate": 483.35,
            "research_to_sale_ratio": 1.58,
            "price_fair": 111.58,
            "eps_avg_yearly": 3.19,
            "eps_latest_yearly": 2.96,
            "eps_growth_yearly": 106.65
        },
        "20111": {
            "year_quarter": 20111,
            "year": 2011,
            "quarter": 1,
            "eps": 0.31,
            "eps_growth_year": -24.39,
            "eps_4q": 1.91,
            "eps_4q_growth_year": -17.02,
            "roe": 0.32,
            "roe_4q": 2.87,
            "gross_profit": 689778,
            "gross_margin": 13.43,
            "gross_margin_4q_avg": 15.01,
            "net_income": 56123,
            "net_income_4q": null,
            "revenue": 5136415,
            "revenue_4q": null,
            "common_shares": 5492241,
            "book_valuer_per_share": 30.94,
            "book_valuer_per_share_4q_avg": 29.21,
            "equity": 18243955,
            "current_ratio": 228.24,
            "debt_ratio": 42.44,
            "inventory_turnover_ratio": 1.37,
            "account_receivable_turnover_ratio": 1.26,
            "reinvestment_rate": 337.78,
            "research_to_sale_ratio": 2.74,
            "price_fair": 106.54,
            "eps_avg_yearly": 3.04,
            "eps_latest_yearly": 1.24,
            "eps_growth_yearly": 42.19
        },
        "20112": {
            "year_quarter": 20112,
            "year": 2011,
            "quarter": 2,
            "eps": 0.25,
            "eps_growth_year": null,
            "eps_4q": 2.17,
            "eps_4q_growth_year": -12.09,
            "roe": 0.1,
            "roe_4q": 4.08,
            "gross_profit": 955607,
            "gross_margin": 15.84,
            "gross_margin_4q_avg": 16.23,
            "net_income": 17895,
            "net_income_4q": null,
            "revenue": 6034731,
            "revenue_4q": null,
            "common_shares": 5492241,
            "book_valuer_per_share": 30.65,
            "book_valuer_per_share_4q_avg": 30.03,
            "equity": 17961230,
            "current_ratio": 167.08,
            "debt_ratio": 45.47,
            "inventory_turnover_ratio": 1.43,
            "account_receivable_turnover_ratio": 1.37,
            "reinvestment_rate": 646.6,
            "research_to_sale_ratio": 1.63,
            "price_fair": 105.28,
            "eps_avg_yearly": 3.01,
            "eps_latest_yearly": 1,
            "eps_growth_yearly": 54.15
        },
        "20113": {
            "year_quarter": 20113,
            "year": 2011,
            "quarter": 3,
            "eps": 1.01,
            "eps_growth_year": 16.02,
            "eps_4q": 2.31,
            "eps_4q_growth_year": 0.38,
            "roe": 2.49,
            "roe_4q": 4.42,
            "gross_profit": 877049,
            "gross_margin": 14.35,
            "gross_margin_4q_avg": 15.68,
            "net_income": 441509,
            "net_income_4q": null,
            "revenue": 6111503,
            "revenue_4q": null,
            "common_shares": 5492241,
            "book_valuer_per_share": 29.84,
            "book_valuer_per_share_4q_avg": 30.12,
            "equity": 17432219,
            "current_ratio": 174.95,
            "debt_ratio": 45.91,
            "inventory_turnover_ratio": 1.34,
            "account_receivable_turnover_ratio": 1.36,
            "reinvestment_rate": 650.81,
            "research_to_sale_ratio": 4.28,
            "price_fair": 102.2,
            "eps_avg_yearly": 2.92,
            "eps_latest_yearly": 4.04,
            "eps_growth_yearly": 71.05
        },
        "20114": {
            "year_quarter": 20114,
            "year": 2011,
            "quarter": 4,
            "eps": 0.46,
            "eps_growth_year": -37.55,
            "eps_4q": 2.03,
            "eps_4q_growth_year": 1.14,
            "roe": 0.79,
            "roe_4q": 3.7,
            "gross_profit": 1319669,
            "gross_margin": 21.88,
            "gross_margin_4q_avg": 16.38,
            "net_income": 137892,
            "net_income_4q": null,
            "revenue": 6031739,
            "revenue_4q": null,
            "common_shares": 5492241,
            "book_valuer_per_share": 29.79,
            "book_valuer_per_share_4q_avg": 30.31,
            "equity": 17288752,
            "current_ratio": 146.7,
            "debt_ratio": 46.7,
            "inventory_turnover_ratio": 1.18,
            "account_receivable_turnover_ratio": 1.34,
            "reinvestment_rate": 460.11,
            "research_to_sale_ratio": -1.7,
            "price_fair": 100.52,
            "eps_avg_yearly": 2.87,
            "eps_latest_yearly": 1.84,
            "eps_growth_yearly": 70.4
        },
        "20121": {
            "year_quarter": 20121,
            "year": 2012,
            "quarter": 1,
            "eps": 0.73,
            "eps_growth_year": 135.48,
            "eps_4q": 2.45,
            "eps_4q_growth_year": 28.42,
            "roe": 2.42,
            "roe_4q": 5.8,
            "gross_profit": 1073941,
            "gross_margin": 17.98,
            "gross_margin_4q_avg": 17.51,
            "net_income": 425099,
            "net_income_4q": null,
            "revenue": 5971369,
            "revenue_4q": null,
            "common_shares": 5492241,
            "book_valuer_per_share": 30.71,
            "book_valuer_per_share_4q_avg": 30.25,
            "equity": 17805634,
            "current_ratio": 155.45,
            "debt_ratio": 43.74,
            "inventory_turnover_ratio": 1.27,
            "account_receivable_turnover_ratio": 1.38,
            "reinvestment_rate": 429.96,
            "research_to_sale_ratio": 2.13,
            "price_fair": 100.38,
            "eps_avg_yearly": 2.87,
            "eps_latest_yearly": 2.92,
            "eps_growth_yearly": 82.85
        },
        "20122": {
            "year_quarter": 20122,
            "year": 2012,
            "quarter": 2,
            "eps": 0.63,
            "eps_growth_year": 154.58,
            "eps_4q": 2.83,
            "eps_4q_growth_year": 30.81,
            "roe": 2.06,
            "roe_4q": 7.760000000000001,
            "gross_profit": 1215768,
            "gross_margin": 19.16,
            "gross_margin_4q_avg": 18.34,
            "net_income": 361998,
            "net_income_4q": null,
            "revenue": 6346192,
            "revenue_4q": null,
            "common_shares": 5492241,
            "book_valuer_per_share": 29.8,
            "book_valuer_per_share_4q_avg": 30.04,
            "equity": 17330041,
            "current_ratio": 141.72,
            "debt_ratio": 44.82,
            "inventory_turnover_ratio": 1.38,
            "account_receivable_turnover_ratio": 1.48,
            "reinvestment_rate": 425.02,
            "research_to_sale_ratio": 1.9,
            "price_fair": 98.28,
            "eps_avg_yearly": 2.81,
            "eps_latest_yearly": 2.52,
            "eps_growth_yearly": 75.2
        },
        "20123": {
            "year_quarter": 20123,
            "year": 2012,
            "quarter": 3,
            "eps": 1.14,
            "eps_growth_year": 12.92,
            "eps_4q": 2.97,
            "eps_4q_growth_year": 28.56,
            "roe": 3.29,
            "roe_4q": 8.559999999999999,
            "gross_profit": 944760,
            "gross_margin": 16.79,
            "gross_margin_4q_avg": 18.95,
            "net_income": 580228,
            "net_income_4q": null,
            "revenue": 5626615,
            "revenue_4q": null,
            "common_shares": 5492241,
            "book_valuer_per_share": 30.87,
            "book_valuer_per_share_4q_avg": 30.29,
            "equity": 17994238,
            "current_ratio": 158.23,
            "debt_ratio": 40.79,
            "inventory_turnover_ratio": 1.27,
            "account_receivable_turnover_ratio": 1.36,
            "reinvestment_rate": 420.7,
            "research_to_sale_ratio": 2.05,
            "price_fair": 97.16,
            "eps_avg_yearly": 2.78,
            "eps_latest_yearly": 4.56,
            "eps_growth_yearly": 85.02
        },
        "20124": {
            "year_quarter": 20124,
            "year": 2012,
            "quarter": 4,
            "eps": 0.3,
            "eps_growth_year": -34.49,
            "eps_4q": 2.81,
            "eps_4q_growth_year": 38.28,
            "roe": 0.67,
            "roe_4q": 8.44,
            "gross_profit": 901594,
            "gross_margin": 16.73,
            "gross_margin_4q_avg": 17.67,
            "net_income": 122121,
            "net_income_4q": null,
            "revenue": 5387972,
            "revenue_4q": null,
            "common_shares": 5492241,
            "book_valuer_per_share": 31.59,
            "book_valuer_per_share_4q_avg": 30.74,
            "equity": 18354298,
            "current_ratio": 178.56,
            "debt_ratio": 39.06,
            "inventory_turnover_ratio": 1.17,
            "account_receivable_turnover_ratio": 1.44,
            "reinvestment_rate": 348.45,
            "research_to_sale_ratio": 2.1,
            "price_fair": 92.15,
            "eps_avg_yearly": 2.63,
            "eps_latest_yearly": 1.2,
            "eps_growth_yearly": 50.5
        },
        "20131": {
            "year_quarter": 20131,
            "year": 2013,
            "quarter": 1,
            "eps": 0.38,
            "eps_growth_year": -47.95,
            "eps_4q": 2.45,
            "eps_4q_growth_year": 0.06,
            "roe": 1.09,
            "roe_4q": 7.110000000000001,
            "gross_profit": 912051,
            "gross_margin": 16.82,
            "gross_margin_4q_avg": 17.38,
            "net_income": 200511,
            "net_income_4q": null,
            "revenue": 5423737,
            "revenue_4q": null,
            "common_shares": 5492241,
            "book_valuer_per_share": 31.82,
            "book_valuer_per_share_4q_avg": 31.02,
            "equity": 18499833,
            "current_ratio": 180.43,
            "debt_ratio": 41.42,
            "inventory_turnover_ratio": 1.13,
            "account_receivable_turnover_ratio": 1.41,
            "reinvestment_rate": 111.23,
            "research_to_sale_ratio": 2.15,
            "price_fair": 88.9,
            "eps_avg_yearly": 2.54,
            "eps_latest_yearly": 1.52,
            "eps_growth_yearly": 55.18
        },
        "20132": {
            "year_quarter": 20132,
            "year": 2013,
            "quarter": 2,
            "eps": 0.14,
            "eps_growth_year": -77.88,
            "eps_4q": 1.96,
            "eps_4q_growth_year": -30.85,
            "roe": 0.11,
            "roe_4q": 5.16,
            "gross_profit": 869658,
            "gross_margin": 15.28,
            "gross_margin_4q_avg": 16.41,
            "net_income": 20299,
            "net_income_4q": null,
            "revenue": 5689677,
            "revenue_4q": null,
            "common_shares": 5492241,
            "book_valuer_per_share": 29.69,
            "book_valuer_per_share_4q_avg": 30.99,
            "equity": 17282791,
            "current_ratio": 152.01,
            "debt_ratio": 45.49,
            "inventory_turnover_ratio": 1.25,
            "account_receivable_turnover_ratio": 1.36,
            "reinvestment_rate": 100.9,
            "research_to_sale_ratio": 2.11,
            "price_fair": 83.57,
            "eps_avg_yearly": 2.39,
            "eps_latest_yearly": 0.56,
            "eps_growth_yearly": 31.5
        },
        "20133": {
            "year_quarter": 20133,
            "year": 2013,
            "quarter": 3,
            "eps": 0.75,
            "eps_growth_year": -34.17,
            "eps_4q": 1.57,
            "eps_4q_growth_year": -46.91,
            "roe": 1.94,
            "roe_4q": 3.8099999999999996,
            "gross_profit": 866307,
            "gross_margin": 16.38,
            "gross_margin_4q_avg": 16.3,
            "net_income": 346934,
            "net_income_4q": null,
            "revenue": 5287540,
            "revenue_4q": null,
            "common_shares": 5492241,
            "book_valuer_per_share": 31.93,
            "book_valuer_per_share_4q_avg": 31.26,
            "equity": 18413081,
            "current_ratio": 167.62,
            "debt_ratio": 40.66,
            "inventory_turnover_ratio": 1.24,
            "account_receivable_turnover_ratio": 1.28,
            "reinvestment_rate": 122.85,
            "research_to_sale_ratio": 2.07,
            "price_fair": 85.1,
            "eps_avg_yearly": 2.43,
            "eps_latest_yearly": 3,
            "eps_growth_yearly": 153.74
        },
        "20134": {
            "year_quarter": 20134,
            "year": 2013,
            "quarter": 4,
            "eps": 0.23,
            "eps_growth_year": -23.28,
            "eps_4q": 1.5,
            "eps_4q_growth_year": -46.41,
            "roe": 0.48,
            "roe_4q": 3.62,
            "gross_profit": 1022889,
            "gross_margin": 19.91,
            "gross_margin_4q_avg": 17.1,
            "net_income": 89384,
            "net_income_4q": null,
            "revenue": 5137556,
            "revenue_4q": null,
            "common_shares": 5492241,
            "book_valuer_per_share": 32.76,
            "book_valuer_per_share_4q_avg": 31.55,
            "equity": 18844805,
            "current_ratio": 191.7,
            "debt_ratio": 38.95,
            "inventory_turnover_ratio": 1.21,
            "account_receivable_turnover_ratio": 1.32,
            "reinvestment_rate": 64.68,
            "research_to_sale_ratio": 1.95,
            "price_fair": 74.8,
            "eps_avg_yearly": 2.14,
            "eps_latest_yearly": 0.92,
            "eps_growth_yearly": 134.81
        },
        "20141": {
            "year_quarter": 20141,
            "year": 2014,
            "quarter": 1,
            "eps": 0.37,
            "eps_growth_year": -2.63,
            "eps_4q": 1.5,
            "eps_4q_growth_year": -38.98,
            "roe": 1.03,
            "roe_4q": 3.56,
            "gross_profit": 927079,
            "gross_margin": 16.96,
            "gross_margin_4q_avg": 17.13,
            "net_income": 196007,
            "net_income_4q": null,
            "revenue": 5467591,
            "revenue_4q": null,
            "common_shares": 5492241,
            "book_valuer_per_share": 33.71,
            "book_valuer_per_share_4q_avg": 32.02,
            "equity": 19360346,
            "current_ratio": 199.14,
            "debt_ratio": 38.63,
            "inventory_turnover_ratio": 1.34,
            "account_receivable_turnover_ratio": 1.36,
            "reinvestment_rate": 62.72,
            "research_to_sale_ratio": 1.85,
            "price_fair": 74.4,
            "eps_avg_yearly": 2.13,
            "eps_latest_yearly": 1.48,
            "eps_growth_yearly": 171.48
        },
        "20142": {
            "year_quarter": 20142,
            "year": 2014,
            "quarter": 2,
            "eps": 0.35,
            "eps_growth_year": 150,
            "eps_4q": 1.71,
            "eps_4q_growth_year": -12.97,
            "roe": 1.01,
            "roe_4q": 4.46,
            "gross_profit": 1031905,
            "gross_margin": 17.67,
            "gross_margin_4q_avg": 17.73,
            "net_income": 192195,
            "net_income_4q": null,
            "revenue": 5841345,
            "revenue_4q": null,
            "common_shares": 5492241,
            "book_valuer_per_share": 32.76,
            "book_valuer_per_share_4q_avg": 32.79,
            "equity": 18835901,
            "current_ratio": 180.73,
            "debt_ratio": 42.16,
            "inventory_turnover_ratio": 1.39,
            "account_receivable_turnover_ratio": 1.39,
            "reinvestment_rate": -201.45,
            "research_to_sale_ratio": 1.88,
            "price_fair": 72.71,
            "eps_avg_yearly": 2.08,
            "eps_latest_yearly": 1.4,
            "eps_growth_yearly": 158.6
        },
        "20143": {
            "year_quarter": 20143,
            "year": 2014,
            "quarter": 3,
            "eps": 3.92,
            "eps_growth_year": 422.67,
            "eps_4q": 4.88,
            "eps_4q_growth_year": 209.76,
            "roe": 10.72,
            "roe_4q": 13.24,
            "gross_profit": 785448,
            "gross_margin": 14.12,
            "gross_margin_4q_avg": 17.17,
            "net_income": 2131268,
            "net_income_4q": null,
            "revenue": 5564009,
            "revenue_4q": null,
            "common_shares": 5492241,
            "book_valuer_per_share": 36.59,
            "book_valuer_per_share_4q_avg": 33.96,
            "equity": 20928242,
            "current_ratio": 216.78,
            "debt_ratio": 35.58,
            "inventory_turnover_ratio": 1.39,
            "account_receivable_turnover_ratio": 1.35,
            "reinvestment_rate": 17.83,
            "research_to_sale_ratio": 1.93,
            "price_fair": 102.46,
            "eps_avg_yearly": 2.93,
            "eps_latest_yearly": 15.68,
            "eps_growth_yearly": 403.69
        },
        "20144": {
            "year_quarter": 20144,
            "year": 2014,
            "quarter": 4,
            "eps": 0.12,
            "eps_growth_year": -49.76,
            "eps_4q": 4.76,
            "eps_4q_growth_year": 216.57,
            "roe": 0.03,
            "roe_4q": 12.79,
            "gross_profit": 971986,
            "gross_margin": 18.94,
            "gross_margin_4q_avg": 16.92,
            "net_income": 6529,
            "net_income_4q": null,
            "revenue": 5131624,
            "revenue_4q": null,
            "common_shares": 5492241,
            "book_valuer_per_share": 36.23,
            "book_valuer_per_share_4q_avg": 34.82,
            "equity": 20689444,
            "current_ratio": 202.93,
            "debt_ratio": 37.17,
            "inventory_turnover_ratio": 1.25,
            "account_receivable_turnover_ratio": 1.29,
            "reinvestment_rate": -163.81,
            "research_to_sale_ratio": 2.43,
            "price_fair": 97.04,
            "eps_avg_yearly": 2.77,
            "eps_latest_yearly": 0.48,
            "eps_growth_yearly": 383.19
        },
        "20151": {
            "year_quarter": 20151,
            "year": 2015,
            "quarter": 1,
            "eps": 0.4,
            "eps_growth_year": 8.11,
            "eps_4q": 4.79,
            "eps_4q_growth_year": 220.01,
            "roe": 0.86,
            "roe_4q": 12.620000000000001,
            "gross_profit": 1015637,
            "gross_margin": 21.95,
            "gross_margin_4q_avg": 18.17,
            "net_income": 179036,
            "net_income_4q": null,
            "revenue": 4628019,
            "revenue_4q": null,
            "common_shares": 5492241,
            "book_valuer_per_share": 36.51,
            "book_valuer_per_share_4q_avg": 35.52,
            "equity": 20797287,
            "current_ratio": 198.8,
            "debt_ratio": 37.3,
            "inventory_turnover_ratio": 1.2,
            "account_receivable_turnover_ratio": 1.23,
            "reinvestment_rate": 11,
            "research_to_sale_ratio": 2.36,
            "price_fair": 97.83,
            "eps_avg_yearly": 2.8,
            "eps_latest_yearly": 1.6,
            "eps_growth_yearly": 456.05
        },
        "20152": {
            "year_quarter": 20152,
            "year": 2015,
            "quarter": 2,
            "eps": 0.18,
            "eps_growth_year": -48.57,
            "eps_4q": 4.23,
            "eps_4q_growth_year": 148.13,
            "roe": 0.5,
            "roe_4q": 12.110000000000001,
            "gross_profit": 836228,
            "gross_margin": 19.64,
            "gross_margin_4q_avg": 18.66,
            "net_income": 99894,
            "net_income_4q": null,
            "revenue": 4256717,
            "revenue_4q": null,
            "common_shares": 5492241,
            "book_valuer_per_share": 32.94,
            "book_valuer_per_share_4q_avg": 35.57,
            "equity": 18776069,
            "current_ratio": 176.02,
            "debt_ratio": 40.72,
            "inventory_turnover_ratio": 1.32,
            "account_receivable_turnover_ratio": 1.22,
            "reinvestment_rate": -181.21,
            "research_to_sale_ratio": 2.67,
            "price_fair": 97.21,
            "eps_avg_yearly": 2.78,
            "eps_latest_yearly": 0.72,
            "eps_growth_yearly": 447.14
        },
        "20153": {
            "year_quarter": 20153,
            "year": 2015,
            "quarter": 3,
            "eps": 0.58,
            "eps_growth_year": -85.2,
            "eps_4q": 1.22,
            "eps_4q_growth_year": -75.05,
            "roe": 1.54,
            "roe_4q": 2.9299999999999997,
            "gross_profit": 956556,
            "gross_margin": 22.44,
            "gross_margin_4q_avg": 20.74,
            "net_income": 286425,
            "net_income_4q": null,
            "revenue": 4263582,
            "revenue_4q": null,
            "common_shares": 5986543,
            "book_valuer_per_share": 29.64,
            "book_valuer_per_share_4q_avg": 33.83,
            "equity": 18435102,
            "current_ratio": 183.64,
            "debt_ratio": 41.79,
            "inventory_turnover_ratio": 1.33,
            "account_receivable_turnover_ratio": 1.25,
            "reinvestment_rate": -198.77,
            "research_to_sale_ratio": 2.36,
            "price_fair": 93.45,
            "eps_avg_yearly": 2.67,
            "eps_latest_yearly": 2.32,
            "eps_growth_yearly": 426.7
        },
        "20154": {
            "year_quarter": 20154,
            "year": 2015,
            "quarter": 4,
            "eps": 0.34,
            "eps_growth_year": 190.84,
            "eps_4q": 1.45,
            "eps_4q_growth_year": -69.58,
            "roe": 0.88,
            "roe_4q": 3.78,
            "gross_profit": 846900,
            "gross_margin": 22.87,
            "gross_margin_4q_avg": 21.73,
            "net_income": 161209,
            "net_income_4q": null,
            "revenue": 3703145,
            "revenue_4q": null,
            "common_shares": 5986543,
            "book_valuer_per_share": 28.98,
            "book_valuer_per_share_4q_avg": 32.02,
            "equity": 18017060,
            "current_ratio": 195.64,
            "debt_ratio": 38.05,
            "inventory_turnover_ratio": 1.19,
            "account_receivable_turnover_ratio": 1.15,
            "reinvestment_rate": -212.86,
            "research_to_sale_ratio": 2.67,
            "price_fair": 92.4,
            "eps_avg_yearly": 2.64,
            "eps_latest_yearly": 1.36,
            "eps_growth_yearly": 429.96
        },
        "20161": {
            "year_quarter": 20161,
            "year": 2016,
            "quarter": 1,
            "eps": 0.51,
            "eps_growth_year": 27.5,
            "eps_4q": 1.6,
            "eps_4q_growth_year": -66.61,
            "roe": 1.58,
            "roe_4q": 4.5,
            "gross_profit": 1045288,
            "gross_margin": 28.04,
            "gross_margin_4q_avg": 23.25,
            "net_income": 289676,
            "net_income_4q": null,
            "revenue": 3728202,
            "revenue_4q": null,
            "common_shares": 5986543,
            "book_valuer_per_share": 29.94,
            "book_valuer_per_share_4q_avg": 30.38,
            "equity": 18560118,
            "current_ratio": 194.01,
            "debt_ratio": 38.2,
            "inventory_turnover_ratio": 1.27,
            "account_receivable_turnover_ratio": 1.22,
            "reinvestment_rate": -190.89,
            "research_to_sale_ratio": 1.89,
            "price_fair": 90.48,
            "eps_avg_yearly": 2.59,
            "eps_latest_yearly": 2.04,
            "eps_growth_yearly": 427.79
        },
        "20162": {
            "year_quarter": 20162,
            "year": 2016,
            "quarter": 2,
            "eps": 0.43,
            "eps_growth_year": 138.89,
            "eps_4q": 1.85,
            "eps_4q_growth_year": -56.28,
            "roe": 1.25,
            "roe_4q": 5.25,
            "gross_profit": 987316,
            "gross_margin": 24.87,
            "gross_margin_4q_avg": 24.56,
            "net_income": 228277,
            "net_income_4q": null,
            "revenue": 3970254,
            "revenue_4q": null,
            "common_shares": 5986543,
            "book_valuer_per_share": 29.14,
            "book_valuer_per_share_4q_avg": 29.43,
            "equity": 18067609,
            "current_ratio": 179.83,
            "debt_ratio": 39.86,
            "inventory_turnover_ratio": 1.61,
            "account_receivable_turnover_ratio": 1.2,
            "reinvestment_rate": -184.08,
            "research_to_sale_ratio": 1.85,
            "price_fair": 88.73,
            "eps_avg_yearly": 2.54,
            "eps_latest_yearly": 1.72,
            "eps_growth_yearly": 427.29
        },
        "20163": {
            "year_quarter": 20163,
            "year": 2016,
            "quarter": 3,
            "eps": 0.91,
            "eps_growth_year": 56.9,
            "eps_4q": 2.19,
            "eps_4q_growth_year": 79.81,
            "roe": 2.74,
            "roe_4q": 6.45,
            "gross_profit": 1209709,
            "gross_margin": 29.22,
            "gross_margin_4q_avg": 26.25,
            "net_income": 503470,
            "net_income_4q": null,
            "revenue": 4139911,
            "revenue_4q": null,
            "common_shares": 5986543,
            "book_valuer_per_share": 30.26,
            "book_valuer_per_share_4q_avg": 29.58,
            "equity": 18672806,
            "current_ratio": 191.91,
            "debt_ratio": 39.11,
            "inventory_turnover_ratio": 1.67,
            "account_receivable_turnover_ratio": 1.18,
            "reinvestment_rate": -186.68,
            "research_to_sale_ratio": 1.72,
            "price_fair": 86.71,
            "eps_avg_yearly": 2.48,
            "eps_latest_yearly": 3.64,
            "eps_growth_yearly": 434.96
        },
        "20164": {
            "year_quarter": 20164,
            "year": 2016,
            "quarter": 4,
            "eps": 0.66,
            "eps_growth_year": 93.64,
            "eps_4q": 2.5,
            "eps_4q_growth_year": 72.93,
            "roe": 2.06,
            "roe_4q": 7.630000000000001,
            "gross_profit": 1327883,
            "gross_margin": 32.78,
            "gross_margin_4q_avg": 28.73,
            "net_income": 392291,
            "net_income_4q": null,
            "revenue": 4050700,
            "revenue_4q": null,
            "common_shares": 5986543,
            "book_valuer_per_share": 31.44,
            "book_valuer_per_share_4q_avg": 30.2,
            "equity": 19390948,
            "current_ratio": 227.74,
            "debt_ratio": 37.31,
            "inventory_turnover_ratio": 1.46,
            "account_receivable_turnover_ratio": 1.12,
            "reinvestment_rate": -171.66,
            "research_to_sale_ratio": 2.65,
            "price_fair": 89.86,
            "eps_avg_yearly": 2.57,
            "eps_latest_yearly": 2.64,
            "eps_growth_yearly": 446.52
        },
        "20171": {
            "year_quarter": 20171,
            "year": 2017,
            "quarter": 1,
            "eps": 0.82,
            "eps_growth_year": 60.78,
            "eps_4q": 2.81,
            "eps_4q_growth_year": 75.96,
            "roe": 2.54,
            "roe_4q": 8.59,
            "gross_profit": 1298331,
            "gross_margin": 26.73,
            "gross_margin_4q_avg": 28.4,
            "net_income": 494686,
            "net_income_4q": null,
            "revenue": 4856811,
            "revenue_4q": null,
            "common_shares": 5986543,
            "book_valuer_per_share": 31.67,
            "book_valuer_per_share_4q_avg": 30.63,
            "equity": 19494767,
            "current_ratio": 209.85,
            "debt_ratio": 39.05,
            "inventory_turnover_ratio": 1.83,
            "account_receivable_turnover_ratio": 1.24,
            "reinvestment_rate": 0.62,
            "research_to_sale_ratio": 2.11,
            "price_fair": 93.71,
            "eps_avg_yearly": 2.68,
            "eps_latest_yearly": 3.28,
            "eps_growth_yearly": 445.91
        },
        "20172": {
            "year_quarter": 20172,
            "year": 2017,
            "quarter": 2,
            "eps": 1.4,
            "eps_growth_year": 225.58,
            "eps_4q": 3.61,
            "eps_4q_growth_year": 94.88,
            "roe": 4.23,
            "roe_4q": 11.57,
            "gross_profit": 1499619,
            "gross_margin": 30.13,
            "gross_margin_4q_avg": 29.72,
            "net_income": 822761,
            "net_income_4q": null,
            "revenue": 4977627,
            "revenue_4q": null,
            "common_shares": 5986543,
            "book_valuer_per_share": 31.46,
            "book_valuer_per_share_4q_avg": 31.21,
            "equity": 19374024,
            "current_ratio": 205.95,
            "debt_ratio": 42.72,
            "inventory_turnover_ratio": 1.74,
            "account_receivable_turnover_ratio": 1.14,
            "reinvestment_rate": 13.8,
            "research_to_sale_ratio": 2.28,
            "price_fair": 104.74,
            "eps_avg_yearly": 2.99,
            "eps_latest_yearly": 5.6,
            "eps_growth_yearly": 479.38
        },
        "20173": {
            "year_quarter": 20173,
            "year": 2017,
            "quarter": 3,
            "eps": 1.01,
            "eps_growth_year": 10.99,
            "eps_4q": 3.75,
            "eps_4q_growth_year": 71.46,
            "roe": 3.27,
            "roe_4q": 12.1,
            "gross_profit": 1387665,
            "gross_margin": 27.71,
            "gross_margin_4q_avg": 29.34,
            "net_income": 642346,
            "net_income_4q": null,
            "revenue": 5008544,
            "revenue_4q": null,
            "common_shares": 6285870,
            "book_valuer_per_share": 30.72,
            "book_valuer_per_share_4q_avg": 31.32,
            "equity": 19856228,
            "current_ratio": 203.25,
            "debt_ratio": 44.19,
            "inventory_turnover_ratio": 1.67,
            "account_receivable_turnover_ratio": 1.11,
            "reinvestment_rate": 11.15,
            "research_to_sale_ratio": 4.29,
            "price_fair": 107.01,
            "eps_avg_yearly": 3.06,
            "eps_latest_yearly": 4.04,
            "eps_growth_yearly": 363.49
        },
        "20174": {
            "year_quarter": 20174,
            "year": 2017,
            "quarter": 4,
            "eps": 0.56,
            "eps_growth_year": -14.58,
            "eps_4q": 3.69,
            "eps_4q_growth_year": 47.19,
            "roe": 1.69,
            "roe_4q": 11.73,
            "gross_profit": 1383885,
            "gross_margin": 26.26,
            "gross_margin_4q_avg": 27.71,
            "net_income": 340593,
            "net_income_4q": null,
            "revenue": 5270775,
            "revenue_4q": null,
            "common_shares": 6285870,
            "book_valuer_per_share": 31.75,
            "book_valuer_per_share_4q_avg": 31.4,
            "equity": 20466796,
            "current_ratio": 216.71,
            "debt_ratio": 43.69,
            "inventory_turnover_ratio": 1.72,
            "account_receivable_turnover_ratio": 1.15,
            "reinvestment_rate": 4.93,
            "research_to_sale_ratio": 3.83,
            "price_fair": 109.9,
            "eps_avg_yearly": 3.14,
            "eps_latest_yearly": 2.24,
            "eps_growth_yearly": 369.68
        },
        "20181": {
            "year_quarter": 20181,
            "year": 2018,
            "quarter": 1,
            "eps": 1.29,
            "eps_growth_year": 57.32,
            "eps_4q": 4.19,
            "eps_4q_growth_year": 48.95,
            "roe": 3.78,
            "roe_4q": 12.97,
            "gross_profit": 1511197,
            "gross_margin": 27.8,
            "gross_margin_4q_avg": 27.98,
            "net_income": 822540,
            "net_income_4q": null,
            "revenue": 5435061,
            "revenue_4q": null,
            "common_shares": 6285870,
            "book_valuer_per_share": 34.72,
            "book_valuer_per_share_4q_avg": 32.16,
            "equity": 23044928,
            "current_ratio": 216.58,
            "debt_ratio": 41.55,
            "inventory_turnover_ratio": 1.57,
            "account_receivable_turnover_ratio": 1.13,
            "reinvestment_rate": -39.05,
            "research_to_sale_ratio": 1.77,
            "price_fair": 117.95,
            "eps_avg_yearly": 3.37,
            "eps_latest_yearly": 5.16,
            "eps_growth_yearly": 387.06
        },
        "20182": {
            "year_quarter": 20182,
            "year": 2018,
            "quarter": 2,
            "eps": 1.33,
            "eps_growth_year": -5,
            "eps_4q": 3.8,
            "eps_4q_growth_year": 5.33,
            "roe": 3.68,
            "roe_4q": 12.42,
            "gross_profit": 1765915,
            "gross_margin": 28.5,
            "gross_margin_4q_avg": 27.57,
            "net_income": 860223,
            "net_income_4q": null,
            "revenue": 6195140,
            "revenue_4q": null,
            "common_shares": 6285870,
            "book_valuer_per_share": 35.65,
            "book_valuer_per_share_4q_avg": 33.21,
            "equity": 23693433,
            "current_ratio": 201.25,
            "debt_ratio": 43.45,
            "inventory_turnover_ratio": 1.57,
            "account_receivable_turnover_ratio": 1.16,
            "reinvestment_rate": -16.08,
            "research_to_sale_ratio": 1.59,
            "price_fair": 126.53,
            "eps_avg_yearly": 3.62,
            "eps_latest_yearly": 5.32,
            "eps_growth_yearly": 389.18
        },
        "20183": {
            "year_quarter": 20183,
            "year": 2018,
            "quarter": 3,
            "eps": 1.5,
            "eps_growth_year": 48.51,
            "eps_4q": 4.21,
            "eps_4q_growth_year": 12.13,
            "roe": 4.64,
            "roe_4q": 13.79,
            "gross_profit": 1773672,
            "gross_margin": 27.21,
            "gross_margin_4q_avg": 27.44,
            "net_income": 1136879,
            "net_income_4q": null,
            "revenue": 6518960,
            "revenue_4q": null,
            "common_shares": 6914457,
            "book_valuer_per_share": 34.28,
            "book_valuer_per_share_4q_avg": 34.1,
            "equity": 25344563,
            "current_ratio": 200.94,
            "debt_ratio": 41.79,
            "inventory_turnover_ratio": 1.54,
            "account_receivable_turnover_ratio": 1.13,
            "reinvestment_rate": -11.42,
            "research_to_sale_ratio": 1.65,
            "price_fair": 105.35,
            "eps_avg_yearly": 3.01,
            "eps_latest_yearly": 6,
            "eps_growth_yearly": 137.38
        },
        "20184": {
            "year_quarter": 20184,
            "year": 2018,
            "quarter": 4,
            "eps": 0.42,
            "eps_growth_year": -25.01,
            "eps_4q": 3.49,
            "eps_4q_growth_year": -5.38,
            "roe": 1.5,
            "roe_4q": 13.6,
            "gross_profit": 1526088,
            "gross_margin": 24.29,
            "gross_margin_4q_avg": 26.95,
            "net_income": 432817,
            "net_income_4q": null,
            "revenue": 6282563,
            "revenue_4q": null,
            "common_shares": 8714457,
            "book_valuer_per_share": 34.47,
            "book_valuer_per_share_4q_avg": 34.78,
            "equity": 32255326,
            "current_ratio": 256.45,
            "debt_ratio": 35.4,
            "inventory_turnover_ratio": 1.43,
            "account_receivable_turnover_ratio": 1.07,
            "reinvestment_rate": 1.63,
            "research_to_sale_ratio": 1.81,
            "price_fair": 107.98,
            "eps_avg_yearly": 3.09,
            "eps_latest_yearly": 1.68,
            "eps_growth_yearly": 143.61
        },
        "20191": {
            "year_quarter": 20191,
            "year": 2019,
            "quarter": 1,
            "eps": 0.88,
            "eps_growth_year": -31.78,
            "eps_4q": 3.44,
            "eps_4q_growth_year": -17.86,
            "roe": 2.34,
            "roe_4q": 12.16,
            "gross_profit": 1578679,
            "gross_margin": 26.01,
            "gross_margin_4q_avg": 26.5,
            "net_income": 790089,
            "net_income_4q": null,
            "revenue": 6068893,
            "revenue_4q": null,
            "common_shares": 8714457,
            "book_valuer_per_share": 36.24,
            "book_valuer_per_share_4q_avg": 35.16,
            "equity": 35174621,
            "current_ratio": 248.96,
            "debt_ratio": 36.27,
            "inventory_turnover_ratio": 1.21,
            "account_receivable_turnover_ratio": 1.03,
            "reinvestment_rate": 7.06,
            "research_to_sale_ratio": 1.98,
            "price_fair": 112.18,
            "eps_avg_yearly": 3.21,
            "eps_latest_yearly": 3.52,
            "eps_growth_yearly": 112.66
        },
        "20192": {
            "year_quarter": 20192,
            "year": 2019,
            "quarter": 2,
            "eps": 0.31,
            "eps_growth_year": -76.69,
            "eps_4q": 2.47,
            "eps_4q_growth_year": -34.89,
            "roe": 0.85,
            "roe_4q": 9.329999999999998,
            "gross_profit": 1315155,
            "gross_margin": 21.17,
            "gross_margin_4q_avg": 24.67,
            "net_income": 296020,
            "net_income_4q": null,
            "revenue": 6211795,
            "revenue_4q": null,
            "common_shares": 8714457,
            "book_valuer_per_share": 35.74,
            "book_valuer_per_share_4q_avg": 35.18,
            "equity": 34779443,
            "current_ratio": 223.54,
            "debt_ratio": 36.56,
            "inventory_turnover_ratio": 1.22,
            "account_receivable_turnover_ratio": 1.03,
            "reinvestment_rate": 20.32,
            "research_to_sale_ratio": 2.38,
            "price_fair": 113.31,
            "eps_avg_yearly": 3.24,
            "eps_latest_yearly": 1.24,
            "eps_growth_yearly": 110.22
        },
        "20193": {
            "year_quarter": 20193,
            "year": 2019,
            "quarter": 3,
            "eps": 0.53,
            "eps_growth_year": -64.67,
            "eps_4q": 1.96,
            "eps_4q_growth_year": -53.48,
            "roe": 1.57,
            "roe_4q": 6.26,
            "gross_profit": 1924373,
            "gross_margin": 30,
            "gross_margin_4q_avg": 25.37,
            "net_income": 547865,
            "net_income_4q": null,
            "revenue": 6413641,
            "revenue_4q": null,
            "common_shares": 9847336,
            "book_valuer_per_share": 31.52,
            "book_valuer_per_share_4q_avg": 34.49,
            "equity": 35046196,
            "current_ratio": 241.26,
            "debt_ratio": 34.32,
            "inventory_turnover_ratio": 1.16,
            "account_receivable_turnover_ratio": 1.14,
            "reinvestment_rate": 27.92,
            "research_to_sale_ratio": 2.53,
            "price_fair": 112.88,
            "eps_avg_yearly": 3.23,
            "eps_latest_yearly": 2.12,
            "eps_growth_yearly": 72.4
        },
        "20194": {
            "year_quarter": 20194,
            "year": 2019,
            "quarter": 4,
            "eps": -0.38,
            "eps_growth_year": -190.69,
            "eps_4q": 1.2,
            "eps_4q_growth_year": -65.48,
            "roe": -1.35,
            "roe_4q": 3.4099999999999997,
            "gross_profit": -490018,
            "gross_margin": -13.7,
            "gross_margin_4q_avg": 15.87,
            "net_income": -468446,
            "net_income_4q": null,
            "revenue": 3576607,
            "revenue_4q": null,
            "common_shares": 9847336,
            "book_valuer_per_share": 31.12,
            "book_valuer_per_share_4q_avg": 33.66,
            "equity": 34293482,
            "current_ratio": 230.07,
            "debt_ratio": 33.55,
            "inventory_turnover_ratio": 1.21,
            "account_receivable_turnover_ratio": 0.79,
            "reinvestment_rate": 43.6,
            "research_to_sale_ratio": 4.73,
            "price_fair": 117.23,
            "eps_avg_yearly": 3.35,
            "eps_latest_yearly": 2.12,
            "eps_growth_yearly": 88.26
        },
        "20201": {
            "year_quarter": 20201,
            "year": 2020,
            "quarter": 1,
            "eps": -0.04,
            "eps_growth_year": -104.55,
            "eps_4q": 0.38,
            "eps_4q_growth_year": -88.82,
            "roe": -0.22,
            "roe_4q": 0.85,
            "gross_profit": 652174,
            "gross_margin": 14.6,
            "gross_margin_4q_avg": 13.02,
            "net_income": -74923,
            "net_income_4q": null,
            "revenue": 4465693,
            "revenue_4q": null,
            "common_shares": 9847336,
            "book_valuer_per_share": 29.97,
            "book_valuer_per_share_4q_avg": 32.09,
            "equity": 33144842,
            "current_ratio": 220.1,
            "debt_ratio": 34.82,
            "inventory_turnover_ratio": 1.29,
            "account_receivable_turnover_ratio": 1.12,
            "reinvestment_rate": 51.05,
            "research_to_sale_ratio": 3.86,
            "price_fair": 120.5,
            "eps_avg_yearly": 3.44,
            "eps_latest_yearly": 2.12,
            "eps_growth_yearly": 80.28
        },
        "20202": {
            "year_quarter": 20202,
            "year": 2020,
            "quarter": 2,
            "eps": -0.23,
            "eps_growth_year": -174.19,
            "eps_4q": -0.13,
            "eps_4q_growth_year": -105.1,
            "roe": -0.92,
            "roe_4q": -0.9200000000000002,
            "gross_profit": 378996,
            "gross_margin": 13.45,
            "gross_margin_4q_avg": 11.09,
            "net_income": -304123,
            "net_income_4q": null,
            "revenue": 2816982,
            "revenue_4q": null,
            "common_shares": 9847336,
            "book_valuer_per_share": 29.78,
            "book_valuer_per_share_4q_avg": 30.6,
            "equity": 32848139,
            "current_ratio": 213.8,
            "debt_ratio": 34.75,
            "inventory_turnover_ratio": 0.85,
            "account_receivable_turnover_ratio": 0.82,
            "reinvestment_rate": 54.14,
            "research_to_sale_ratio": 6.4,
            "price_fair": 125.14,
            "eps_avg_yearly": 3.58,
            "eps_latest_yearly": 2.12,
            "eps_growth_yearly": 91.29
        },
        "20203": {
            "year_quarter": 20203,
            "year": 2020,
            "quarter": 3,
            "eps": 0.52,
            "eps_growth_year": -1.89,
            "eps_4q": -0.14,
            "eps_4q_growth_year": -107.05,
            "roe": 1.62,
            "roe_4q": -0.87,
            "gross_profit": 1289073,
            "gross_margin": 26.28,
            "gross_margin_4q_avg": 10.16,
            "net_income": 535575,
            "net_income_4q": null,
            "revenue": 4904454,
            "revenue_4q": null,
            "common_shares": 9847336,
            "book_valuer_per_share": 30.06,
            "book_valuer_per_share_4q_avg": 30.23,
            "equity": 33123839,
            "current_ratio": 222.99,
            "debt_ratio": 33.65,
            "inventory_turnover_ratio": 1.42,
            "account_receivable_turnover_ratio": 1.48,
            "reinvestment_rate": 49.54,
            "research_to_sale_ratio": 3.15,
            "price_fair": 124.95,
            "eps_avg_yearly": 3.57,
            "eps_latest_yearly": 2.12,
            "eps_growth_yearly": 61.68
        },
        "20204": {
            "year_quarter": 20204,
            "year": 2020,
            "quarter": 4,
            "eps": 0.51,
            "eps_growth_year": null,
            "eps_4q": 0.75,
            "eps_4q_growth_year": -37.79,
            "roe": 1.55,
            "roe_4q": 2.03,
            "gross_profit": 1219931,
            "gross_margin": 24.8,
            "gross_margin_4q_avg": 19.78,
            "net_income": 519481,
            "net_income_4q": null,
            "revenue": 4918373,
            "revenue_4q": null,
            "common_shares": 9847336,
            "book_valuer_per_share": 30.79,
            "book_valuer_per_share_4q_avg": 30.15,
            "equity": 33819562,
            "current_ratio": 184.68,
            "debt_ratio": 32.61,
            "inventory_turnover_ratio": 1.64,
            "account_receivable_turnover_ratio": 1.29,
            "reinvestment_rate": 53.82,
            "research_to_sale_ratio": 2.15,
            "price_fair": 123.2,
            "eps_avg_yearly": 3.52,
            "eps_latest_yearly": 2.04,
            "eps_growth_yearly": 70.2
        },
        "20211": {
            "year_quarter": 20211,
            "year": 2021,
            "quarter": 1,
            "eps": 0.44,
            "eps_growth_year": null,
            "eps_4q": 1.23,
            "eps_4q_growth_year": 220.29,
            "roe": 1.17,
            "roe_4q": 3.42,
            "gross_profit": 1148623,
            "gross_margin": 21.42,
            "gross_margin_4q_avg": 21.49,
            "net_income": 399652,
            "net_income_4q": null,
            "revenue": 5363519,
            "revenue_4q": null,
            "common_shares": 9847336,
            "book_valuer_per_share": 31.74,
            "book_valuer_per_share_4q_avg": 30.59,
            "equity": 34725785,
            "current_ratio": 177.42,
            "debt_ratio": 33.89,
            "inventory_turnover_ratio": 1.66,
            "account_receivable_turnover_ratio": 1.26,
            "reinvestment_rate": 68.18,
            "research_to_sale_ratio": 2.21,
            "price_fair": 118.77,
            "eps_avg_yearly": 3.39,
            "eps_latest_yearly": 1.76,
            "eps_growth_yearly": 57.54
        },
        "20212": {
            "year_quarter": 20212,
            "year": 2021,
            "quarter": 2,
            "eps": 0.3,
            "eps_growth_year": null,
            "eps_4q": 1.77,
            "eps_4q_growth_year": null,
            "roe": 0.97,
            "roe_4q": 5.31,
            "gross_profit": 1065600,
            "gross_margin": 18.11,
            "gross_margin_4q_avg": 22.65,
            "net_income": 339031,
            "net_income_4q": null,
            "revenue": 5882664,
            "revenue_4q": null,
            "common_shares": 9847336,
            "book_valuer_per_share": 32.36,
            "book_valuer_per_share_4q_avg": 31.24,
            "equity": 35327737,
            "current_ratio": 198.46,
            "debt_ratio": 34.6,
            "inventory_turnover_ratio": 1.95,
            "account_receivable_turnover_ratio": 1.25,
            "reinvestment_rate": 19.83,
            "research_to_sale_ratio": 2.04,
            "price_fair": 100.97,
            "eps_avg_yearly": 3.03,
            "eps_latest_yearly": 1.2,
            "eps_growth_yearly": 23.36
        },
        "20213": {
            "year_quarter": 20213,
            "year": 2021,
            "quarter": 3,
            "eps": 0.67,
            "eps_growth_year": 28.85,
            "eps_4q": 1.92,
            "eps_4q_growth_year": null,
            "roe": 1.91,
            "roe_4q": 5.6,
            "gross_profit": 1275184,
            "gross_margin": 22.5,
            "gross_margin_4q_avg": 21.71,
            "net_income": 660020,
            "net_income_4q": null,
            "revenue": 5667911,
            "revenue_4q": null,
            "common_shares": 9847336,
            "book_valuer_per_share": 32.95,
            "book_valuer_per_share_4q_avg": 31.96,
            "equity": 33718598,
            "current_ratio": 158.87,
            "debt_ratio": 35.78,
            "inventory_turnover_ratio": 2,
            "account_receivable_turnover_ratio": 1.19,
            "reinvestment_rate": 75.33,
            "research_to_sale_ratio": 1.16,
            "price_fair": 101.97,
            "eps_avg_yearly": 2.91,
            "eps_latest_yearly": 2.68,
            "eps_growth_yearly": 73.76
        },
        "20214": {
            "year_quarter": 20214,
            "year": 2021,
            "quarter": 4,
            "eps": 2.09,
            "eps_growth_year": 312.59,
            "eps_4q": 3.5,
            "eps_4q_growth_year": 367.33,
            "roe": 5.9,
            "roe_4q": 9.950000000000001,
            "gross_profit": 3455039,
            "gross_margin": 44.86,
            "gross_margin_4q_avg": 26.72,
            "net_income": 2033137,
            "net_income_4q": null,
            "revenue": 7702642,
            "revenue_4q": null,
            "common_shares": 9847336,
            "book_valuer_per_share": 34.5,
            "book_valuer_per_share_4q_avg": 32.89,
            "equity": 35220818,
            "current_ratio": 193.24,
            "debt_ratio": 38.76,
            "inventory_turnover_ratio": 1.66,
            "account_receivable_turnover_ratio": 1.65,
            "reinvestment_rate": 70.34,
            "research_to_sale_ratio": 0.62,
            "price_fair": 119.82,
            "eps_avg_yearly": 3.42,
            "eps_latest_yearly": 8.36,
            "eps_growth_yearly": 159.26
        },
        "20221": {
            "year_quarter": 20221,
            "year": 2022,
            "quarter": 1,
            "eps": 0.22,
            "eps_growth_year": -50,
            "eps_4q": 3.28,
            "eps_4q_growth_year": 166.03,
            "roe": 0.71,
            "roe_4q": 9.49,
            "gross_profit": 748618,
            "gross_margin": 14.36,
            "gross_margin_4q_avg": 24.96,
            "net_income": 254428,
            "net_income_4q": null,
            "revenue": 5211467,
            "revenue_4q": null,
            "common_shares": 9847336,
            "book_valuer_per_share": 35.64,
            "book_valuer_per_share_4q_avg": 33.86,
            "equity": 36434314,
            "current_ratio": 175.29,
            "debt_ratio": 39.8,
            "inventory_turnover_ratio": 1.52,
            "account_receivable_turnover_ratio": 1.04,
            "reinvestment_rate": 135.85,
            "research_to_sale_ratio": 0.76,
            "price_fair": 107.33,
            "eps_avg_yearly": 3.07,
            "eps_latest_yearly": 0.88,
            "eps_growth_yearly": 85.98
        },
        "20222": {
            "year_quarter": 20222,
            "year": 2022,
            "quarter": 2,
            "eps": -0.01,
            "eps_growth_year": -103.33,
            "eps_4q": 2.97,
            "eps_4q_growth_year": 67.74,
            "roe": 0.1,
            "roe_4q": 8.62,
            "gross_profit": 653785,
            "gross_margin": 11.19,
            "gross_margin_4q_avg": 23.23,
            "net_income": 34946,
            "net_income_4q": null,
            "revenue": 5845135,
            "revenue_4q": null,
            "common_shares": 9847336,
            "book_valuer_per_share": 34.43,
            "book_valuer_per_share_4q_avg": 34.38,
            "equity": 35364552,
            "current_ratio": 169.51,
            "debt_ratio": 41.14,
            "inventory_turnover_ratio": 1.61,
            "account_receivable_turnover_ratio": 1.04,
            "reinvestment_rate": 155.25,
            "research_to_sale_ratio": 0.76,
            "price_fair": 100.16,
            "eps_avg_yearly": 2.86,
            "eps_latest_yearly": 0.88,
            "eps_growth_yearly": 92.67
        },
        "20223": {
            "year_quarter": 20223,
            "year": 2022,
            "quarter": 3,
            "eps": 0.57,
            "eps_growth_year": -14.93,
            "eps_4q": 2.87,
            "eps_4q_growth_year": 49.66,
            "roe": 1.63,
            "roe_4q": 8.34,
            "gross_profit": 1182658,
            "gross_margin": 17.67,
            "gross_margin_4q_avg": 22.02,
            "net_income": 589000,
            "net_income_4q": null,
            "revenue": 6693342,
            "revenue_4q": null,
            "common_shares": 9847336,
            "book_valuer_per_share": 35.92,
            "book_valuer_per_share_4q_avg": 35.12,
            "equity": 36987792,
            "current_ratio": 177.18,
            "debt_ratio": 39.96,
            "inventory_turnover_ratio": 1.58,
            "account_receivable_turnover_ratio": 1.12,
            "reinvestment_rate": 182.42,
            "research_to_sale_ratio": 0.86,
            "price_fair": 89.18,
            "eps_avg_yearly": 2.55,
            "eps_latest_yearly": 0.88,
            "eps_growth_yearly": 96.82
        },
        "20224": {
            "year_quarter": 20224,
            "year": 2022,
            "quarter": 4,
            "eps": -0.08,
            "eps_growth_year": -103.91,
            "eps_4q": 0.7,
            "eps_4q_growth_year": -79.99,
            "roe": -0.59,
            "roe_4q": 1.85,
            "gross_profit": 687765,
            "gross_margin": 12.24,
            "gross_margin_4q_avg": 13.87,
            "net_income": -215392,
            "net_income_4q": null,
            "revenue": 5618341,
            "revenue_4q": null,
            "common_shares": 9847336,
            "book_valuer_per_share": 34.67,
            "book_valuer_per_share_4q_avg": 35.17,
            "equity": 35558457,
            "current_ratio": 214.72,
            "debt_ratio": 39.12,
            "inventory_turnover_ratio": 1.45,
            "account_receivable_turnover_ratio": 0.99,
            "reinvestment_rate": 166.11,
            "research_to_sale_ratio": 0.88,
            "price_fair": 92.56,
            "eps_avg_yearly": 2.64,
            "eps_latest_yearly": 0.88,
            "eps_growth_yearly": 139.58
        },
        "20231": {
            "year_quarter": 20231,
            "year": 2023,
            "quarter": 1,
            "eps": 0.02,
            "eps_growth_year": -90.91,
            "eps_4q": 0.5,
            "eps_4q_growth_year": -84.66,
            "roe": 0.06,
            "roe_4q": 1.2,
            "gross_profit": 617711,
            "gross_margin": 13.31,
            "gross_margin_4q_avg": 13.6,
            "net_income": 21629,
            "net_income_4q": null,
            "revenue": 4639316,
            "revenue_4q": null,
            "common_shares": 9847336,
            "book_valuer_per_share": 35.19,
            "book_valuer_per_share_4q_avg": 35.05,
            "equity": 36056300,
            "current_ratio": 213.31,
            "debt_ratio": 37.53,
            "inventory_turnover_ratio": 1.24,
            "account_receivable_turnover_ratio": 0.96,
            "reinvestment_rate": 178.79,
            "research_to_sale_ratio": 1.05,
            "price_fair": 88.73,
            "eps_avg_yearly": 2.54,
            "eps_latest_yearly": 0.88,
            "eps_growth_yearly": 102.26
        },
        "20232": {
            "year_quarter": 20232,
            "year": 2023,
            "quarter": 2,
            "eps": -0.37,
            "eps_growth_year": null,
            "eps_4q": 0.13,
            "eps_4q_growth_year": -95.48,
            "roe": -1.09,
            "roe_4q": 0.009999999999999787,
            "gross_profit": 66424,
            "gross_margin": 1.63,
            "gross_margin_4q_avg": 11.21,
            "net_income": -394955,
            "net_income_4q": null,
            "revenue": 4074526,
            "revenue_4q": null,
            "common_shares": 9847336,
            "book_valuer_per_share": 35.51,
            "book_valuer_per_share_4q_avg": 35.32,
            "equity": 36370566,
            "current_ratio": 186.34,
            "debt_ratio": 36.82,
            "inventory_turnover_ratio": 1.29,
            "account_receivable_turnover_ratio": 1,
            "reinvestment_rate": 197.61,
            "research_to_sale_ratio": 1.3,
            "price_fair": 95.2,
            "eps_avg_yearly": 2.72,
            "eps_latest_yearly": 0.88,
            "eps_growth_yearly": 153.89
        },
        "20233": {
            "year_quarter": 20233,
            "year": 2023,
            "quarter": 3,
            "eps": 0.01,
            "eps_growth_year": -98.25,
            "eps_4q": -0.42,
            "eps_4q_growth_year": -114.77,
            "roe": -0,
            "roe_4q": -1.62,
            "gross_profit": 389934,
            "gross_margin": 8.27,
            "gross_margin_4q_avg": 8.86,
            "net_income": -753,
            "net_income_4q": null,
            "revenue": 4713900,
            "revenue_4q": null,
            "common_shares": 9847336,
            "book_valuer_per_share": 35.41,
            "book_valuer_per_share_4q_avg": 35.2,
            "equity": 36337448,
            "current_ratio": 198.85,
            "debt_ratio": 37.73,
            "inventory_turnover_ratio": 1.55,
            "account_receivable_turnover_ratio": 1.19,
            "reinvestment_rate": 224.12,
            "research_to_sale_ratio": 1.2,
            "price_fair": 98.7,
            "eps_avg_yearly": 2.82,
            "eps_latest_yearly": 0.88,
            "eps_growth_yearly": 132.22
        }
    },
    "months": {
        "2001-06": {
            "month": "2001-06",
            "price": "14.02",
            "revenue": 177422
        },
        "2001-07": {
            "month": "2001-07",
            "price": "10.22",
            "revenue": 183119
        },
        "2001-08": {
            "month": "2001-08",
            "price": "10.54",
            "revenue": 181026
        },
        "2001-09": {
            "month": "2001-09",
            "price": "9.14",
            "revenue": 161588
        },
        "2001-10": {
            "month": "2001-10",
            "price": "8.90",
            "revenue": 173573
        },
        "2001-11": {
            "month": "2001-11",
            "price": "9.25",
            "revenue": 187331
        },
        "2001-12": {
            "month": "2001-12",
            "price": "10.51",
            "revenue": 196288
        },
        "2002-01": {
            "month": "2002-01",
            "price": "10.96",
            "revenue": 205167
        },
        "2002-02": {
            "month": "2002-02",
            "price": "10.88",
            "revenue": 168581
        },
        "2002-03": {
            "month": "2002-03",
            "price": "12.05",
            "revenue": 207721
        },
        "2002-04": {
            "month": "2002-04",
            "price": "12.64",
            "revenue": 211663
        },
        "2002-05": {
            "month": "2002-05",
            "price": "11.54",
            "revenue": 217544
        },
        "2002-06": {
            "month": "2002-06",
            "price": "12.23",
            "revenue": 191386
        },
        "2002-07": {
            "month": "2002-07",
            "price": "12.04",
            "revenue": 194791
        },
        "2002-08": {
            "month": "2002-08",
            "price": "11.39",
            "revenue": 177997
        },
        "2002-09": {
            "month": "2002-09",
            "price": "9.64",
            "revenue": 189777
        },
        "2002-10": {
            "month": "2002-10",
            "price": "9.05",
            "revenue": 193133
        },
        "2002-11": {
            "month": "2002-11",
            "price": "10.23",
            "revenue": 213187
        },
        "2002-12": {
            "month": "2002-12",
            "price": "10.56",
            "revenue": 195894
        },
        "2003-01": {
            "month": "2003-01",
            "price": "13.22",
            "revenue": 212713
        },
        "2003-02": {
            "month": "2003-02",
            "price": "11.78",
            "revenue": 193889
        },
        "2003-03": {
            "month": "2003-03",
            "price": "10.71",
            "revenue": 204912
        },
        "2003-04": {
            "month": "2003-04",
            "price": "10.67",
            "revenue": 217516
        },
        "2003-05": {
            "month": "2003-05",
            "price": "9.15",
            "revenue": 237269
        },
        "2003-06": {
            "month": "2003-06",
            "price": "10.50",
            "revenue": 255493
        },
        "2003-07": {
            "month": "2003-07",
            "price": "10.46",
            "revenue": 229921
        },
        "2003-08": {
            "month": "2003-08",
            "price": "10.41",
            "revenue": 233808
        },
        "2003-09": {
            "month": "2003-09",
            "price": "9.86",
            "revenue": 215311
        },
        "2003-10": {
            "month": "2003-10",
            "price": "11.95",
            "revenue": 231097
        },
        "2003-11": {
            "month": "2003-11",
            "price": "12.92",
            "revenue": 215785
        },
        "2003-12": {
            "month": "2003-12",
            "price": "11.45",
            "revenue": 213077
        },
        "2004-01": {
            "month": "2004-01",
            "price": "12.01",
            "revenue": 186150
        },
        "2004-02": {
            "month": "2004-02",
            "price": "13.17",
            "revenue": 217867
        },
        "2004-03": {
            "month": "2004-03",
            "price": "12.59",
            "revenue": 227585
        },
        "2004-04": {
            "month": "2004-04",
            "price": "11.45",
            "revenue": 221501
        },
        "2004-05": {
            "month": "2004-05",
            "price": "10.08",
            "revenue": 235987
        },
        "2004-06": {
            "month": "2004-06",
            "price": "9.69",
            "revenue": 228368
        },
        "2004-07": {
            "month": "2004-07",
            "price": "9.84",
            "revenue": 210547
        },
        "2004-08": {
            "month": "2004-08",
            "price": "9.92",
            "revenue": 219977
        },
        "2004-09": {
            "month": "2004-09",
            "price": "11.34",
            "revenue": 225884
        },
        "2004-10": {
            "month": "2004-10",
            "price": "11.53",
            "revenue": 245231
        },
        "2004-11": {
            "month": "2004-11",
            "price": "11.22",
            "revenue": 252697
        },
        "2004-12": {
            "month": "2004-12",
            "price": "11.68",
            "revenue": 252745
        },
        "2005-01": {
            "month": "2005-01",
            "price": "12.07",
            "revenue": 239426
        },
        "2005-02": {
            "month": "2005-02",
            "price": "11.84",
            "revenue": 185150
        },
        "2005-03": {
            "month": "2005-03",
            "price": "11.74",
            "revenue": 260785
        },
        "2005-04": {
            "month": "2005-04",
            "price": "10.98",
            "revenue": 242657
        },
        "2005-05": {
            "month": "2005-05",
            "price": "10.91",
            "revenue": 253618
        },
        "2005-06": {
            "month": "2005-06",
            "price": "11.15",
            "revenue": 272250
        },
        "2005-07": {
            "month": "2005-07",
            "price": "11.25",
            "revenue": 262172
        },
        "2005-08": {
            "month": "2005-08",
            "price": "11.61",
            "revenue": 282984
        },
        "2005-09": {
            "month": "2005-09",
            "price": "12.19",
            "revenue": 248165
        },
        "2005-10": {
            "month": "2005-10",
            "price": "11.69",
            "revenue": 294209
        },
        "2005-11": {
            "month": "2005-11",
            "price": "11.91",
            "revenue": 248495
        },
        "2005-12": {
            "month": "2005-12",
            "price": "12.33",
            "revenue": 266151
        },
        "2006-01": {
            "month": "2006-01",
            "price": "12.88",
            "revenue": 223595
        },
        "2006-02": {
            "month": "2006-02",
            "price": "13.36",
            "revenue": 229991
        },
        "2006-03": {
            "month": "2006-03",
            "price": "13.02",
            "revenue": 274227
        },
        "2006-04": {
            "month": "2006-04",
            "price": "14.66",
            "revenue": 276995
        },
        "2006-05": {
            "month": "2006-05",
            "price": "26.12",
            "revenue": 311067
        },
        "2006-06": {
            "month": "2006-06",
            "price": "22.91",
            "revenue": 296783
        },
        "2006-07": {
            "month": "2006-07",
            "price": "23.11",
            "revenue": 276097
        },
        "2006-08": {
            "month": "2006-08",
            "price": "23.12",
            "revenue": 282078
        },
        "2006-09": {
            "month": "2006-09",
            "price": "22.72",
            "revenue": 297754
        },
        "2006-10": {
            "month": "2006-10",
            "price": "31.09",
            "revenue": 293414
        },
        "2006-11": {
            "month": "2006-11",
            "price": "36.92",
            "revenue": 316457
        },
        "2006-12": {
            "month": "2006-12",
            "price": "36.57",
            "revenue": 285288
        },
        "2007-01": {
            "month": "2007-01",
            "price": "35.49",
            "revenue": 330758
        },
        "2007-02": {
            "month": "2007-02",
            "price": "34.53",
            "revenue": 281417
        },
        "2007-03": {
            "month": "2007-03",
            "price": "31.70",
            "revenue": 396886
        },
        "2007-04": {
            "month": "2007-04",
            "price": "35.12",
            "revenue": 329150
        },
        "2007-05": {
            "month": "2007-05",
            "price": "33.93",
            "revenue": 358153
        },
        "2007-06": {
            "month": "2007-06",
            "price": "35.64",
            "revenue": 355571
        },
        "2007-07": {
            "month": "2007-07",
            "price": "44.60",
            "revenue": 347914
        },
        "2007-08": {
            "month": "2007-08",
            "price": "43.07",
            "revenue": 356235
        },
        "2007-09": {
            "month": "2007-09",
            "price": "42.49",
            "revenue": 359790
        },
        "2007-10": {
            "month": "2007-10",
            "price": "45.47",
            "revenue": 337837
        },
        "2007-11": {
            "month": "2007-11",
            "price": "39.28",
            "revenue": 373173
        },
        "2007-12": {
            "month": "2007-12",
            "price": "34.41",
            "revenue": 405668
        },
        "2008-01": {
            "month": "2008-01",
            "price": "32.90",
            "revenue": 364144
        },
        "2008-02": {
            "month": "2008-02",
            "price": "34.52",
            "revenue": 340563
        },
        "2008-03": {
            "month": "2008-03",
            "price": "41.39",
            "revenue": 428601
        },
        "2008-04": {
            "month": "2008-04",
            "price": "44.58",
            "revenue": 407355
        },
        "2008-05": {
            "month": "2008-05",
            "price": "42.22",
            "revenue": 454121
        },
        "2008-06": {
            "month": "2008-06",
            "price": "36.51",
            "revenue": 471735
        },
        "2008-07": {
            "month": "2008-07",
            "price": "34.70",
            "revenue": 448098
        },
        "2008-08": {
            "month": "2008-08",
            "price": "32.82",
            "revenue": 453609
        },
        "2008-09": {
            "month": "2008-09",
            "price": "26.32",
            "revenue": 470071
        },
        "2008-10": {
            "month": "2008-10",
            "price": "27.79",
            "revenue": 417053
        },
        "2008-11": {
            "month": "2008-11",
            "price": "31.75",
            "revenue": 279331
        },
        "2008-12": {
            "month": "2008-12",
            "price": "31.91",
            "revenue": 247401
        },
        "2009-01": {
            "month": "2009-01",
            "price": "29.37",
            "revenue": 189325
        },
        "2009-02": {
            "month": "2009-02",
            "price": "30.04",
            "revenue": 254982
        },
        "2009-03": {
            "month": "2009-03",
            "price": "30.82",
            "revenue": 320565
        },
        "2009-04": {
            "month": "2009-04",
            "price": "35.17",
            "revenue": 306924
        },
        "2009-05": {
            "month": "2009-05",
            "price": "31.95",
            "revenue": 314519
        },
        "2009-06": {
            "month": "2009-06",
            "price": "30.81",
            "revenue": 354320
        },
        "2009-07": {
            "month": "2009-07",
            "price": "30.96",
            "revenue": 404730
        },
        "2009-08": {
            "month": "2009-08",
            "price": "31.84",
            "revenue": 423145
        },
        "2009-09": {
            "month": "2009-09",
            "price": "32.89",
            "revenue": 427809
        },
        "2009-10": {
            "month": "2009-10",
            "price": "35.27",
            "revenue": 442835
        },
        "2009-11": {
            "month": "2009-11",
            "price": "35.18",
            "revenue": 449636
        },
        "2009-12": {
            "month": "2009-12",
            "price": "33.84",
            "revenue": 459796
        },
        "2010-01": {
            "month": "2010-01",
            "price": "33.06",
            "revenue": 478242
        },
        "2010-02": {
            "month": "2010-02",
            "price": "29.79",
            "revenue": 399916
        },
        "2010-03": {
            "month": "2010-03",
            "price": "30.89",
            "revenue": 490809
        },
        "2010-04": {
            "month": "2010-04",
            "price": "32.88",
            "revenue": 460282
        },
        "2010-05": {
            "month": "2010-05",
            "price": "31.13",
            "revenue": 487747
        },
        "2010-06": {
            "month": "2010-06",
            "price": "31.45",
            "revenue": 494151
        },
        "2010-07": {
            "month": "2010-07",
            "price": "30.99",
            "revenue": 496611
        },
        "2010-08": {
            "month": "2010-08",
            "price": "32.32",
            "revenue": 499273
        },
        "2010-09": {
            "month": "2010-09",
            "price": "29.93",
            "revenue": 495526
        },
        "2010-10": {
            "month": "2010-10",
            "price": "30.42",
            "revenue": 482792
        },
        "2010-11": {
            "month": "2010-11",
            "price": "30.31",
            "revenue": 486734
        },
        "2010-12": {
            "month": "2010-12",
            "price": "30.30",
            "revenue": 439817
        },
        "2011-01": {
            "month": "2011-01",
            "price": "30.60",
            "revenue": 417201
        },
        "2011-02": {
            "month": "2011-02",
            "price": "29.02",
            "revenue": 393967
        },
        "2011-03": {
            "month": "2011-03",
            "price": "27.82",
            "revenue": 536445
        },
        "2011-04": {
            "month": "2011-04",
            "price": "29.47",
            "revenue": 1912370
        },
        "2011-05": {
            "month": "2011-05",
            "price": "29.76",
            "revenue": 2060248
        },
        "2011-06": {
            "month": "2011-06",
            "price": "29.58",
            "revenue": 2044763
        },
        "2011-07": {
            "month": "2011-07",
            "price": "29.92",
            "revenue": 1963705
        },
        "2011-08": {
            "month": "2011-08",
            "price": "30.29",
            "revenue": 2066889
        },
        "2011-09": {
            "month": "2011-09",
            "price": "26.40",
            "revenue": 2097504
        },
        "2011-10": {
            "month": "2011-10",
            "price": "24.92",
            "revenue": 1883314
        },
        "2011-11": {
            "month": "2011-11",
            "price": "26.94",
            "revenue": 1803838
        },
        "2011-12": {
            "month": "2011-12",
            "price": "27.38",
            "revenue": 2349891
        },
        "2012-01": {
            "month": "2012-01",
            "price": "27.01",
            "revenue": 1883486
        },
        "2012-02": {
            "month": "2012-02",
            "price": "28.73",
            "revenue": 1967646
        },
        "2012-03": {
            "month": "2012-03",
            "price": "29.56",
            "revenue": 2166232
        },
        "2012-04": {
            "month": "2012-04",
            "price": "28.51",
            "revenue": 2064542
        },
        "2012-05": {
            "month": "2012-05",
            "price": "29.04",
            "revenue": 2194607
        },
        "2012-06": {
            "month": "2012-06",
            "price": "27.84",
            "revenue": 2046591
        },
        "2012-07": {
            "month": "2012-07",
            "price": "28.42",
            "revenue": 1831981
        },
        "2012-08": {
            "month": "2012-08",
            "price": "28.50",
            "revenue": 1930935
        },
        "2012-09": {
            "month": "2012-09",
            "price": "31.52",
            "revenue": 1874304
        },
        "2012-10": {
            "month": "2012-10",
            "price": "31.33",
            "revenue": 1986034
        },
        "2012-11": {
            "month": "2012-11",
            "price": "30.78",
            "revenue": 1883029
        },
        "2012-12": {
            "month": "2012-12",
            "price": "31.90",
            "revenue": 1485061
        },
        "2013-01": {
            "month": "2013-01",
            "price": "32.22",
            "revenue": 1838331
        },
        "2013-02": {
            "month": "2013-02",
            "price": "32.25",
            "revenue": 1658538
        },
        "2013-03": {
            "month": "2013-03",
            "price": "31.65",
            "revenue": 1928667
        },
        "2013-04": {
            "month": "2013-04",
            "price": "31.90",
            "revenue": 1782427
        },
        "2013-05": {
            "month": "2013-05",
            "price": "31.83",
            "revenue": 1964145
        },
        "2013-06": {
            "month": "2013-06",
            "price": "31.43",
            "revenue": 1903165
        },
        "2013-07": {
            "month": "2013-07",
            "price": "31.21",
            "revenue": 1770644
        },
        "2013-08": {
            "month": "2013-08",
            "price": "29.55",
            "revenue": 1823045
        },
        "2013-09": {
            "month": "2013-09",
            "price": "28.51",
            "revenue": 1737245
        },
        "2013-10": {
            "month": "2013-10",
            "price": "28.47",
            "revenue": 1766725
        },
        "2013-11": {
            "month": "2013-11",
            "price": "27.55",
            "revenue": 1671867
        },
        "2013-12": {
            "month": "2013-12",
            "price": "28.02",
            "revenue": 1699244
        },
        "2014-01": {
            "month": "2014-01",
            "price": "28.17",
            "revenue": 1843460
        },
        "2014-02": {
            "month": "2014-02",
            "price": "27.87",
            "revenue": 1726990
        },
        "2014-03": {
            "month": "2014-03",
            "price": "28.20",
            "revenue": 1899857
        },
        "2014-04": {
            "month": "2014-04",
            "price": "28.95",
            "revenue": 1978305
        },
        "2014-05": {
            "month": "2014-05",
            "price": "29.42",
            "revenue": 1960177
        },
        "2014-06": {
            "month": "2014-06",
            "price": "29.72",
            "revenue": 1904553
        },
        "2014-07": {
            "month": "2014-07",
            "price": "29.72",
            "revenue": 1855628
        },
        "2014-08": {
            "month": "2014-08",
            "price": "30.19",
            "revenue": 1861704
        },
        "2014-09": {
            "month": "2014-09",
            "price": "31.71",
            "revenue": 1849020
        },
        "2014-10": {
            "month": "2014-10",
            "price": "31.28",
            "revenue": 1927952
        },
        "2014-11": {
            "month": "2014-11",
            "price": "31.24",
            "revenue": 1697542
        },
        "2014-12": {
            "month": "2014-12",
            "price": "32.62",
            "revenue": 1501442
        },
        "2015-01": {
            "month": "2015-01",
            "price": "32.18",
            "revenue": 1758059
        },
        "2015-02": {
            "month": "2015-02",
            "price": "32.07",
            "revenue": 1357726
        },
        "2015-03": {
            "month": "2015-03",
            "price": "31.86",
            "revenue": 1534741
        },
        "2015-04": {
            "month": "2015-04",
            "price": "32.68",
            "revenue": 1407211
        },
        "2015-05": {
            "month": "2015-05",
            "price": "32.18",
            "revenue": 1374118
        },
        "2015-06": {
            "month": "2015-06",
            "price": "32.36",
            "revenue": 1452674
        },
        "2015-07": {
            "month": "2015-07",
            "price": "31.88",
            "revenue": 1404926
        },
        "2015-08": {
            "month": "2015-08",
            "price": "28.45",
            "revenue": 1492596
        },
        "2015-09": {
            "month": "2015-09",
            "price": "24.31",
            "revenue": 1370277
        },
        "2015-10": {
            "month": "2015-10",
            "price": "24.50",
            "revenue": 1320504
        },
        "2015-11": {
            "month": "2015-11",
            "price": "23.89",
            "revenue": 1209143
        },
        "2015-12": {
            "month": "2015-12",
            "price": "23.21",
            "revenue": 1163189
        },
        "2016-01": {
            "month": "2016-01",
            "price": "22.32",
            "revenue": 1334742
        },
        "2016-02": {
            "month": "2016-02",
            "price": "23.26",
            "revenue": 1140328
        },
        "2016-03": {
            "month": "2016-03",
            "price": "24.73",
            "revenue": 1245264
        },
        "2016-04": {
            "month": "2016-04",
            "price": "24.42",
            "revenue": 1232985
        },
        "2016-05": {
            "month": "2016-05",
            "price": "22.74",
            "revenue": 1308348
        },
        "2016-06": {
            "month": "2016-06",
            "price": "22.99",
            "revenue": 1359257
        },
        "2016-07": {
            "month": "2016-07",
            "price": "23.49",
            "revenue": 1476783
        },
        "2016-08": {
            "month": "2016-08",
            "price": "24.04",
            "revenue": 1394839
        },
        "2016-09": {
            "month": "2016-09",
            "price": "25.34",
            "revenue": 1338289
        },
        "2016-10": {
            "month": "2016-10",
            "price": "25.22",
            "revenue": 1332773
        },
        "2016-11": {
            "month": "2016-11",
            "price": "25.95",
            "revenue": 1383428
        },
        "2016-12": {
            "month": "2016-12",
            "price": "28.14",
            "revenue": 1331414
        },
        "2017-01": {
            "month": "2017-01",
            "price": "28.90",
            "revenue": 1495728
        },
        "2017-02": {
            "month": "2017-02",
            "price": "29.89",
            "revenue": 1564736
        },
        "2017-03": {
            "month": "2017-03",
            "price": "29.95",
            "revenue": 1800613
        },
        "2017-04": {
            "month": "2017-04",
            "price": "30.33",
            "revenue": 1595798
        },
        "2017-05": {
            "month": "2017-05",
            "price": "30.13",
            "revenue": 1698817
        },
        "2017-06": {
            "month": "2017-06",
            "price": "30.98",
            "revenue": 1612927
        },
        "2017-07": {
            "month": "2017-07",
            "price": "33.19",
            "revenue": 1607243
        },
        "2017-08": {
            "month": "2017-08",
            "price": "36.02",
            "revenue": 1803091
        },
        "2017-09": {
            "month": "2017-09",
            "price": "42.30",
            "revenue": 1572643
        },
        "2017-10": {
            "month": "2017-10",
            "price": "42.84",
            "revenue": 1944987
        },
        "2017-11": {
            "month": "2017-11",
            "price": "44.10",
            "revenue": 1794085
        },
        "2017-12": {
            "month": "2017-12",
            "price": "42.77",
            "revenue": 1642621
        },
        "2018-01": {
            "month": "2018-01",
            "price": "49.44",
            "revenue": 1826358
        },
        "2018-02": {
            "month": "2018-02",
            "price": "47.70",
            "revenue": 1643088
        },
        "2018-03": {
            "month": "2018-03",
            "price": "48.63",
            "revenue": 1947163
        },
        "2018-04": {
            "month": "2018-04",
            "price": "43.43",
            "revenue": 2073000
        },
        "2018-05": {
            "month": "2018-05",
            "price": "45.32",
            "revenue": 2052179
        },
        "2018-06": {
            "month": "2018-06",
            "price": "46.62",
            "revenue": 2078374
        },
        "2018-07": {
            "month": "2018-07",
            "price": "46.32",
            "revenue": 2079495
        },
        "2018-08": {
            "month": "2018-08",
            "price": "46.80",
            "revenue": 2367137
        },
        "2018-09": {
            "month": "2018-09",
            "price": "39.53",
            "revenue": 2080607
        },
        "2018-10": {
            "month": "2018-10",
            "price": "36.86",
            "revenue": 2258567
        },
        "2018-11": {
            "month": "2018-11",
            "price": "38.31",
            "revenue": 2061526
        },
        "2018-12": {
            "month": "2018-12",
            "price": "39.46",
            "revenue": 1962622
        },
        "2019-01": {
            "month": "2019-01",
            "price": "41.03",
            "revenue": 2167950
        },
        "2019-02": {
            "month": "2019-02",
            "price": "44.01",
            "revenue": 1803292
        },
        "2019-03": {
            "month": "2019-03",
            "price": "43.59",
            "revenue": 2097651
        },
        "2019-04": {
            "month": "2019-04",
            "price": "41.39",
            "revenue": 2068116
        },
        "2019-05": {
            "month": "2019-05",
            "price": "38.96",
            "revenue": 2121205
        },
        "2019-06": {
            "month": "2019-06",
            "price": "36.56",
            "revenue": 2022474
        },
        "2019-07": {
            "month": "2019-07",
            "price": "38.30",
            "revenue": 2111112
        },
        "2019-08": {
            "month": "2019-08",
            "price": "36.26",
            "revenue": 2415069
        },
        "2019-09": {
            "month": "2019-09",
            "price": "33.07",
            "revenue": 1887460
        },
        "2019-10": {
            "month": "2019-10",
            "price": "32.56",
            "revenue": 1731103
        },
        "2019-11": {
            "month": "2019-11",
            "price": "31.18",
            "revenue": 1668246
        },
        "2019-12": {
            "month": "2019-12",
            "price": "30.83",
            "revenue": 1605627
        },
        "2020-01": {
            "month": "2020-01",
            "price": "31.44",
            "revenue": 1470263
        },
        "2020-02": {
            "month": "2020-02",
            "price": "27.79",
            "revenue": 1468561
        },
        "2020-03": {
            "month": "2020-03",
            "price": "22.48",
            "revenue": 1526869
        },
        "2020-04": {
            "month": "2020-04",
            "price": "20.06",
            "revenue": 720821
        },
        "2020-05": {
            "month": "2020-05",
            "price": "20.35",
            "revenue": 905638
        },
        "2020-06": {
            "month": "2020-06",
            "price": "20.68",
            "revenue": 1175306
        },
        "2020-07": {
            "month": "2020-07",
            "price": "19.75",
            "revenue": 1460543
        },
        "2020-08": {
            "month": "2020-08",
            "price": "19.70",
            "revenue": 1908989
        },
        "2020-09": {
            "month": "2020-09",
            "price": "20.21",
            "revenue": 1549276
        },
        "2020-10": {
            "month": "2020-10",
            "price": "19.86",
            "revenue": 1534441
        },
        "2020-11": {
            "month": "2020-11",
            "price": "21.55",
            "revenue": 1624966
        },
        "2020-12": {
            "month": "2020-12",
            "price": "24.31",
            "revenue": 1777900
        },
        "2021-01": {
            "month": "2021-01",
            "price": "23.73",
            "revenue": 1919865
        },
        "2021-02": {
            "month": "2021-02",
            "price": "25.09",
            "revenue": 1572250
        },
        "2021-03": {
            "month": "2021-03",
            "price": "26.17",
            "revenue": 1874825
        },
        "2021-04": {
            "month": "2021-04",
            "price": "29.28",
            "revenue": 2028567
        },
        "2021-05": {
            "month": "2021-05",
            "price": "25.94",
            "revenue": 1895748
        },
        "2021-06": {
            "month": "2021-06",
            "price": "25.94",
            "revenue": 1954928
        },
        "2021-07": {
            "month": "2021-07",
            "price": "26.82",
            "revenue": 1867376
        },
        "2021-08": {
            "month": "2021-08",
            "price": "24.34",
            "revenue": 2190096
        },
        "2021-09": {
            "month": "2021-09",
            "price": "23.47",
            "revenue": 1610438
        },
        "2021-10": {
            "month": "2021-10",
            "price": "23.29",
            "revenue": 1671597
        },
        "2021-11": {
            "month": "2021-11",
            "price": "25.81",
            "revenue": 4739968
        },
        "2021-12": {
            "month": "2021-12",
            "price": "26.86",
            "revenue": 1309757
        },
        "2022-01": {
            "month": "2022-01",
            "price": "26.18",
            "revenue": 1854481
        },
        "2022-02": {
            "month": "2022-02",
            "price": "25.62",
            "revenue": 1545192
        },
        "2022-03": {
            "month": "2022-03",
            "price": "27.42",
            "revenue": 1811794
        },
        "2022-04": {
            "month": "2022-04",
            "price": "24.53",
            "revenue": 1970896
        },
        "2022-05": {
            "month": "2022-05",
            "price": "21.59",
            "revenue": 1966341
        },
        "2022-06": {
            "month": "2022-06",
            "price": "20.33",
            "revenue": 1907898
        },
        "2022-07": {
            "month": "2022-07",
            "price": "19.75",
            "revenue": 2350298
        },
        "2022-08": {
            "month": "2022-08",
            "price": "20.51",
            "revenue": 2215888
        },
        "2022-09": {
            "month": "2022-09",
            "price": "20.66",
            "revenue": 2127156
        },
        "2022-10": {
            "month": "2022-10",
            "price": "19.07",
            "revenue": 2245186
        },
        "2022-11": {
            "month": "2022-11",
            "price": "20.19",
            "revenue": 1759454
        },
        "2022-12": {
            "month": "2022-12",
            "price": "19.99",
            "revenue": 1596089
        },
        "2023-01": {
            "month": "2023-01",
            "price": "19.74",
            "revenue": 1520144
        },
        "2023-02": {
            "month": "2023-02",
            "price": "20.57",
            "revenue": 1597086
        },
        "2023-03": {
            "month": "2023-03",
            "price": "20.18",
            "revenue": 1522086
        },
        "2023-04": {
            "month": "2023-04",
            "price": "19.95",
            "revenue": 1412947
        },
        "2023-05": {
            "month": "2023-05",
            "price": "20.22",
            "revenue": 1463075
        },
        "2023-06": {
            "month": "2023-06",
            "price": "21.10",
            "revenue": 1200038
        },
        "2023-07": {
            "month": "2023-07",
            "price": "20.49",
            "revenue": 1562155
        },
        "2023-08": {
            "month": "2023-08",
            "price": "20.13",
            "revenue": 1563646
        },
        "2023-09": {
            "month": "2023-09",
            "price": "20.18",
            "revenue": 1586599
        },
        "2023-10": {
            "month": "2023-10",
            "price": "19.60",
            "revenue": 1723632
        },
        "2023-11": {
            "month": "2023-11",
            "price": "19.64",
            "revenue": 1466769
        }
    }
}
