{
    "summary": {
        "stock_name": "正新",
        "stock_id": "2105",
        "category": "橡膠",
        "main_business": "輪胎橡膠製品等",
        "website_url": "http://www.cst.com.tw",
        "ceo": "李進昌",
        "pe_ratio": 23,
        "report_year_from": 2001,
        "report_year_to": 2023,
        "age": 23,
        "eps_negative_percentage": 0,
        "eps_growth_avg": {
            "last_all": 4.52,
            "last_2y": -1.42,
            "last_4y": 13.68,
            "last_8y": -4.8,
            "last_12y": -2.25,
            "last_16y": 5.46,
            "last_20y": 2.19,
            "at_2006_last_3y": -11.68,
            "at_2007_last_3y": 14.48,
            "at_2008_last_3y": 10.62,
            "at_2009_last_3y": 46.38,
            "at_2010_last_3y": 30.53,
            "at_2011_last_3y": -2.65,
            "at_2012_last_3y": 23.33,
            "at_2013_last_3y": -1.15,
            "at_2014_last_3y": 3.48,
            "at_2015_last_3y": 6.6,
            "at_2016_last_3y": -7.79,
            "at_2017_last_3y": -22.83,
            "at_2018_last_3y": -27.9,
            "at_2019_last_3y": -23.31,
            "at_2020_last_3y": -5.56,
            "at_2021_last_3y": 5.85,
            "at_2022_last_3y": 13.67,
            "at_2023_last_3y": 17.57,
            "at_2024_last_3y": 17.57,
            "at_2006_last_all": 1.32,
            "at_2007_last_all": 17.77,
            "at_2008_last_all": 9.11,
            "at_2009_last_all": 20.47,
            "at_2010_last_all": 14.3,
            "at_2011_last_all": 9.6,
            "at_2012_last_all": 14.28,
            "at_2013_last_all": 13.27,
            "at_2014_last_all": 10.97,
            "at_2015_last_all": 8.74,
            "at_2016_last_all": 8.4,
            "at_2017_last_all": 4.24,
            "at_2018_last_all": 1.82,
            "at_2019_last_all": 1.62,
            "at_2020_last_all": 5.46,
            "at_2021_last_all": 4.56,
            "at_2022_last_all": 4.08,
            "at_2023_last_all": 4.52,
            "at_2024_last_all": 4.52
        },
        "latest_eps": 2.02,
        "latest_price": 46.05,
        "latest_roe": 7.75,
        "latest_gross_margin": 25.47,
        "latest_equity": 85776663,
        "latest_revenue": 25332601,
        "latest_gross_profit": 6452961,
        "latest_net_income": 1971903,
        "latest_debt_ratio": 40.44,
        "latest_current_ratio": 312.55,
        "latest_account_receivable_turnover_ratio": 1.64,
        "latest_inventory_turnover_ratio": 1.13,
        "latest_reinvestment_rate": -128.71,
        "latest_research_to_sale_ratio": 3.77
    },
    "eps_dividends": {
        "1990": {
            "cash": 0,
            "stock": 2,
            "eps": 0
        },
        "1991": {
            "cash": 1,
            "stock": 0.8,
            "eps": 0
        },
        "1992": {
            "cash": 0,
            "stock": 2,
            "eps": 0
        },
        "1993": {
            "cash": 0,
            "stock": 1.5,
            "eps": 0
        },
        "1994": {
            "cash": 0,
            "stock": 1.6,
            "eps": 0
        },
        "1995": {
            "cash": 0,
            "stock": 1.9,
            "eps": 0
        },
        "1996": {
            "cash": 0.2,
            "stock": 1,
            "eps": 0
        },
        "1997": {
            "cash": 0.2,
            "stock": 1,
            "eps": 0
        },
        "1998": {
            "cash": 0,
            "stock": 1.2,
            "eps": 0
        },
        "1999": {
            "cash": 0.2,
            "stock": 1,
            "eps": 0
        },
        "2000": {
            "cash": 0.6,
            "stock": 0.5,
            "eps": 0
        },
        "2001": {
            "cash": 0.6,
            "stock": 0.65,
            "eps": 2.1
        },
        "2002": {
            "cash": 0.68,
            "stock": 0.6,
            "eps": 3.22
        },
        "2003": {
            "cash": 0.85,
            "stock": 0.8,
            "eps": 3.07
        },
        "2004": {
            "cash": 1,
            "stock": 0.96,
            "eps": 2.23
        },
        "2005": {
            "cash": 1,
            "stock": 0.85,
            "eps": 1.27
        },
        "2006": {
            "cash": 0.75,
            "stock": 0.7,
            "eps": 1.63
        },
        "2007": {
            "cash": 0.75,
            "stock": 0.7,
            "eps": 4.32
        },
        "2008": {
            "cash": 1.2,
            "stock": 1.5,
            "eps": 2.47
        },
        "2009": {
            "cash": 1,
            "stock": 1,
            "eps": 8.24
        },
        "2010": {
            "cash": 2,
            "stock": 2.5,
            "eps": 5.35
        },
        "2011": {
            "cash": 3.4,
            "stock": 3.4,
            "eps": 3.6
        },
        "2012": {
            "cash": 0,
            "stock": 0,
            "eps": 5.8
        },
        "2013": {
            "cash": 1.5,
            "stock": 1.5,
            "eps": 5.92
        },
        "2014": {
            "cash": 3,
            "stock": 0,
            "eps": 4.94
        },
        "2015": {
            "cash": 3,
            "stock": 0,
            "eps": 3.94
        },
        "2016": {
            "cash": 3,
            "stock": 0,
            "eps": 4.08
        },
        "2017": {
            "cash": 3,
            "stock": 0,
            "eps": 1.71
        },
        "2018": {
            "cash": 1.8,
            "stock": 0,
            "eps": 1.08
        },
        "2019": {
            "cash": 1.1,
            "stock": 0,
            "eps": 1.06
        },
        "2020": {
            "cash": 1,
            "stock": 0,
            "eps": 1.85
        },
        "2021": {
            "cash": 1.2,
            "stock": 0,
            "eps": 1.62
        },
        "2022": {
            "cash": 1.2,
            "stock": 0,
            "eps": 1.53
        },
        "2023": {
            "cash": 1.4,
            "stock": 0,
            "eps": 1.74
        }
    },
    "dividends": {
        "1990-04-20": {
            "cash": 0,
            "stock": 2
        },
        "1991-04-23": {
            "cash": 1,
            "stock": 0.8
        },
        "1992-04-23": {
            "cash": 0,
            "stock": 2
        },
        "1993-04-17": {
            "cash": 0,
            "stock": 1.5
        },
        "1994-04-21": {
            "cash": 0,
            "stock": 1.6
        },
        "1995-04-21": {
            "cash": 0,
            "stock": 1.9
        },
        "1996-04-23": {
            "cash": 0.2,
            "stock": 1
        },
        "1997-04-24": {
            "cash": 0.2,
            "stock": 1
        },
        "1998-04-24": {
            "cash": 0,
            "stock": 1.2
        },
        "1999-04-23": {
            "cash": 0.2,
            "stock": 1
        },
        "2000-04-25": {
            "cash": 0.6,
            "stock": 0.5
        },
        "2001-04-25": {
            "cash": 0.6,
            "stock": 0.65
        },
        "2002-05-29": {
            "cash": 0.68,
            "stock": 0.6
        },
        "2003-03-03": {
            "cash": 0.85,
            "stock": 0.8
        },
        "2004-05-25": {
            "cash": 1,
            "stock": 0.96
        },
        "2005-04-25": {
            "cash": 1,
            "stock": 0.85
        },
        "2006-04-26": {
            "cash": 0.75,
            "stock": 0.7
        },
        "2007-04-18": {
            "cash": 0.75,
            "stock": 0.7
        },
        "2008-04-29": {
            "cash": 1.2,
            "stock": 1.5
        },
        "2009-04-21": {
            "cash": 1,
            "stock": 1
        },
        "2010-04-22": {
            "cash": 2,
            "stock": 2.5
        },
        "2011-01-01": {
            "cash": 1.4,
            "stock": 1.4
        },
        "2011-04-25": {
            "cash": 2,
            "stock": 2
        },
        "2013-04-25": {
            "cash": 1.5,
            "stock": 1.5
        },
        "2014-08-26": {
            "cash": 3,
            "stock": 0
        },
        "2015-08-26": {
            "cash": 3,
            "stock": 0
        },
        "2016-08-25": {
            "cash": 3,
            "stock": 0
        },
        "2017-08-25": {
            "cash": 3,
            "stock": 0
        },
        "2018-08-17": {
            "cash": 1.8,
            "stock": 0
        },
        "2019-08-23": {
            "cash": 1.1,
            "stock": 0
        },
        "2020-08-28": {
            "cash": 1,
            "stock": 0
        },
        "2021-09-24": {
            "cash": 1.2,
            "stock": 0
        },
        "2022-08-17": {
            "cash": 1.2,
            "stock": 0
        },
        "2023-07-07": {
            "cash": 1.4,
            "stock": 0
        }
    },
    "prices": {
        "200101": "22.21",
        "200102": "22.51",
        "200103": "24.32",
        "200104": "22.56",
        "200105": "20.83",
        "200106": "21.62",
        "200107": "18.68",
        "200108": "18.09",
        "200109": "18.71",
        "200110": "18.49",
        "200111": "20.40",
        "200112": "21.69",
        "200201": "22.68",
        "200202": "23.82",
        "200203": "24.89",
        "200204": "25.06",
        "200205": "30.77",
        "200206": "33.98",
        "200207": "34.03",
        "200208": "39.27",
        "200209": "37.60",
        "200210": "39.41",
        "200211": "41.90",
        "200212": "43.68",
        "200301": "45.88",
        "200302": "44.85",
        "200303": "47.24",
        "200304": "44.38",
        "200305": "42.74",
        "200306": "43.74",
        "200307": "42.80",
        "200308": "42.84",
        "200309": "43.09",
        "200310": "47.53",
        "200311": "47.26",
        "200312": "44.32",
        "200401": "44.39",
        "200402": "47.25",
        "200403": "48.02",
        "200404": "46.50",
        "200405": "41.87",
        "200406": "41.59",
        "200407": "43.70",
        "200408": "43.22",
        "200409": "42.89",
        "200410": "41.26",
        "200411": "39.10",
        "200412": "40.26",
        "200501": "39.13",
        "200502": "38.39",
        "200503": "38.85",
        "200504": "36.12",
        "200505": "35.35",
        "200506": "35.92",
        "200507": "34.98",
        "200508": "32.28",
        "200509": "26.94",
        "200510": "26.36",
        "200511": "24.28",
        "200512": "28.65",
        "200601": "26.76",
        "200602": "24.54",
        "200603": "23.90",
        "200604": "24.61",
        "200605": "28.27",
        "200606": "26.83",
        "200607": "26.77",
        "200608": "27.26",
        "200609": "29.97",
        "200610": "34.45",
        "200611": "33.57",
        "200612": "33.35",
        "200701": "32.24",
        "200702": "32.24",
        "200703": "29.87",
        "200704": "32.58",
        "200705": "34.96",
        "200706": "39.56",
        "200707": "50.99",
        "200708": "55.54",
        "200709": "67.14",
        "200710": "68.68",
        "200711": "56.23",
        "200712": "51.26",
        "200801": "51.44",
        "200802": "53.13",
        "200803": "59.74",
        "200804": "59.48",
        "200805": "57.10",
        "200806": "47.08",
        "200807": "43.69",
        "200808": "42.09",
        "200809": "40.43",
        "200810": "35.62",
        "200811": "31.08",
        "200812": "29.33",
        "200901": "26.54",
        "200902": "27.12",
        "200903": "31.40",
        "200904": "41.09",
        "200905": "52.38",
        "200906": "52.79",
        "200907": "59.46",
        "200908": "58.02",
        "200909": "67.66",
        "200910": "67.92",
        "200911": "72.46",
        "200912": "72.07",
        "201001": "67.32",
        "201002": "61.21",
        "201003": "65.87",
        "201004": "68.10",
        "201005": "67.21",
        "201006": "66.15",
        "201007": "71.97",
        "201008": "69.79",
        "201009": "68.42",
        "201010": "70.43",
        "201011": "66.56",
        "201012": "66.24",
        "201101": "65.19",
        "201102": "61.68",
        "201103": "65.33",
        "201104": "70.23",
        "201105": "78.32",
        "201106": "80.10",
        "201107": "86.84",
        "201108": "68.01",
        "201109": "67.28",
        "201110": "67.58",
        "201111": "65.94",
        "201112": "65.30",
        "201201": "67.07",
        "201202": "68.18",
        "201203": "71.46",
        "201204": "69.66",
        "201205": "72.40",
        "201206": "72.76",
        "201207": "77.84",
        "201208": "73.79",
        "201209": "74.08",
        "201210": "75.06",
        "201211": "72.19",
        "201212": "75.80",
        "201301": "74.94",
        "201302": "78.56",
        "201303": "82.84",
        "201304": "96.30",
        "201305": "95.79",
        "201306": "91.41",
        "201307": "96.04",
        "201308": "81.04",
        "201309": "77.71",
        "201310": "79.40",
        "201311": "75.44",
        "201312": "75.86",
        "201401": "78.08",
        "201402": "77.90",
        "201403": "78.98",
        "201404": "88.56",
        "201405": "81.95",
        "201406": "79.70",
        "201407": "77.15",
        "201408": "70.75",
        "201409": "67.09",
        "201410": "67.85",
        "201411": "72.28",
        "201412": "72.48",
        "201501": "74.52",
        "201502": "76.85",
        "201503": "74.14",
        "201504": "72.02",
        "201505": "70.80",
        "201506": "67.20",
        "201507": "63.61",
        "201508": "55.28",
        "201509": "54.31",
        "201510": "59.50",
        "201511": "57.76",
        "201512": "53.53",
        "201601": "50.82",
        "201602": "55.14",
        "201603": "60.97",
        "201604": "66.80",
        "201605": "66.32",
        "201606": "67.25",
        "201607": "67.00",
        "201608": "68.94",
        "201609": "66.75",
        "201610": "65.40",
        "201611": "61.40",
        "201612": "60.18",
        "201701": "62.61",
        "201702": "64.66",
        "201703": "64.66",
        "201704": "62.24",
        "201705": "60.73",
        "201706": "61.88",
        "201707": "64.20",
        "201708": "60.09",
        "201709": "60.86",
        "201710": "60.51",
        "201711": "55.53",
        "201712": "51.35",
        "201801": "51.67",
        "201802": "49.83",
        "201803": "49.22",
        "201804": "47.60",
        "201805": "45.88",
        "201806": "45.94",
        "201807": "45.48",
        "201808": "47.18",
        "201809": "47.24",
        "201810": "43.85",
        "201811": "41.19",
        "201812": "41.85",
        "201901": "42.38",
        "201902": "43.33",
        "201903": "42.78",
        "201904": "41.36",
        "201905": "39.93",
        "201906": "40.07",
        "201907": "40.18",
        "201908": "40.66",
        "201909": "44.32",
        "201910": "46.95",
        "201911": "44.32",
        "201912": "41.79",
        "202001": "41.52",
        "202002": "39.41",
        "202003": "34.57",
        "202004": "32.38",
        "202005": "33.37",
        "202006": "34.65",
        "202007": "35.10",
        "202008": "37.00",
        "202009": "37.22",
        "202010": "37.13",
        "202011": "40.38",
        "202012": "44.21",
        "202101": "42.36",
        "202102": "42.90",
        "202103": "44.68",
        "202104": "51.88",
        "202105": "46.84",
        "202106": "46.45",
        "202107": "44.61",
        "202108": "39.98",
        "202109": "36.28",
        "202110": "34.62",
        "202111": "34.53",
        "202112": "35.61",
        "202201": "35.49",
        "202202": "35.85",
        "202203": "34.98",
        "202204": "34.39",
        "202205": "34.03",
        "202206": "35.20",
        "202207": "35.51",
        "202208": "35.16",
        "202209": "36.75",
        "202210": "33.74",
        "202211": "33.71",
        "202212": "34.27",
        "202301": "34.52",
        "202302": "34.36",
        "202303": "35.00",
        "202304": "37.26",
        "202305": "39.20",
        "202306": "39.88",
        "202307": "38.93",
        "202308": "37.93",
        "202309": "41.95",
        "202310": "43.46",
        "202311": "45.71",
        "202312": "45.47"
    },
    "quarters": {
        "20011": {
            "year_quarter": 20011,
            "year": 2001,
            "quarter": 1,
            "eps": 0.43,
            "eps_growth_year": 19.44,
            "eps_4q": 1.81,
            "eps_4q_growth_year": 19.96,
            "roe": 2.71,
            "roe_4q": 2.71,
            "gross_profit": 476452,
            "gross_margin": 25.1,
            "gross_margin_4q_avg": 25.1,
            "net_income": 335406,
            "net_income_4q": null,
            "revenue": 1898459,
            "revenue_4q": null,
            "common_shares": 7849883,
            "book_valuer_per_share": 15.95,
            "book_valuer_per_share_4q_avg": 15.95,
            "equity": 12522097,
            "current_ratio": 157.88,
            "debt_ratio": 25.22,
            "inventory_turnover_ratio": 0.67,
            "account_receivable_turnover_ratio": null,
            "reinvestment_rate": null,
            "research_to_sale_ratio": null,
            "price_fair": 0,
            "eps_avg_yearly": 0,
            "eps_latest_yearly": 0,
            "eps_growth_yearly": 0
        },
        "20012": {
            "year_quarter": 20012,
            "year": 2001,
            "quarter": 2,
            "eps": 0.58,
            "eps_growth_year": 13.73,
            "eps_4q": 1.89,
            "eps_4q_growth_year": 23.88,
            "roe": 3.57,
            "roe_4q": 6.279999999999999,
            "gross_profit": 468265,
            "gross_margin": 23.96,
            "gross_margin_4q_avg": 24.53,
            "net_income": 452744,
            "net_income_4q": null,
            "revenue": 1954053,
            "revenue_4q": null,
            "common_shares": 7849883,
            "book_valuer_per_share": 16.38,
            "book_valuer_per_share_4q_avg": 16.17,
            "equity": 12860582,
            "current_ratio": 140.87,
            "debt_ratio": 27,
            "inventory_turnover_ratio": 1.19,
            "account_receivable_turnover_ratio": null,
            "reinvestment_rate": null,
            "research_to_sale_ratio": null,
            "price_fair": 0,
            "eps_avg_yearly": 0,
            "eps_latest_yearly": 0,
            "eps_growth_yearly": 0
        },
        "20013": {
            "year_quarter": 20013,
            "year": 2001,
            "quarter": 3,
            "eps": 0.56,
            "eps_growth_year": 93.1,
            "eps_4q": 2.07,
            "eps_4q_growth_year": 53.69,
            "roe": 3.54,
            "roe_4q": 9.82,
            "gross_profit": 442726,
            "gross_margin": 23.93,
            "gross_margin_4q_avg": 24.33,
            "net_income": 464166,
            "net_income_4q": null,
            "revenue": 1850201,
            "revenue_4q": null,
            "common_shares": 8360125,
            "book_valuer_per_share": 15.95,
            "book_valuer_per_share_4q_avg": 16.09,
            "equity": 13331118,
            "current_ratio": 151.79,
            "debt_ratio": 22.71,
            "inventory_turnover_ratio": 1.18,
            "account_receivable_turnover_ratio": null,
            "reinvestment_rate": null,
            "research_to_sale_ratio": null,
            "price_fair": 0,
            "eps_avg_yearly": 0,
            "eps_latest_yearly": 0,
            "eps_growth_yearly": 0
        },
        "20014": {
            "year_quarter": 20014,
            "year": 2001,
            "quarter": 4,
            "eps": 0.53,
            "eps_growth_year": -10.17,
            "eps_4q": 2.04,
            "eps_4q_growth_year": 18.3,
            "roe": 3.23,
            "roe_4q": 13.05,
            "gross_profit": 538857,
            "gross_margin": 27.36,
            "gross_margin_4q_avg": 25.09,
            "net_income": 439941,
            "net_income_4q": null,
            "revenue": 1969146,
            "revenue_4q": null,
            "common_shares": 8360125,
            "book_valuer_per_share": 16.68,
            "book_valuer_per_share_4q_avg": 16.24,
            "equity": 13941959,
            "current_ratio": 132.53,
            "debt_ratio": 43.97,
            "inventory_turnover_ratio": 0.68,
            "account_receivable_turnover_ratio": null,
            "reinvestment_rate": null,
            "research_to_sale_ratio": null,
            "price_fair": 0,
            "eps_avg_yearly": 0,
            "eps_latest_yearly": 0,
            "eps_growth_yearly": 0
        },
        "20021": {
            "year_quarter": 20021,
            "year": 2002,
            "quarter": 1,
            "eps": 0.63,
            "eps_growth_year": 46.51,
            "eps_4q": 2.25,
            "eps_4q_growth_year": 24.42,
            "roe": 3.72,
            "roe_4q": 14.06,
            "gross_profit": 518661,
            "gross_margin": 25.83,
            "gross_margin_4q_avg": 25.27,
            "net_income": 528077,
            "net_income_4q": null,
            "revenue": 2007629,
            "revenue_4q": null,
            "common_shares": 8360125,
            "book_valuer_per_share": 17.31,
            "book_valuer_per_share_4q_avg": 16.58,
            "equity": 14469517,
            "current_ratio": 138.45,
            "debt_ratio": 24.54,
            "inventory_turnover_ratio": 0.71,
            "account_receivable_turnover_ratio": null,
            "reinvestment_rate": null,
            "research_to_sale_ratio": null,
            "price_fair": 88.2,
            "eps_avg_yearly": 2.52,
            "eps_latest_yearly": 2.52,
            "eps_growth_yearly": 75.47
        },
        "20022": {
            "year_quarter": 20022,
            "year": 2002,
            "quarter": 2,
            "eps": 0.81,
            "eps_growth_year": 39.66,
            "eps_4q": 2.43,
            "eps_4q_growth_year": 28.18,
            "roe": 5,
            "roe_4q": 15.490000000000002,
            "gross_profit": 554483,
            "gross_margin": 24.13,
            "gross_margin_4q_avg": 25.31,
            "net_income": 717705,
            "net_income_4q": null,
            "revenue": 2297828,
            "revenue_4q": null,
            "common_shares": 8360125,
            "book_valuer_per_share": 17.01,
            "book_valuer_per_share_4q_avg": 16.74,
            "equity": 14223165,
            "current_ratio": 114.06,
            "debt_ratio": 30.06,
            "inventory_turnover_ratio": 1.39,
            "account_receivable_turnover_ratio": null,
            "reinvestment_rate": null,
            "research_to_sale_ratio": null,
            "price_fair": 100.8,
            "eps_avg_yearly": 2.88,
            "eps_latest_yearly": 3.24,
            "eps_growth_yearly": 94.88
        },
        "20023": {
            "year_quarter": 20023,
            "year": 2002,
            "quarter": 3,
            "eps": 0.79,
            "eps_growth_year": 41.07,
            "eps_4q": 2.7,
            "eps_4q_growth_year": 30.64,
            "roe": 4.72,
            "roe_4q": 16.669999999999998,
            "gross_profit": 618082,
            "gross_margin": 26.75,
            "gross_margin_4q_avg": 26.02,
            "net_income": 697117,
            "net_income_4q": null,
            "revenue": 2310715,
            "revenue_4q": null,
            "common_shares": 8861732,
            "book_valuer_per_share": 17.3,
            "book_valuer_per_share_4q_avg": 17.08,
            "equity": 15335204,
            "current_ratio": 119.05,
            "debt_ratio": 28.99,
            "inventory_turnover_ratio": 1.3,
            "account_receivable_turnover_ratio": null,
            "reinvestment_rate": null,
            "research_to_sale_ratio": null,
            "price_fair": 104.07,
            "eps_avg_yearly": 2.97,
            "eps_latest_yearly": 3.16,
            "eps_growth_yearly": 59.96
        },
        "20024": {
            "year_quarter": 20024,
            "year": 2002,
            "quarter": 4,
            "eps": 0.99,
            "eps_growth_year": 86.79,
            "eps_4q": 3.17,
            "eps_4q_growth_year": 55.61,
            "roe": 5.6,
            "roe_4q": 19.04,
            "gross_profit": 622869,
            "gross_margin": 25.04,
            "gross_margin_4q_avg": 25.44,
            "net_income": 881331,
            "net_income_4q": null,
            "revenue": 2487148,
            "revenue_4q": null,
            "common_shares": 8861732,
            "book_valuer_per_share": 18.23,
            "book_valuer_per_share_4q_avg": 17.46,
            "equity": 16157760,
            "current_ratio": 116.04,
            "debt_ratio": 45.6,
            "inventory_turnover_ratio": 0.71,
            "account_receivable_turnover_ratio": null,
            "reinvestment_rate": 38.92,
            "research_to_sale_ratio": null,
            "price_fair": 112.7,
            "eps_avg_yearly": 3.22,
            "eps_latest_yearly": 3.96,
            "eps_growth_yearly": 70.29
        },
        "20031": {
            "year_quarter": 20031,
            "year": 2003,
            "quarter": 1,
            "eps": 0.85,
            "eps_growth_year": 34.92,
            "eps_4q": 3.44,
            "eps_4q_growth_year": 53.02,
            "roe": 4.55,
            "roe_4q": 19.869999999999997,
            "gross_profit": 613626,
            "gross_margin": 25,
            "gross_margin_4q_avg": 25.23,
            "net_income": 753281,
            "net_income_4q": null,
            "revenue": 2454295,
            "revenue_4q": null,
            "common_shares": 8861732,
            "book_valuer_per_share": 19.1,
            "book_valuer_per_share_4q_avg": 17.91,
            "equity": 16923643,
            "current_ratio": 119.65,
            "debt_ratio": 27.42,
            "inventory_turnover_ratio": 0.68,
            "account_receivable_turnover_ratio": null,
            "reinvestment_rate": 12.63,
            "research_to_sale_ratio": null,
            "price_fair": 113.96,
            "eps_avg_yearly": 3.26,
            "eps_latest_yearly": 3.4,
            "eps_growth_yearly": 44.92
        },
        "20032": {
            "year_quarter": 20032,
            "year": 2003,
            "quarter": 2,
            "eps": 0.9,
            "eps_growth_year": 11.11,
            "eps_4q": 3.33,
            "eps_4q_growth_year": 37.18,
            "roe": 5.1,
            "roe_4q": 19.97,
            "gross_profit": 724849,
            "gross_margin": 25.8,
            "gross_margin_4q_avg": 25.65,
            "net_income": 864123,
            "net_income_4q": null,
            "revenue": 2809217,
            "revenue_4q": null,
            "common_shares": 8861732,
            "book_valuer_per_share": 19.1,
            "book_valuer_per_share_4q_avg": 18.43,
            "equity": 16930181,
            "current_ratio": 109.73,
            "debt_ratio": 31.18,
            "inventory_turnover_ratio": 1.38,
            "account_receivable_turnover_ratio": null,
            "reinvestment_rate": 12.31,
            "research_to_sale_ratio": null,
            "price_fair": 115.97,
            "eps_avg_yearly": 3.31,
            "eps_latest_yearly": 3.6,
            "eps_growth_yearly": 41.35
        },
        "20033": {
            "year_quarter": 20033,
            "year": 2003,
            "quarter": 3,
            "eps": 0.7,
            "eps_growth_year": -11.39,
            "eps_4q": 3.31,
            "eps_4q_growth_year": 22.69,
            "roe": 3.9,
            "roe_4q": 19.15,
            "gross_profit": 626670,
            "gross_margin": 22.64,
            "gross_margin_4q_avg": 24.62,
            "net_income": 669404,
            "net_income_4q": null,
            "revenue": 2767985,
            "revenue_4q": null,
            "common_shares": 9570671,
            "book_valuer_per_share": 18.21,
            "book_valuer_per_share_4q_avg": 18.66,
            "equity": 17431317,
            "current_ratio": 138.03,
            "debt_ratio": 32.03,
            "inventory_turnover_ratio": 1.34,
            "account_receivable_turnover_ratio": null,
            "reinvestment_rate": 12.92,
            "research_to_sale_ratio": null,
            "price_fair": 106.1,
            "eps_avg_yearly": 3.24,
            "eps_latest_yearly": 2.8,
            "eps_growth_yearly": 22.75
        },
        "20034": {
            "year_quarter": 20034,
            "year": 2003,
            "quarter": 4,
            "eps": 0.62,
            "eps_growth_year": -37.37,
            "eps_4q": 3.02,
            "eps_4q_growth_year": -4.81,
            "roe": 3.17,
            "roe_4q": 16.72,
            "gross_profit": 729609,
            "gross_margin": 22.67,
            "gross_margin_4q_avg": 24.03,
            "net_income": 590828,
            "net_income_4q": null,
            "revenue": 3217739,
            "revenue_4q": null,
            "common_shares": 9570671,
            "book_valuer_per_share": 18.84,
            "book_valuer_per_share_4q_avg": 18.81,
            "equity": 19850581,
            "current_ratio": 133.41,
            "debt_ratio": 48.72,
            "inventory_turnover_ratio": 0.82,
            "account_receivable_turnover_ratio": null,
            "reinvestment_rate": 104.8,
            "research_to_sale_ratio": null,
            "price_fair": 76.07,
            "eps_avg_yearly": 3.15,
            "eps_latest_yearly": 2.48,
            "eps_growth_yearly": 14.19
        },
        "20041": {
            "year_quarter": 20041,
            "year": 2004,
            "quarter": 1,
            "eps": 0.68,
            "eps_growth_year": -20,
            "eps_4q": 2.9,
            "eps_4q_growth_year": -15.84,
            "roe": 3.41,
            "roe_4q": 15.58,
            "gross_profit": 672270,
            "gross_margin": 23.64,
            "gross_margin_4q_avg": 23.69,
            "net_income": 651855,
            "net_income_4q": null,
            "revenue": 2843920,
            "revenue_4q": null,
            "common_shares": 9570671,
            "book_valuer_per_share": 19.24,
            "book_valuer_per_share_4q_avg": 18.85,
            "equity": 18415625,
            "current_ratio": 144,
            "debt_ratio": 34.84,
            "inventory_turnover_ratio": 0.7,
            "account_receivable_turnover_ratio": null,
            "reinvestment_rate": 11.98,
            "research_to_sale_ratio": null,
            "price_fair": 83.37,
            "eps_avg_yearly": 3.1,
            "eps_latest_yearly": 2.72,
            "eps_growth_yearly": 16.91
        },
        "20042": {
            "year_quarter": 20042,
            "year": 2004,
            "quarter": 2,
            "eps": 0.46,
            "eps_growth_year": -48.89,
            "eps_4q": 2.28,
            "eps_4q_growth_year": -31.46,
            "roe": 2.65,
            "roe_4q": 13.13,
            "gross_profit": 742855,
            "gross_margin": 22.91,
            "gross_margin_4q_avg": 22.97,
            "net_income": 482876,
            "net_income_4q": null,
            "revenue": 3242974,
            "revenue_4q": null,
            "common_shares": 9570671,
            "book_valuer_per_share": 18.89,
            "book_valuer_per_share_4q_avg": 18.8,
            "equity": 18076356,
            "current_ratio": 121.19,
            "debt_ratio": 39.06,
            "inventory_turnover_ratio": 1.35,
            "account_receivable_turnover_ratio": null,
            "reinvestment_rate": 12.07,
            "research_to_sale_ratio": null,
            "price_fair": 36.5,
            "eps_avg_yearly": 2.97,
            "eps_latest_yearly": 1.84,
            "eps_growth_yearly": 2.28
        },
        "20043": {
            "year_quarter": 20043,
            "year": 2004,
            "quarter": 3,
            "eps": 0.63,
            "eps_growth_year": -10,
            "eps_4q": 2.27,
            "eps_4q_growth_year": -31.56,
            "roe": 3.59,
            "roe_4q": 12.82,
            "gross_profit": 690736,
            "gross_margin": 21.37,
            "gross_margin_4q_avg": 22.65,
            "net_income": 663911,
            "net_income_4q": null,
            "revenue": 3232594,
            "revenue_4q": null,
            "common_shares": 10489455,
            "book_valuer_per_share": 18.01,
            "book_valuer_per_share_4q_avg": 18.75,
            "equity": 18888592,
            "current_ratio": 134.78,
            "debt_ratio": 39.44,
            "inventory_turnover_ratio": 1.33,
            "account_receivable_turnover_ratio": null,
            "reinvestment_rate": 16.31,
            "research_to_sale_ratio": null,
            "price_fair": 74.77,
            "eps_avg_yearly": 2.93,
            "eps_latest_yearly": 2.52,
            "eps_growth_yearly": 15.51
        },
        "20044": {
            "year_quarter": 20044,
            "year": 2004,
            "quarter": 4,
            "eps": 0.46,
            "eps_growth_year": -25.81,
            "eps_4q": 2.16,
            "eps_4q_growth_year": -28.47,
            "roe": 2.47,
            "roe_4q": 12.120000000000001,
            "gross_profit": 787871,
            "gross_margin": 23.57,
            "gross_margin_4q_avg": 22.87,
            "net_income": 486703,
            "net_income_4q": null,
            "revenue": 3342887,
            "revenue_4q": null,
            "common_shares": 10489455,
            "book_valuer_per_share": 17.75,
            "book_valuer_per_share_4q_avg": 18.47,
            "equity": 20484433,
            "current_ratio": 132.79,
            "debt_ratio": 57.02,
            "inventory_turnover_ratio": 0.63,
            "account_receivable_turnover_ratio": null,
            "reinvestment_rate": 151.86,
            "research_to_sale_ratio": null,
            "price_fair": 43.24,
            "eps_avg_yearly": 2.84,
            "eps_latest_yearly": 1.84,
            "eps_growth_yearly": 5.22
        },
        "20051": {
            "year_quarter": 20051,
            "year": 2005,
            "quarter": 1,
            "eps": 0.31,
            "eps_growth_year": -54.41,
            "eps_4q": 1.87,
            "eps_4q_growth_year": -35.47,
            "roe": 1.64,
            "roe_4q": 10.35,
            "gross_profit": 515685,
            "gross_margin": 16.95,
            "gross_margin_4q_avg": 21.2,
            "net_income": 324868,
            "net_income_4q": null,
            "revenue": 3042694,
            "revenue_4q": null,
            "common_shares": 10489455,
            "book_valuer_per_share": 18.34,
            "book_valuer_per_share_4q_avg": 18.25,
            "equity": 19234214,
            "current_ratio": 128.23,
            "debt_ratio": 37.21,
            "inventory_turnover_ratio": 0.62,
            "account_receivable_turnover_ratio": null,
            "reinvestment_rate": 19.36,
            "research_to_sale_ratio": null,
            "price_fair": 8.15,
            "eps_avg_yearly": 2.72,
            "eps_latest_yearly": 1.24,
            "eps_growth_yearly": -5.21
        },
        "20052": {
            "year_quarter": 20052,
            "year": 2005,
            "quarter": 2,
            "eps": 0.18,
            "eps_growth_year": -60.87,
            "eps_4q": 1.5,
            "eps_4q_growth_year": -34.05,
            "roe": 1.08,
            "roe_4q": 8.78,
            "gross_profit": 617915,
            "gross_margin": 18.27,
            "gross_margin_4q_avg": 20.04,
            "net_income": 200488,
            "net_income_4q": null,
            "revenue": 3382731,
            "revenue_4q": null,
            "common_shares": 10489455,
            "book_valuer_per_share": 16.95,
            "book_valuer_per_share_4q_avg": 17.76,
            "equity": 17783988,
            "current_ratio": 101.2,
            "debt_ratio": 40.77,
            "inventory_turnover_ratio": 1.37,
            "account_receivable_turnover_ratio": null,
            "reinvestment_rate": 18.85,
            "research_to_sale_ratio": null,
            "price_fair": 7.72,
            "eps_avg_yearly": 2.57,
            "eps_latest_yearly": 0.72,
            "eps_growth_yearly": -16.82
        },
        "20053": {
            "year_quarter": 20053,
            "year": 2005,
            "quarter": 3,
            "eps": 0.33,
            "eps_growth_year": -47.62,
            "eps_4q": 1.21,
            "eps_4q_growth_year": -46.6,
            "roe": 2.08,
            "roe_4q": 7.27,
            "gross_profit": 594033,
            "gross_margin": 17.9,
            "gross_margin_4q_avg": 19.17,
            "net_income": 379194,
            "net_income_4q": null,
            "revenue": 3317830,
            "revenue_4q": null,
            "common_shares": 11381059,
            "book_valuer_per_share": 16.46,
            "book_valuer_per_share_4q_avg": 17.38,
            "equity": 18727596,
            "current_ratio": 96.4,
            "debt_ratio": 40.84,
            "inventory_turnover_ratio": 1.29,
            "account_receivable_turnover_ratio": null,
            "reinvestment_rate": 23.32,
            "research_to_sale_ratio": null,
            "price_fair": 41.15,
            "eps_avg_yearly": 2.49,
            "eps_latest_yearly": 1.32,
            "eps_growth_yearly": 6.52
        },
        "20054": {
            "year_quarter": 20054,
            "year": 2005,
            "quarter": 4,
            "eps": 0.45,
            "eps_growth_year": -2.17,
            "eps_4q": 1.24,
            "eps_4q_growth_year": -42.53,
            "roe": 2.58,
            "roe_4q": 7.38,
            "gross_profit": 705880,
            "gross_margin": 20.56,
            "gross_margin_4q_avg": 18.42,
            "net_income": 514349,
            "net_income_4q": null,
            "revenue": 3433243,
            "revenue_4q": null,
            "common_shares": 11381059,
            "book_valuer_per_share": 16.89,
            "book_valuer_per_share_4q_avg": 17.16,
            "equity": 21184537,
            "current_ratio": 127.87,
            "debt_ratio": 61.35,
            "inventory_turnover_ratio": 0.56,
            "account_receivable_turnover_ratio": null,
            "reinvestment_rate": 211.82,
            "research_to_sale_ratio": null,
            "price_fair": 61.69,
            "eps_avg_yearly": 2.45,
            "eps_latest_yearly": 1.8,
            "eps_growth_yearly": 15.21
        },
        "20061": {
            "year_quarter": 20061,
            "year": 2006,
            "quarter": 1,
            "eps": 0.53,
            "eps_growth_year": 70.97,
            "eps_4q": 1.49,
            "eps_4q_growth_year": -20.27,
            "roe": 2.95,
            "roe_4q": 8.690000000000001,
            "gross_profit": 654963,
            "gross_margin": 20.42,
            "gross_margin_4q_avg": 19.29,
            "net_income": 604091,
            "net_income_4q": null,
            "revenue": 3206821,
            "revenue_4q": null,
            "common_shares": 11381059,
            "book_valuer_per_share": 17.36,
            "book_valuer_per_share_4q_avg": 16.92,
            "equity": 19751835,
            "current_ratio": 121.52,
            "debt_ratio": 39.15,
            "inventory_turnover_ratio": 0.52,
            "account_receivable_turnover_ratio": null,
            "reinvestment_rate": 21.54,
            "research_to_sale_ratio": null,
            "price_fair": 60.4,
            "eps_avg_yearly": 2.42,
            "eps_latest_yearly": 2.12,
            "eps_growth_yearly": 14.93
        },
        "20062": {
            "year_quarter": 20062,
            "year": 2006,
            "quarter": 2,
            "eps": 0.46,
            "eps_growth_year": 155.56,
            "eps_4q": 1.68,
            "eps_4q_growth_year": 11.49,
            "roe": 2.87,
            "roe_4q": 10.48,
            "gross_profit": 689349,
            "gross_margin": 20.56,
            "gross_margin_4q_avg": 19.86,
            "net_income": 565799,
            "net_income_4q": null,
            "revenue": 3352716,
            "revenue_4q": null,
            "common_shares": 11381059,
            "book_valuer_per_share": 17.34,
            "book_valuer_per_share_4q_avg": 17.01,
            "equity": 19735408,
            "current_ratio": 101.53,
            "debt_ratio": 39.39,
            "inventory_turnover_ratio": 1.2,
            "account_receivable_turnover_ratio": null,
            "reinvestment_rate": 20.82,
            "research_to_sale_ratio": null,
            "price_fair": 33.83,
            "eps_avg_yearly": 2.34,
            "eps_latest_yearly": 1.84,
            "eps_growth_yearly": 4.49
        },
        "20063": {
            "year_quarter": 20063,
            "year": 2006,
            "quarter": 3,
            "eps": 0.23,
            "eps_growth_year": -30.3,
            "eps_4q": 1.6,
            "eps_4q_growth_year": 32.22,
            "roe": 1.4,
            "roe_4q": 9.8,
            "gross_profit": 493579,
            "gross_margin": 15.2,
            "gross_margin_4q_avg": 19.19,
            "net_income": 282576,
            "net_income_4q": null,
            "revenue": 3247295,
            "revenue_4q": null,
            "common_shares": 12177733,
            "book_valuer_per_share": 16.83,
            "book_valuer_per_share_4q_avg": 17.11,
            "equity": 20496670,
            "current_ratio": 111.22,
            "debt_ratio": 38.98,
            "inventory_turnover_ratio": 1.21,
            "account_receivable_turnover_ratio": null,
            "reinvestment_rate": 20.98,
            "research_to_sale_ratio": null,
            "price_fair": 6.59,
            "eps_avg_yearly": 2.2,
            "eps_latest_yearly": 0.92,
            "eps_growth_yearly": -7.39
        },
        "20064": {
            "year_quarter": 20064,
            "year": 2006,
            "quarter": 4,
            "eps": 0.41,
            "eps_growth_year": -8.89,
            "eps_4q": 1.59,
            "eps_4q_growth_year": 28.1,
            "roe": 2.31,
            "roe_4q": 9.530000000000001,
            "gross_profit": 570626,
            "gross_margin": 15.86,
            "gross_margin_4q_avg": 18.01,
            "net_income": 504557,
            "net_income_4q": null,
            "revenue": 3597646,
            "revenue_4q": null,
            "common_shares": 12177733,
            "book_valuer_per_share": 17.21,
            "book_valuer_per_share_4q_avg": 17.19,
            "equity": 23098380,
            "current_ratio": 125.66,
            "debt_ratio": 60.59,
            "inventory_turnover_ratio": 0.61,
            "account_receivable_turnover_ratio": null,
            "reinvestment_rate": 259.67,
            "research_to_sale_ratio": null,
            "price_fair": 32.48,
            "eps_avg_yearly": 2.05,
            "eps_latest_yearly": 1.64,
            "eps_growth_yearly": 5.84
        },
        "20071": {
            "year_quarter": 20071,
            "year": 2007,
            "quarter": 1,
            "eps": 0.73,
            "eps_growth_year": 37.74,
            "eps_4q": 1.84,
            "eps_4q_growth_year": 23.2,
            "roe": 3.95,
            "roe_4q": 10.530000000000001,
            "gross_profit": 762128,
            "gross_margin": 20.88,
            "gross_margin_4q_avg": 18.13,
            "net_income": 893447,
            "net_income_4q": null,
            "revenue": 3649317,
            "revenue_4q": null,
            "common_shares": 12177733,
            "book_valuer_per_share": 18.15,
            "book_valuer_per_share_4q_avg": 17.38,
            "equity": 22102124,
            "current_ratio": 125.1,
            "debt_ratio": 36.71,
            "inventory_turnover_ratio": 0.61,
            "account_receivable_turnover_ratio": null,
            "reinvestment_rate": 19.05,
            "research_to_sale_ratio": null,
            "price_fair": 70.7,
            "eps_avg_yearly": 2.02,
            "eps_latest_yearly": 2.92,
            "eps_growth_yearly": 28.89
        },
        "20072": {
            "year_quarter": 20072,
            "year": 2007,
            "quarter": 2,
            "eps": 1.25,
            "eps_growth_year": 171.74,
            "eps_4q": 2.54,
            "eps_4q_growth_year": 51.35,
            "roe": 7.23,
            "roe_4q": 14.89,
            "gross_profit": 923487,
            "gross_margin": 22.1,
            "gross_margin_4q_avg": 18.51,
            "net_income": 1629682,
            "net_income_4q": null,
            "revenue": 4178169,
            "revenue_4q": null,
            "common_shares": 12177733,
            "book_valuer_per_share": 18.88,
            "book_valuer_per_share_4q_avg": 17.77,
            "equity": 22997164,
            "current_ratio": 103.99,
            "debt_ratio": 35.24,
            "inventory_turnover_ratio": 1.6,
            "account_receivable_turnover_ratio": null,
            "reinvestment_rate": 16.48,
            "research_to_sale_ratio": null,
            "price_fair": 73.76,
            "eps_avg_yearly": 2.11,
            "eps_latest_yearly": 5,
            "eps_growth_yearly": 45.23
        },
        "20073": {
            "year_quarter": 20073,
            "year": 2007,
            "quarter": 3,
            "eps": 1.11,
            "eps_growth_year": 382.61,
            "eps_4q": 3.43,
            "eps_4q_growth_year": 114.39,
            "roe": 6.12,
            "roe_4q": 19.61,
            "gross_profit": 867412,
            "gross_margin": 20.72,
            "gross_margin_4q_avg": 19.89,
            "net_income": 1447262,
            "net_income_4q": null,
            "revenue": 4185687,
            "revenue_4q": null,
            "common_shares": 13030175,
            "book_valuer_per_share": 18.63,
            "book_valuer_per_share_4q_avg": 18.22,
            "equity": 24280822,
            "current_ratio": 102.08,
            "debt_ratio": 34.83,
            "inventory_turnover_ratio": 1.52,
            "account_receivable_turnover_ratio": null,
            "reinvestment_rate": 13.97,
            "research_to_sale_ratio": null,
            "price_fair": 77.35,
            "eps_avg_yearly": 2.21,
            "eps_latest_yearly": 4.44,
            "eps_growth_yearly": 47.98
        },
        "20074": {
            "year_quarter": 20074,
            "year": 2007,
            "quarter": 4,
            "eps": 1.23,
            "eps_growth_year": 200,
            "eps_4q": 4.28,
            "eps_4q_growth_year": 169.41,
            "roe": 6.04,
            "roe_4q": 23.34,
            "gross_profit": 1017581,
            "gross_margin": 20.02,
            "gross_margin_4q_avg": 20.93,
            "net_income": 1598885,
            "net_income_4q": null,
            "revenue": 5082882,
            "revenue_4q": null,
            "common_shares": 13030175,
            "book_valuer_per_share": 19.84,
            "book_valuer_per_share_4q_avg": 18.88,
            "equity": 28668452,
            "current_ratio": 118.37,
            "debt_ratio": 58.36,
            "inventory_turnover_ratio": 0.67,
            "account_receivable_turnover_ratio": null,
            "reinvestment_rate": 175.35,
            "research_to_sale_ratio": null,
            "price_fair": 82.69,
            "eps_avg_yearly": 2.36,
            "eps_latest_yearly": 4.92,
            "eps_growth_yearly": 53.54
        },
        "20081": {
            "year_quarter": 20081,
            "year": 2008,
            "quarter": 1,
            "eps": 0.83,
            "eps_growth_year": 13.7,
            "eps_4q": 4.15,
            "eps_4q_growth_year": 126.16,
            "roe": 3.89,
            "roe_4q": 23.28,
            "gross_profit": 3449717,
            "gross_margin": 19.9,
            "gross_margin_4q_avg": 20.69,
            "net_income": 1151961,
            "net_income_4q": null,
            "revenue": 17332879,
            "revenue_4q": null,
            "common_shares": 13030175,
            "book_valuer_per_share": 21.28,
            "book_valuer_per_share_4q_avg": 19.66,
            "equity": 30505328,
            "current_ratio": 121.06,
            "debt_ratio": 58.75,
            "inventory_turnover_ratio": 1.33,
            "account_receivable_turnover_ratio": null,
            "reinvestment_rate": 314.36,
            "research_to_sale_ratio": null,
            "price_fair": 84,
            "eps_avg_yearly": 2.4,
            "eps_latest_yearly": 3.32,
            "eps_growth_yearly": 42.99
        },
        "20082": {
            "year_quarter": 20082,
            "year": 2008,
            "quarter": 2,
            "eps": 0.8,
            "eps_growth_year": -36,
            "eps_4q": 3.06,
            "eps_4q_growth_year": 20.6,
            "roe": 4.68,
            "roe_4q": 20.73,
            "gross_profit": 3498142,
            "gross_margin": 17.85,
            "gross_margin_4q_avg": 19.62,
            "net_income": 1391795,
            "net_income_4q": null,
            "revenue": 19595730,
            "revenue_4q": null,
            "common_shares": 13030175,
            "book_valuer_per_share": 19.92,
            "book_valuer_per_share_4q_avg": 19.92,
            "equity": 28961532,
            "current_ratio": 106.22,
            "debt_ratio": 61.52,
            "inventory_turnover_ratio": 1.43,
            "account_receivable_turnover_ratio": null,
            "reinvestment_rate": 297.49,
            "research_to_sale_ratio": null,
            "price_fair": 86.98,
            "eps_avg_yearly": 2.49,
            "eps_latest_yearly": 3.2,
            "eps_growth_yearly": 50.18
        },
        "20083": {
            "year_quarter": 20083,
            "year": 2008,
            "quarter": 3,
            "eps": 0.58,
            "eps_growth_year": -47.75,
            "eps_4q": 3.13,
            "eps_4q_growth_year": -8.93,
            "roe": 2.86,
            "roe_4q": 17.47,
            "gross_profit": 3782113,
            "gross_margin": 17.78,
            "gross_margin_4q_avg": 18.89,
            "net_income": 882006,
            "net_income_4q": null,
            "revenue": 21269620,
            "revenue_4q": null,
            "common_shares": 14984701,
            "book_valuer_per_share": 19.55,
            "book_valuer_per_share_4q_avg": 20.15,
            "equity": 32655600,
            "current_ratio": 122.45,
            "debt_ratio": 60.32,
            "inventory_turnover_ratio": 1.43,
            "account_receivable_turnover_ratio": null,
            "reinvestment_rate": 322.22,
            "research_to_sale_ratio": null,
            "price_fair": 86.54,
            "eps_avg_yearly": 2.47,
            "eps_latest_yearly": 2.32,
            "eps_growth_yearly": 34.06
        },
        "20084": {
            "year_quarter": 20084,
            "year": 2008,
            "quarter": 4,
            "eps": 0.26,
            "eps_growth_year": -78.86,
            "eps_4q": 2.45,
            "eps_4q_growth_year": -42.74,
            "roe": 1.15,
            "roe_4q": 12.58,
            "gross_profit": 3272005,
            "gross_margin": 21.07,
            "gross_margin_4q_avg": 19.15,
            "net_income": 375938,
            "net_income_4q": null,
            "revenue": 15528266,
            "revenue_4q": null,
            "common_shares": 14984701,
            "book_valuer_per_share": 19.4,
            "book_valuer_per_share_4q_avg": 20.04,
            "equity": 32576674,
            "current_ratio": 120.46,
            "debt_ratio": 61.63,
            "inventory_turnover_ratio": 0.97,
            "account_receivable_turnover_ratio": 5.36,
            "reinvestment_rate": 192.71,
            "research_to_sale_ratio": null,
            "price_fair": 84.79,
            "eps_avg_yearly": 2.42,
            "eps_latest_yearly": 1.04,
            "eps_growth_yearly": 27.02
        },
        "20091": {
            "year_quarter": 20091,
            "year": 2009,
            "quarter": 1,
            "eps": 1.06,
            "eps_growth_year": 27.71,
            "eps_4q": 2.39,
            "eps_4q_growth_year": -42.34,
            "roe": 5.27,
            "roe_4q": 13.959999999999999,
            "gross_profit": 4033770,
            "gross_margin": 23.35,
            "gross_margin_4q_avg": 20.01,
            "net_income": 1794564,
            "net_income_4q": null,
            "revenue": 17276553,
            "revenue_4q": null,
            "common_shares": 14984701,
            "book_valuer_per_share": 21.16,
            "book_valuer_per_share_4q_avg": 20.01,
            "equity": 35535881,
            "current_ratio": 121.75,
            "debt_ratio": 59.48,
            "inventory_turnover_ratio": 1.22,
            "account_receivable_turnover_ratio": 2.89,
            "reinvestment_rate": 343.1,
            "research_to_sale_ratio": null,
            "price_fair": 91.35,
            "eps_avg_yearly": 2.61,
            "eps_latest_yearly": 4.24,
            "eps_growth_yearly": 112.09
        },
        "20092": {
            "year_quarter": 20092,
            "year": 2009,
            "quarter": 2,
            "eps": 2.56,
            "eps_growth_year": 220,
            "eps_4q": 3.92,
            "eps_4q_growth_year": 27.91,
            "roe": 12.66,
            "roe_4q": 21.939999999999998,
            "gross_profit": 7211776,
            "gross_margin": 32.92,
            "gross_margin_4q_avg": 23.78,
            "net_income": 4624493,
            "net_income_4q": null,
            "revenue": 21907502,
            "revenue_4q": null,
            "common_shares": 14984701,
            "book_valuer_per_share": 22.36,
            "book_valuer_per_share_4q_avg": 20.62,
            "equity": 37543481,
            "current_ratio": 132.16,
            "debt_ratio": 56.64,
            "inventory_turnover_ratio": 1.69,
            "account_receivable_turnover_ratio": 3.47,
            "reinvestment_rate": 264.22,
            "research_to_sale_ratio": null,
            "price_fair": 112.18,
            "eps_avg_yearly": 3.21,
            "eps_latest_yearly": 10.24,
            "eps_growth_yearly": 157.95
        },
        "20093": {
            "year_quarter": 20093,
            "year": 2009,
            "quarter": 3,
            "eps": 2.61,
            "eps_growth_year": 350,
            "eps_4q": 6.07,
            "eps_4q_growth_year": 94.08,
            "roe": 11.77,
            "roe_4q": 30.849999999999998,
            "gross_profit": 7745067,
            "gross_margin": 33.26,
            "gross_margin_4q_avg": 27.65,
            "net_income": 4519077,
            "net_income_4q": null,
            "revenue": 23289840,
            "revenue_4q": null,
            "common_shares": 16483171,
            "book_valuer_per_share": 22.18,
            "book_valuer_per_share_4q_avg": 21.28,
            "equity": 39277122,
            "current_ratio": 142.73,
            "debt_ratio": 56.16,
            "inventory_turnover_ratio": 1.79,
            "account_receivable_turnover_ratio": 3.45,
            "reinvestment_rate": 217.43,
            "research_to_sale_ratio": null,
            "price_fair": 132.13,
            "eps_avg_yearly": 3.78,
            "eps_latest_yearly": 10.44,
            "eps_growth_yearly": 137.61
        },
        "20094": {
            "year_quarter": 20094,
            "year": 2009,
            "quarter": 4,
            "eps": 2.01,
            "eps_growth_year": 673.08,
            "eps_4q": 8.15,
            "eps_4q_growth_year": 232.13,
            "roe": 8.33,
            "roe_4q": 38.03,
            "gross_profit": 6090858,
            "gross_margin": 27.65,
            "gross_margin_4q_avg": 29.3,
            "net_income": 3322446,
            "net_income_4q": null,
            "revenue": 22027593,
            "revenue_4q": null,
            "common_shares": 16483171,
            "book_valuer_per_share": 24.33,
            "book_valuer_per_share_4q_avg": 22.51,
            "equity": 40460579,
            "current_ratio": 147.27,
            "debt_ratio": 55.16,
            "inventory_turnover_ratio": 1.58,
            "account_receivable_turnover_ratio": 6.84,
            "reinvestment_rate": 93.04,
            "research_to_sale_ratio": null,
            "price_fair": 145.78,
            "eps_avg_yearly": 4.17,
            "eps_latest_yearly": 8.04,
            "eps_growth_yearly": 122.77
        },
        "20101": {
            "year_quarter": 20101,
            "year": 2010,
            "quarter": 1,
            "eps": 1.73,
            "eps_growth_year": 63.21,
            "eps_4q": 8.91,
            "eps_4q_growth_year": 272.42,
            "roe": 6.8,
            "roe_4q": 39.56,
            "gross_profit": 5384797,
            "gross_margin": 24.7,
            "gross_margin_4q_avg": 29.63,
            "net_income": 2854661,
            "net_income_4q": null,
            "revenue": 21801676,
            "revenue_4q": null,
            "common_shares": 16483171,
            "book_valuer_per_share": 26.17,
            "book_valuer_per_share_4q_avg": 23.76,
            "equity": 43501237,
            "current_ratio": 146.64,
            "debt_ratio": 54.24,
            "inventory_turnover_ratio": 1.46,
            "account_receivable_turnover_ratio": 3.34,
            "reinvestment_rate": 190.2,
            "research_to_sale_ratio": 1.78,
            "price_fair": 156.28,
            "eps_avg_yearly": 4.47,
            "eps_latest_yearly": 6.92,
            "eps_growth_yearly": 114.84
        },
        "20102": {
            "year_quarter": 20102,
            "year": 2010,
            "quarter": 2,
            "eps": 1.16,
            "eps_growth_year": -54.62,
            "eps_4q": 6.24,
            "eps_4q_growth_year": 59.43,
            "roe": 5.55,
            "roe_4q": 32.45,
            "gross_profit": 5567456,
            "gross_margin": 21.71,
            "gross_margin_4q_avg": 26.83,
            "net_income": 2408531,
            "net_income_4q": null,
            "revenue": 25644622,
            "revenue_4q": null,
            "common_shares": 16483171,
            "book_valuer_per_share": 26.07,
            "book_valuer_per_share_4q_avg": 24.69,
            "equity": 43346155,
            "current_ratio": 129.8,
            "debt_ratio": 58.65,
            "inventory_turnover_ratio": 1.58,
            "account_receivable_turnover_ratio": 3.49,
            "reinvestment_rate": 185.4,
            "research_to_sale_ratio": 1.14,
            "price_fair": 162.4,
            "eps_avg_yearly": 4.64,
            "eps_latest_yearly": 4.64,
            "eps_growth_yearly": 109.91
        },
        "20103": {
            "year_quarter": 20103,
            "year": 2010,
            "quarter": 3,
            "eps": 1.49,
            "eps_growth_year": -43.01,
            "eps_4q": 5.64,
            "eps_4q_growth_year": -6.96,
            "roe": 6.87,
            "roe_4q": 27.549999999999997,
            "gross_profit": 5196959,
            "gross_margin": 19.42,
            "gross_margin_4q_avg": 23.37,
            "net_income": 3066202,
            "net_income_4q": null,
            "revenue": 26756124,
            "revenue_4q": null,
            "common_shares": 20603963,
            "book_valuer_per_share": 22.08,
            "book_valuer_per_share_4q_avg": 24.66,
            "equity": 45854454,
            "current_ratio": 140.98,
            "debt_ratio": 56.89,
            "inventory_turnover_ratio": 1.62,
            "account_receivable_turnover_ratio": 3.35,
            "reinvestment_rate": 178.27,
            "research_to_sale_ratio": 2,
            "price_fair": 173.43,
            "eps_avg_yearly": 4.96,
            "eps_latest_yearly": 5.96,
            "eps_growth_yearly": 129.52
        },
        "20104": {
            "year_quarter": 20104,
            "year": 2010,
            "quarter": 4,
            "eps": 0.97,
            "eps_growth_year": -51.54,
            "eps_4q": 5.01,
            "eps_4q_growth_year": -38.56,
            "roe": 4.45,
            "roe_4q": 23.67,
            "gross_profit": 4790938,
            "gross_margin": 18.59,
            "gross_margin_4q_avg": 21.11,
            "net_income": 2027587,
            "net_income_4q": null,
            "revenue": 25767183,
            "revenue_4q": null,
            "common_shares": 20603963,
            "book_valuer_per_share": 21.74,
            "book_valuer_per_share_4q_avg": 24.02,
            "equity": 45181164,
            "current_ratio": 145.44,
            "debt_ratio": 57.93,
            "inventory_turnover_ratio": 1.48,
            "account_receivable_turnover_ratio": 3.46,
            "reinvestment_rate": 76.43,
            "research_to_sale_ratio": 1.46,
            "price_fair": 178.33,
            "eps_avg_yearly": 5.1,
            "eps_latest_yearly": 3.88,
            "eps_growth_yearly": 101.23
        },
        "20111": {
            "year_quarter": 20111,
            "year": 2011,
            "quarter": 1,
            "eps": 0.9,
            "eps_growth_year": -47.98,
            "eps_4q": 4.52,
            "eps_4q_growth_year": -49.3,
            "roe": 4.06,
            "roe_4q": 20.93,
            "gross_profit": 4277133,
            "gross_margin": 16.99,
            "gross_margin_4q_avg": 19.18,
            "net_income": 1853726,
            "net_income_4q": null,
            "revenue": 25171739,
            "revenue_4q": null,
            "common_shares": 20603963,
            "book_valuer_per_share": 22.16,
            "book_valuer_per_share_4q_avg": 23.01,
            "equity": 46059124,
            "current_ratio": 142.08,
            "debt_ratio": 59.52,
            "inventory_turnover_ratio": 1.31,
            "account_receivable_turnover_ratio": 3.29,
            "reinvestment_rate": 170.27,
            "research_to_sale_ratio": 1.82,
            "price_fair": 179.81,
            "eps_avg_yearly": 5.14,
            "eps_latest_yearly": 3.6,
            "eps_growth_yearly": 79.91
        },
        "20112": {
            "year_quarter": 20112,
            "year": 2011,
            "quarter": 2,
            "eps": 1.05,
            "eps_growth_year": -9.5,
            "eps_4q": 3.85,
            "eps_4q_growth_year": -38.36,
            "roe": 5.72,
            "roe_4q": 21.1,
            "gross_profit": 5864843,
            "gross_margin": 18.96,
            "gross_margin_4q_avg": 18.49,
            "net_income": 2606900,
            "net_income_4q": null,
            "revenue": 30931438,
            "revenue_4q": null,
            "common_shares": 20603963,
            "book_valuer_per_share": 21.71,
            "book_valuer_per_share_4q_avg": 21.92,
            "equity": 45097594,
            "current_ratio": 153.04,
            "debt_ratio": 63.86,
            "inventory_turnover_ratio": 1.44,
            "account_receivable_turnover_ratio": 3.41,
            "reinvestment_rate": 174.01,
            "research_to_sale_ratio": 1.43,
            "price_fair": 178.06,
            "eps_avg_yearly": 5.09,
            "eps_latest_yearly": 4.2,
            "eps_growth_yearly": 66.27
        },
        "20113": {
            "year_quarter": 20113,
            "year": 2011,
            "quarter": 3,
            "eps": 0.86,
            "eps_growth_year": -42.09,
            "eps_4q": 3.47,
            "eps_4q_growth_year": -38.5,
            "roe": 4.47,
            "roe_4q": 18.7,
            "gross_profit": 5168165,
            "gross_margin": 16.49,
            "gross_margin_4q_avg": 17.76,
            "net_income": 2143997,
            "net_income_4q": null,
            "revenue": 31348129,
            "revenue_4q": null,
            "common_shares": 24724756,
            "book_valuer_per_share": 20.42,
            "book_valuer_per_share_4q_avg": 21.51,
            "equity": 50898111,
            "current_ratio": 156.26,
            "debt_ratio": 64.14,
            "inventory_turnover_ratio": 1.38,
            "account_receivable_turnover_ratio": 3.05,
            "reinvestment_rate": 197.91,
            "research_to_sale_ratio": 1.56,
            "price_fair": 175.88,
            "eps_avg_yearly": 5.03,
            "eps_latest_yearly": 3.44,
            "eps_growth_yearly": 64.55
        },
        "20114": {
            "year_quarter": 20114,
            "year": 2011,
            "quarter": 4,
            "eps": 0.79,
            "eps_growth_year": -18.57,
            "eps_4q": 3.45,
            "eps_4q_growth_year": -31.04,
            "roe": 3.84,
            "roe_4q": 18.089999999999996,
            "gross_profit": 5782991,
            "gross_margin": 17.79,
            "gross_margin_4q_avg": 17.56,
            "net_income": 1982693,
            "net_income_4q": null,
            "revenue": 32509310,
            "revenue_4q": null,
            "common_shares": 24724756,
            "book_valuer_per_share": 20.96,
            "book_valuer_per_share_4q_avg": 21.31,
            "equity": 52261402,
            "current_ratio": 142.76,
            "debt_ratio": 63.4,
            "inventory_turnover_ratio": 1.33,
            "account_receivable_turnover_ratio": 3.03,
            "reinvestment_rate": 115.56,
            "research_to_sale_ratio": 1.67,
            "price_fair": 172.03,
            "eps_avg_yearly": 4.92,
            "eps_latest_yearly": 3.16,
            "eps_growth_yearly": 59.81
        },
        "20121": {
            "year_quarter": 20121,
            "year": 2012,
            "quarter": 1,
            "eps": 1.33,
            "eps_growth_year": 47.78,
            "eps_4q": 4.04,
            "eps_4q_growth_year": -10.71,
            "roe": 6.19,
            "roe_4q": 20.22,
            "gross_profit": 6293028,
            "gross_margin": 20.46,
            "gross_margin_4q_avg": 18.43,
            "net_income": 3310130,
            "net_income_4q": null,
            "revenue": 30763655,
            "revenue_4q": null,
            "common_shares": 24724756,
            "book_valuer_per_share": 21.88,
            "book_valuer_per_share_4q_avg": 21.24,
            "equity": 54693176,
            "current_ratio": 142.44,
            "debt_ratio": 61.39,
            "inventory_turnover_ratio": 1.23,
            "account_receivable_turnover_ratio": 2.78,
            "reinvestment_rate": 113.24,
            "research_to_sale_ratio": 1.67,
            "price_fair": 176.4,
            "eps_avg_yearly": 5.04,
            "eps_latest_yearly": 5.32,
            "eps_growth_yearly": 85.03
        },
        "20122": {
            "year_quarter": 20122,
            "year": 2012,
            "quarter": 2,
            "eps": 1.23,
            "eps_growth_year": 16.8,
            "eps_4q": 3.85,
            "eps_4q_growth_year": -0.1,
            "roe": 6.34,
            "roe_4q": 20.84,
            "gross_profit": 8490218,
            "gross_margin": 24.28,
            "gross_margin_4q_avg": 19.76,
            "net_income": 3472710,
            "net_income_4q": null,
            "revenue": 34968697,
            "revenue_4q": null,
            "common_shares": 24724756,
            "book_valuer_per_share": 21.97,
            "book_valuer_per_share_4q_avg": 21.31,
            "equity": 54806977,
            "current_ratio": 121.57,
            "debt_ratio": 62.5,
            "inventory_turnover_ratio": 1.4,
            "account_receivable_turnover_ratio": 3.09,
            "reinvestment_rate": 115.13,
            "research_to_sale_ratio": 1.4,
            "price_fair": 180.16,
            "eps_avg_yearly": 5.15,
            "eps_latest_yearly": 4.92,
            "eps_growth_yearly": 84.05
        },
        "20123": {
            "year_quarter": 20123,
            "year": 2012,
            "quarter": 3,
            "eps": 1.48,
            "eps_growth_year": 72.33,
            "eps_4q": 4.57,
            "eps_4q_growth_year": 31.77,
            "roe": 7.42,
            "roe_4q": 23.79,
            "gross_profit": 7747122,
            "gross_margin": 23.39,
            "gross_margin_4q_avg": 21.48,
            "net_income": 4201631,
            "net_income_4q": null,
            "revenue": 33126179,
            "revenue_4q": null,
            "common_shares": 28186222,
            "book_valuer_per_share": 20.6,
            "book_valuer_per_share_4q_avg": 21.35,
            "equity": 58503099,
            "current_ratio": 118.03,
            "debt_ratio": 61.02,
            "inventory_turnover_ratio": 1.37,
            "account_receivable_turnover_ratio": 3.08,
            "reinvestment_rate": 104.56,
            "research_to_sale_ratio": 1.99,
            "price_fair": 188.04,
            "eps_avg_yearly": 5.37,
            "eps_latest_yearly": 5.92,
            "eps_growth_yearly": 96.01
        },
        "20124": {
            "year_quarter": 20124,
            "year": 2012,
            "quarter": 4,
            "eps": 1.76,
            "eps_growth_year": 121.97,
            "eps_4q": 5.64,
            "eps_4q_growth_year": 63.32,
            "roe": 8.17,
            "roe_4q": 28.12,
            "gross_profit": 8137731,
            "gross_margin": 25.91,
            "gross_margin_4q_avg": 23.51,
            "net_income": 4982552,
            "net_income_4q": null,
            "revenue": 31410842,
            "revenue_4q": null,
            "common_shares": 28186222,
            "book_valuer_per_share": 22.31,
            "book_valuer_per_share_4q_avg": 21.69,
            "equity": 63427071,
            "current_ratio": 123.37,
            "debt_ratio": 58.02,
            "inventory_turnover_ratio": 1.2,
            "account_receivable_turnover_ratio": 3.11,
            "reinvestment_rate": 91.17,
            "research_to_sale_ratio": 2,
            "price_fair": 201.16,
            "eps_avg_yearly": 5.75,
            "eps_latest_yearly": 7.04,
            "eps_growth_yearly": 114.53
        },
        "20131": {
            "year_quarter": 20131,
            "year": 2013,
            "quarter": 1,
            "eps": 1.51,
            "eps_growth_year": 13.53,
            "eps_4q": 5.98,
            "eps_4q_growth_year": 48.18,
            "roe": 6.39,
            "roe_4q": 28.319999999999997,
            "gross_profit": 7317643,
            "gross_margin": 24.31,
            "gross_margin_4q_avg": 24.47,
            "net_income": 4272521,
            "net_income_4q": null,
            "revenue": 30095621,
            "revenue_4q": null,
            "common_shares": 28186222,
            "book_valuer_per_share": 24.73,
            "book_valuer_per_share_4q_avg": 22.4,
            "equity": 70277324,
            "current_ratio": 126.69,
            "debt_ratio": 56.64,
            "inventory_turnover_ratio": 1.12,
            "account_receivable_turnover_ratio": 2.8,
            "reinvestment_rate": 89.58,
            "research_to_sale_ratio": 2.28,
            "price_fair": 205.1,
            "eps_avg_yearly": 5.86,
            "eps_latest_yearly": 6.04,
            "eps_growth_yearly": 34.06
        },
        "20132": {
            "year_quarter": 20132,
            "year": 2013,
            "quarter": 2,
            "eps": 1.43,
            "eps_growth_year": 16.45,
            "eps_4q": 5.56,
            "eps_4q_growth_year": 44.65,
            "roe": 6.65,
            "roe_4q": 28.630000000000003,
            "gross_profit": 8957215,
            "gross_margin": 25.35,
            "gross_margin_4q_avg": 24.74,
            "net_income": 4663738,
            "net_income_4q": null,
            "revenue": 35329819,
            "revenue_4q": null,
            "common_shares": 28186222,
            "book_valuer_per_share": 24.65,
            "book_valuer_per_share_4q_avg": 23.07,
            "equity": 70010302,
            "current_ratio": 113.83,
            "debt_ratio": 57.8,
            "inventory_turnover_ratio": 1.37,
            "account_receivable_turnover_ratio": 2.89,
            "reinvestment_rate": 92,
            "research_to_sale_ratio": 2.09,
            "price_fair": 16.73,
            "eps_avg_yearly": 5.58,
            "eps_latest_yearly": 5.72,
            "eps_growth_yearly": -2.64
        },
        "20133": {
            "year_quarter": 20133,
            "year": 2013,
            "quarter": 3,
            "eps": 1.45,
            "eps_growth_year": -2.31,
            "eps_4q": 5.73,
            "eps_4q_growth_year": 25.18,
            "roe": 6.56,
            "roe_4q": 27.770000000000003,
            "gross_profit": 9143942,
            "gross_margin": 26.23,
            "gross_margin_4q_avg": 25.45,
            "net_income": 4724882,
            "net_income_4q": null,
            "revenue": 34857782,
            "revenue_4q": null,
            "common_shares": 32414155,
            "book_valuer_per_share": 22.65,
            "book_valuer_per_share_4q_avg": 23.59,
            "equity": 73957663,
            "current_ratio": 120.54,
            "debt_ratio": 53.58,
            "inventory_turnover_ratio": 1.5,
            "account_receivable_turnover_ratio": 2.79,
            "reinvestment_rate": 90.9,
            "research_to_sale_ratio": 2.34,
            "price_fair": 15.86,
            "eps_avg_yearly": 5.29,
            "eps_latest_yearly": 5.8,
            "eps_growth_yearly": -2.78
        },
        "20134": {
            "year_quarter": 20134,
            "year": 2013,
            "quarter": 4,
            "eps": 1.53,
            "eps_growth_year": -13.24,
            "eps_4q": 5.72,
            "eps_4q_growth_year": 1.48,
            "roe": 6.5,
            "roe_4q": 26.1,
            "gross_profit": 9908995,
            "gross_margin": 30.21,
            "gross_margin_4q_avg": 26.53,
            "net_income": 4980778,
            "net_income_4q": null,
            "revenue": 32803321,
            "revenue_4q": null,
            "common_shares": 32414155,
            "book_valuer_per_share": 24.31,
            "book_valuer_per_share_4q_avg": 24.09,
            "equity": 79399488,
            "current_ratio": 128.85,
            "debt_ratio": 51.06,
            "inventory_turnover_ratio": 1.39,
            "account_receivable_turnover_ratio": 2.66,
            "reinvestment_rate": 89.14,
            "research_to_sale_ratio": 2.27,
            "price_fair": 74.13,
            "eps_avg_yearly": 5.17,
            "eps_latest_yearly": 6.12,
            "eps_growth_yearly": 4.34
        },
        "20141": {
            "year_quarter": 20141,
            "year": 2014,
            "quarter": 1,
            "eps": 1.13,
            "eps_growth_year": -25.17,
            "eps_4q": 5.54,
            "eps_4q_growth_year": -7.27,
            "roe": 4.54,
            "roe_4q": 24.25,
            "gross_profit": 8534081,
            "gross_margin": 27.01,
            "gross_margin_4q_avg": 27.2,
            "net_income": 3697124,
            "net_income_4q": null,
            "revenue": 31591686,
            "revenue_4q": null,
            "common_shares": 32414155,
            "book_valuer_per_share": 25.52,
            "book_valuer_per_share_4q_avg": 24.28,
            "equity": 83319552,
            "current_ratio": 133.36,
            "debt_ratio": 49.85,
            "inventory_turnover_ratio": 1.37,
            "account_receivable_turnover_ratio": 2.38,
            "reinvestment_rate": 87.24,
            "research_to_sale_ratio": 2.5,
            "price_fair": 56.65,
            "eps_avg_yearly": 5.02,
            "eps_latest_yearly": 4.52,
            "eps_growth_yearly": 1.29
        },
        "20142": {
            "year_quarter": 20142,
            "year": 2014,
            "quarter": 2,
            "eps": 1.05,
            "eps_growth_year": -26.57,
            "eps_4q": 5.16,
            "eps_4q_growth_year": -7.24,
            "roe": 4.3,
            "roe_4q": 21.9,
            "gross_profit": 8811705,
            "gross_margin": 26.95,
            "gross_margin_4q_avg": 27.6,
            "net_income": 3417953,
            "net_income_4q": null,
            "revenue": 32693536,
            "revenue_4q": null,
            "common_shares": 32414155,
            "book_valuer_per_share": 23.17,
            "book_valuer_per_share_4q_avg": 23.91,
            "equity": 75688578,
            "current_ratio": 106.99,
            "debt_ratio": 55.36,
            "inventory_turnover_ratio": 1.4,
            "account_receivable_turnover_ratio": 2.28,
            "reinvestment_rate": 78.51,
            "research_to_sale_ratio": 2.39,
            "price_fair": 88.61,
            "eps_avg_yearly": 4.99,
            "eps_latest_yearly": 4.2,
            "eps_growth_yearly": 7.76
        },
        "20143": {
            "year_quarter": 20143,
            "year": 2014,
            "quarter": 3,
            "eps": 1.43,
            "eps_growth_year": -1.38,
            "eps_4q": 5.14,
            "eps_4q_growth_year": -10.26,
            "roe": 5.91,
            "roe_4q": 21.25,
            "gross_profit": 9537673,
            "gross_margin": 27.94,
            "gross_margin_4q_avg": 28.03,
            "net_income": 4664088,
            "net_income_4q": null,
            "revenue": 34142065,
            "revenue_4q": null,
            "common_shares": 32414155,
            "book_valuer_per_share": 25.09,
            "book_valuer_per_share_4q_avg": 24.52,
            "equity": 82018874,
            "current_ratio": 121.67,
            "debt_ratio": 50.22,
            "inventory_turnover_ratio": 1.52,
            "account_receivable_turnover_ratio": 2.31,
            "reinvestment_rate": 76.08,
            "research_to_sale_ratio": 2.33,
            "price_fair": 97.98,
            "eps_avg_yearly": 4.98,
            "eps_latest_yearly": 5.72,
            "eps_growth_yearly": 9.69
        },
        "20144": {
            "year_quarter": 20144,
            "year": 2014,
            "quarter": 4,
            "eps": 1.33,
            "eps_growth_year": -12.91,
            "eps_4q": 4.94,
            "eps_4q_growth_year": -13.66,
            "roe": 5.08,
            "roe_4q": 19.83,
            "gross_profit": 9017045,
            "gross_margin": 29.48,
            "gross_margin_4q_avg": 27.85,
            "net_income": 4332452,
            "net_income_4q": null,
            "revenue": 30586775,
            "revenue_4q": null,
            "common_shares": 32414155,
            "book_valuer_per_share": 27.08,
            "book_valuer_per_share_4q_avg": 25.22,
            "equity": 88557025,
            "current_ratio": 135.95,
            "debt_ratio": 47.87,
            "inventory_turnover_ratio": 1.34,
            "account_receivable_turnover_ratio": 2.08,
            "reinvestment_rate": 78.43,
            "research_to_sale_ratio": 2.81,
            "price_fair": 135.09,
            "eps_avg_yearly": 5.07,
            "eps_latest_yearly": 5.32,
            "eps_growth_yearly": 16.67
        },
        "20151": {
            "year_quarter": 20151,
            "year": 2015,
            "quarter": 1,
            "eps": 1.01,
            "eps_growth_year": -10.62,
            "eps_4q": 4.82,
            "eps_4q_growth_year": -13.14,
            "roe": 3.65,
            "roe_4q": 18.94,
            "gross_profit": 8438789,
            "gross_margin": 29.11,
            "gross_margin_4q_avg": 28.37,
            "net_income": 3278895,
            "net_income_4q": null,
            "revenue": 28993405,
            "revenue_4q": null,
            "common_shares": 32414155,
            "book_valuer_per_share": 27.86,
            "book_valuer_per_share_4q_avg": 25.8,
            "equity": 91100173,
            "current_ratio": 134.42,
            "debt_ratio": 46.65,
            "inventory_turnover_ratio": 1.29,
            "account_receivable_turnover_ratio": 1.97,
            "reinvestment_rate": 71.5,
            "research_to_sale_ratio": 3.72,
            "price_fair": 114.38,
            "eps_avg_yearly": 5.09,
            "eps_latest_yearly": 4.04,
            "eps_growth_yearly": 12.46
        },
        "20152": {
            "year_quarter": 20152,
            "year": 2015,
            "quarter": 2,
            "eps": 1,
            "eps_growth_year": -4.76,
            "eps_4q": 4.77,
            "eps_4q_growth_year": -7.47,
            "roe": 3.75,
            "roe_4q": 18.39,
            "gross_profit": 9491020,
            "gross_margin": 30.58,
            "gross_margin_4q_avg": 29.28,
            "net_income": 3273168,
            "net_income_4q": null,
            "revenue": 31040993,
            "revenue_4q": null,
            "common_shares": 32414155,
            "book_valuer_per_share": 25.45,
            "book_valuer_per_share_4q_avg": 26.37,
            "equity": 83258826,
            "current_ratio": 119.21,
            "debt_ratio": 51.49,
            "inventory_turnover_ratio": 1.49,
            "account_receivable_turnover_ratio": 2.12,
            "reinvestment_rate": 61.46,
            "research_to_sale_ratio": 3.48,
            "price_fair": 91.67,
            "eps_avg_yearly": 5.08,
            "eps_latest_yearly": 4,
            "eps_growth_yearly": 8.05
        },
        "20153": {
            "year_quarter": 20153,
            "year": 2015,
            "quarter": 3,
            "eps": 0.94,
            "eps_growth_year": -34.27,
            "eps_4q": 4.28,
            "eps_4q_growth_year": -16.67,
            "roe": 3.58,
            "roe_4q": 16.060000000000002,
            "gross_profit": 9019927,
            "gross_margin": 30.88,
            "gross_margin_4q_avg": 30.01,
            "net_income": 3078325,
            "net_income_4q": null,
            "revenue": 29208814,
            "revenue_4q": null,
            "common_shares": 32414155,
            "book_valuer_per_share": 27.13,
            "book_valuer_per_share_4q_avg": 26.88,
            "equity": 88776694,
            "current_ratio": 129.38,
            "debt_ratio": 47.5,
            "inventory_turnover_ratio": 1.46,
            "account_receivable_turnover_ratio": 2.07,
            "reinvestment_rate": 49.65,
            "research_to_sale_ratio": 3.74,
            "price_fair": 107.45,
            "eps_avg_yearly": 5.1,
            "eps_latest_yearly": 3.76,
            "eps_growth_yearly": 11.07
        },
        "20154": {
            "year_quarter": 20154,
            "year": 2015,
            "quarter": 4,
            "eps": 0.99,
            "eps_growth_year": -25.57,
            "eps_4q": 3.94,
            "eps_4q_growth_year": -20.22,
            "roe": 3.59,
            "roe_4q": 14.57,
            "gross_profit": 8608056,
            "gross_margin": 31.32,
            "gross_margin_4q_avg": 30.47,
            "net_income": 3208826,
            "net_income_4q": null,
            "revenue": 27483081,
            "revenue_4q": null,
            "common_shares": 32414155,
            "book_valuer_per_share": 27.51,
            "book_valuer_per_share_4q_avg": 26.99,
            "equity": 89952584,
            "current_ratio": 140,
            "debt_ratio": 45.8,
            "inventory_turnover_ratio": 1.39,
            "account_receivable_turnover_ratio": 2.05,
            "reinvestment_rate": 36.65,
            "research_to_sale_ratio": 3.91,
            "price_fair": 125.84,
            "eps_avg_yearly": 5.15,
            "eps_latest_yearly": 3.96,
            "eps_growth_yearly": 14.43
        },
        "20161": {
            "year_quarter": 20161,
            "year": 2016,
            "quarter": 1,
            "eps": 1.24,
            "eps_growth_year": 22.77,
            "eps_4q": 4.18,
            "eps_4q_growth_year": -13.23,
            "roe": 4.41,
            "roe_4q": 15.33,
            "gross_profit": 9411859,
            "gross_margin": 32.07,
            "gross_margin_4q_avg": 31.21,
            "net_income": 4043931,
            "net_income_4q": null,
            "revenue": 29345194,
            "revenue_4q": null,
            "common_shares": 32414155,
            "book_valuer_per_share": 28.6,
            "book_valuer_per_share_4q_avg": 27.17,
            "equity": 93504724,
            "current_ratio": 159.31,
            "debt_ratio": 44.75,
            "inventory_turnover_ratio": 1.59,
            "account_receivable_turnover_ratio": 2.17,
            "reinvestment_rate": 30.57,
            "research_to_sale_ratio": 3.96,
            "price_fair": 70.03,
            "eps_avg_yearly": 5.13,
            "eps_latest_yearly": 4.96,
            "eps_growth_yearly": 3.66
        },
        "20162": {
            "year_quarter": 20162,
            "year": 2016,
            "quarter": 2,
            "eps": 1.23,
            "eps_growth_year": 23,
            "eps_4q": 4.41,
            "eps_4q_growth_year": -7.7,
            "roe": 4.48,
            "roe_4q": 16.060000000000002,
            "gross_profit": 10213447,
            "gross_margin": 32.92,
            "gross_margin_4q_avg": 31.8,
            "net_income": 4025872,
            "net_income_4q": null,
            "revenue": 31021360,
            "revenue_4q": null,
            "common_shares": 32414155,
            "book_valuer_per_share": 26.33,
            "book_valuer_per_share_4q_avg": 27.39,
            "equity": 86152723,
            "current_ratio": 129.69,
            "debt_ratio": 49.97,
            "inventory_turnover_ratio": 1.73,
            "account_receivable_turnover_ratio": 2.27,
            "reinvestment_rate": 22.13,
            "research_to_sale_ratio": 3.93,
            "price_fair": 78.64,
            "eps_avg_yearly": 5.13,
            "eps_latest_yearly": 4.92,
            "eps_growth_yearly": 5.34
        },
        "20163": {
            "year_quarter": 20163,
            "year": 2016,
            "quarter": 3,
            "eps": 0.92,
            "eps_growth_year": -2.13,
            "eps_4q": 4.39,
            "eps_4q_growth_year": 2.48,
            "roe": 3.48,
            "roe_4q": 15.96,
            "gross_profit": 8822337,
            "gross_margin": 30.12,
            "gross_margin_4q_avg": 31.61,
            "net_income": 3014860,
            "net_income_4q": null,
            "revenue": 29293244,
            "revenue_4q": null,
            "common_shares": 32414155,
            "book_valuer_per_share": 26.58,
            "book_valuer_per_share_4q_avg": 27.26,
            "equity": 86934655,
            "current_ratio": 139.11,
            "debt_ratio": 47.13,
            "inventory_turnover_ratio": 1.69,
            "account_receivable_turnover_ratio": 2.27,
            "reinvestment_rate": 13.97,
            "research_to_sale_ratio": 4.24,
            "price_fair": 14.96,
            "eps_avg_yearly": 4.99,
            "eps_latest_yearly": 3.68,
            "eps_growth_yearly": -6.05
        },
        "20164": {
            "year_quarter": 20164,
            "year": 2016,
            "quarter": 4,
            "eps": 0.69,
            "eps_growth_year": -30.29,
            "eps_4q": 4.09,
            "eps_4q_growth_year": 3.71,
            "roe": 2.58,
            "roe_4q": 14.950000000000001,
            "gross_profit": 7841466,
            "gross_margin": 28.28,
            "gross_margin_4q_avg": 30.85,
            "net_income": 2261818,
            "net_income_4q": null,
            "revenue": 27727721,
            "revenue_4q": null,
            "common_shares": 32414155,
            "book_valuer_per_share": 26.99,
            "book_valuer_per_share_4q_avg": 27.13,
            "equity": 88269388,
            "current_ratio": 146.16,
            "debt_ratio": 47.51,
            "inventory_turnover_ratio": 1.54,
            "account_receivable_turnover_ratio": 2.28,
            "reinvestment_rate": 11.03,
            "research_to_sale_ratio": 4.35,
            "price_fair": 14.16,
            "eps_avg_yearly": 4.72,
            "eps_latest_yearly": 2.76,
            "eps_growth_yearly": -17.03
        },
        "20171": {
            "year_quarter": 20171,
            "year": 2017,
            "quarter": 1,
            "eps": 0.59,
            "eps_growth_year": -52.42,
            "eps_4q": 3.44,
            "eps_4q_growth_year": -17.73,
            "roe": 2.22,
            "roe_4q": 12.760000000000002,
            "gross_profit": 7350580,
            "gross_margin": 25.66,
            "gross_margin_4q_avg": 29.25,
            "net_income": 1944277,
            "net_income_4q": null,
            "revenue": 28641252,
            "revenue_4q": null,
            "common_shares": 32414155,
            "book_valuer_per_share": 26.59,
            "book_valuer_per_share_4q_avg": 26.62,
            "equity": 86944266,
            "current_ratio": 148.56,
            "debt_ratio": 49.1,
            "inventory_turnover_ratio": 1.45,
            "account_receivable_turnover_ratio": 2.38,
            "reinvestment_rate": -0.92,
            "research_to_sale_ratio": 4.15,
            "price_fair": 13.47,
            "eps_avg_yearly": 4.49,
            "eps_latest_yearly": 2.36,
            "eps_growth_yearly": -17.1
        },
        "20172": {
            "year_quarter": 20172,
            "year": 2017,
            "quarter": 2,
            "eps": 0.53,
            "eps_growth_year": -56.91,
            "eps_4q": 2.74,
            "eps_4q_growth_year": -37.9,
            "roe": 2.09,
            "roe_4q": 10.370000000000001,
            "gross_profit": 6438123,
            "gross_margin": 22.69,
            "gross_margin_4q_avg": 26.69,
            "net_income": 1740695,
            "net_income_4q": null,
            "revenue": 28368875,
            "revenue_4q": null,
            "common_shares": 32414155,
            "book_valuer_per_share": 24.48,
            "book_valuer_per_share_4q_avg": 26.16,
            "equity": 80021852,
            "current_ratio": 119.01,
            "debt_ratio": 55.43,
            "inventory_turnover_ratio": 1.32,
            "account_receivable_turnover_ratio": 2.25,
            "reinvestment_rate": 1.51,
            "research_to_sale_ratio": 4.47,
            "price_fair": 12.8,
            "eps_avg_yearly": 4.27,
            "eps_latest_yearly": 2.12,
            "eps_growth_yearly": -18.32
        },
        "20173": {
            "year_quarter": 20173,
            "year": 2017,
            "quarter": 3,
            "eps": 0.33,
            "eps_growth_year": -64.13,
            "eps_4q": 2.14,
            "eps_4q_growth_year": -51.26,
            "roe": 1.3,
            "roe_4q": 8.19,
            "gross_profit": 5762758,
            "gross_margin": 20.45,
            "gross_margin_4q_avg": 24.27,
            "net_income": 1054088,
            "net_income_4q": null,
            "revenue": 28179613,
            "revenue_4q": null,
            "common_shares": 32414155,
            "book_valuer_per_share": 25.05,
            "book_valuer_per_share_4q_avg": 25.78,
            "equity": 81870655,
            "current_ratio": 135.74,
            "debt_ratio": 52.8,
            "inventory_turnover_ratio": 1.27,
            "account_receivable_turnover_ratio": 2.2,
            "reinvestment_rate": 4.36,
            "research_to_sale_ratio": 4.77,
            "price_fair": 11.96,
            "eps_avg_yearly": 3.99,
            "eps_latest_yearly": 1.32,
            "eps_growth_yearly": -28.1
        },
        "20174": {
            "year_quarter": 20174,
            "year": 2017,
            "quarter": 4,
            "eps": 0.26,
            "eps_growth_year": -62.13,
            "eps_4q": 1.71,
            "eps_4q_growth_year": -58.18,
            "roe": 1.05,
            "roe_4q": 6.66,
            "gross_profit": 6126609,
            "gross_margin": 22.59,
            "gross_margin_4q_avg": 22.85,
            "net_income": 862965,
            "net_income_4q": null,
            "revenue": 27119426,
            "revenue_4q": null,
            "common_shares": 32414155,
            "book_valuer_per_share": 25.36,
            "book_valuer_per_share_4q_avg": 25.37,
            "equity": 82891303,
            "current_ratio": 158.43,
            "debt_ratio": 53.71,
            "inventory_turnover_ratio": 1.14,
            "account_receivable_turnover_ratio": 2.18,
            "reinvestment_rate": 1.3,
            "research_to_sale_ratio": 4.76,
            "price_fair": 11,
            "eps_avg_yearly": 3.67,
            "eps_latest_yearly": 1.04,
            "eps_growth_yearly": -34.78
        },
        "20181": {
            "year_quarter": 20181,
            "year": 2018,
            "quarter": 1,
            "eps": 0.37,
            "eps_growth_year": -37.29,
            "eps_4q": 1.49,
            "eps_4q_growth_year": -56.6,
            "roe": 1.46,
            "roe_4q": 5.8999999999999995,
            "gross_profit": 6564119,
            "gross_margin": 23.71,
            "gross_margin_4q_avg": 22.36,
            "net_income": 1222466,
            "net_income_4q": null,
            "revenue": 27687137,
            "revenue_4q": null,
            "common_shares": 32414155,
            "book_valuer_per_share": 26.03,
            "book_valuer_per_share_4q_avg": 25.23,
            "equity": 85023847,
            "current_ratio": 158.23,
            "debt_ratio": 52.86,
            "inventory_turnover_ratio": 1.1,
            "account_receivable_turnover_ratio": 2.09,
            "reinvestment_rate": -0.21,
            "research_to_sale_ratio": 4.85,
            "price_fair": 10.43,
            "eps_avg_yearly": 3.48,
            "eps_latest_yearly": 1.48,
            "eps_growth_yearly": -17.67
        },
        "20182": {
            "year_quarter": 20182,
            "year": 2018,
            "quarter": 2,
            "eps": 0.42,
            "eps_growth_year": -20.75,
            "eps_4q": 1.38,
            "eps_4q_growth_year": -49.41,
            "roe": 1.68,
            "roe_4q": 5.489999999999999,
            "gross_profit": 6559640,
            "gross_margin": 23.25,
            "gross_margin_4q_avg": 22.5,
            "net_income": 1388073,
            "net_income_4q": null,
            "revenue": 28209200,
            "revenue_4q": null,
            "common_shares": 32414155,
            "book_valuer_per_share": 24.5,
            "book_valuer_per_share_4q_avg": 25.24,
            "equity": 80063425,
            "current_ratio": 139.82,
            "debt_ratio": 56.56,
            "inventory_turnover_ratio": 1.12,
            "account_receivable_turnover_ratio": 2,
            "reinvestment_rate": 2.72,
            "research_to_sale_ratio": 4.97,
            "price_fair": 9.96,
            "eps_avg_yearly": 3.32,
            "eps_latest_yearly": 1.68,
            "eps_growth_yearly": -12.52
        },
        "20183": {
            "year_quarter": 20183,
            "year": 2018,
            "quarter": 3,
            "eps": 0.13,
            "eps_growth_year": -60.61,
            "eps_4q": 1.19,
            "eps_4q_growth_year": -44.34,
            "roe": 0.56,
            "roe_4q": 4.75,
            "gross_profit": 5901646,
            "gross_margin": 21.43,
            "gross_margin_4q_avg": 22.75,
            "net_income": 442955,
            "net_income_4q": null,
            "revenue": 27543701,
            "revenue_4q": null,
            "common_shares": 32414155,
            "book_valuer_per_share": 24.11,
            "book_valuer_per_share_4q_avg": 25,
            "equity": 78766449,
            "current_ratio": 136.77,
            "debt_ratio": 54.37,
            "inventory_turnover_ratio": 1.17,
            "account_receivable_turnover_ratio": 2.03,
            "reinvestment_rate": -10.19,
            "research_to_sale_ratio": 4.54,
            "price_fair": 8.99,
            "eps_avg_yearly": 3,
            "eps_latest_yearly": 0.52,
            "eps_growth_yearly": -38.83
        },
        "20184": {
            "year_quarter": 20184,
            "year": 2018,
            "quarter": 4,
            "eps": 0.16,
            "eps_growth_year": -39.9,
            "eps_4q": 1.09,
            "eps_4q_growth_year": -36.48,
            "roe": 0.66,
            "roe_4q": 4.36,
            "gross_profit": 5297537,
            "gross_margin": 20.55,
            "gross_margin_4q_avg": 22.24,
            "net_income": 521144,
            "net_income_4q": null,
            "revenue": 25781171,
            "revenue_4q": null,
            "common_shares": 32414155,
            "book_valuer_per_share": 24.43,
            "book_valuer_per_share_4q_avg": 24.77,
            "equity": 79818006,
            "current_ratio": 141.67,
            "debt_ratio": 54.33,
            "inventory_turnover_ratio": 1.11,
            "account_receivable_turnover_ratio": 2.01,
            "reinvestment_rate": -17.83,
            "research_to_sale_ratio": 5.18,
            "price_fair": 8.11,
            "eps_avg_yearly": 2.7,
            "eps_latest_yearly": 0.64,
            "eps_growth_yearly": -31.31
        },
        "20191": {
            "year_quarter": 20191,
            "year": 2019,
            "quarter": 1,
            "eps": 0.32,
            "eps_growth_year": -13.51,
            "eps_4q": 1.03,
            "eps_4q_growth_year": -30.67,
            "roe": 1.3,
            "roe_4q": 4.2,
            "gross_profit": 5792338,
            "gross_margin": 21.61,
            "gross_margin_4q_avg": 21.71,
            "net_income": 1054270,
            "net_income_4q": null,
            "revenue": 26800257,
            "revenue_4q": null,
            "common_shares": 32414155,
            "book_valuer_per_share": 25.21,
            "book_valuer_per_share_4q_avg": 24.56,
            "equity": 82347879,
            "current_ratio": 143.35,
            "debt_ratio": 52.87,
            "inventory_turnover_ratio": 1.11,
            "account_receivable_turnover_ratio": 2.12,
            "reinvestment_rate": -14.65,
            "research_to_sale_ratio": 4.8,
            "price_fair": 7.59,
            "eps_avg_yearly": 2.53,
            "eps_latest_yearly": 1.28,
            "eps_growth_yearly": -0.3
        },
        "20192": {
            "year_quarter": 20192,
            "year": 2019,
            "quarter": 2,
            "eps": 0.52,
            "eps_growth_year": 23.81,
            "eps_4q": 1.13,
            "eps_4q_growth_year": -18.08,
            "roe": 2.11,
            "roe_4q": 4.630000000000001,
            "gross_profit": 6659983,
            "gross_margin": 23.4,
            "gross_margin_4q_avg": 21.75,
            "net_income": 1713508,
            "net_income_4q": null,
            "revenue": 28455523,
            "revenue_4q": null,
            "common_shares": 32414155,
            "book_valuer_per_share": 24.51,
            "book_valuer_per_share_4q_avg": 24.57,
            "equity": 80029139,
            "current_ratio": 125.59,
            "debt_ratio": 53.6,
            "inventory_turnover_ratio": 1.18,
            "account_receivable_turnover_ratio": 2.22,
            "reinvestment_rate": -10.41,
            "research_to_sale_ratio": 4.35,
            "price_fair": 61.64,
            "eps_avg_yearly": 2.41,
            "eps_latest_yearly": 2.08,
            "eps_growth_yearly": 15.58
        },
        "20193": {
            "year_quarter": 20193,
            "year": 2019,
            "quarter": 3,
            "eps": 0.09,
            "eps_growth_year": -30.77,
            "eps_4q": 1.09,
            "eps_4q_growth_year": -8.26,
            "roe": 0.38,
            "roe_4q": 4.45,
            "gross_profit": 5852376,
            "gross_margin": 21.18,
            "gross_margin_4q_avg": 21.69,
            "net_income": 298154,
            "net_income_4q": null,
            "revenue": 27631531,
            "revenue_4q": null,
            "common_shares": 32414155,
            "book_valuer_per_share": 23.99,
            "book_valuer_per_share_4q_avg": 24.54,
            "equity": 78336236,
            "current_ratio": 130.73,
            "debt_ratio": 52.98,
            "inventory_turnover_ratio": 1.21,
            "account_receivable_turnover_ratio": 2.11,
            "reinvestment_rate": -34.43,
            "research_to_sale_ratio": 4.45,
            "price_fair": 6.59,
            "eps_avg_yearly": 2.2,
            "eps_latest_yearly": 0.36,
            "eps_growth_yearly": -3.6
        },
        "20194": {
            "year_quarter": 20194,
            "year": 2019,
            "quarter": 4,
            "eps": 0.13,
            "eps_growth_year": -14.31,
            "eps_4q": 1.07,
            "eps_4q_growth_year": -1.52,
            "roe": 0.58,
            "roe_4q": 4.37,
            "gross_profit": 5654836,
            "gross_margin": 21.24,
            "gross_margin_4q_avg": 21.86,
            "net_income": 449765,
            "net_income_4q": null,
            "revenue": 26620462,
            "revenue_4q": null,
            "common_shares": 32414155,
            "book_valuer_per_share": 23.88,
            "book_valuer_per_share_4q_avg": 24.4,
            "equity": 77970687,
            "current_ratio": 135.77,
            "debt_ratio": 52.47,
            "inventory_turnover_ratio": 1.18,
            "account_receivable_turnover_ratio": 2.04,
            "reinvestment_rate": -41.39,
            "research_to_sale_ratio": 5.24,
            "price_fair": 32.08,
            "eps_avg_yearly": 1.98,
            "eps_latest_yearly": 0.52,
            "eps_growth_yearly": 6.18
        },
        "20201": {
            "year_quarter": 20201,
            "year": 2020,
            "quarter": 1,
            "eps": -0.61,
            "eps_growth_year": -290.62,
            "eps_4q": 0.13,
            "eps_4q_growth_year": -87.15,
            "roe": -2.6,
            "roe_4q": 0.46999999999999975,
            "gross_profit": 3538980,
            "gross_margin": 18.1,
            "gross_margin_4q_avg": 20.98,
            "net_income": -1983790,
            "net_income_4q": null,
            "revenue": 19550044,
            "revenue_4q": null,
            "common_shares": 32414155,
            "book_valuer_per_share": 22.94,
            "book_valuer_per_share_4q_avg": 23.83,
            "equity": 74925271,
            "current_ratio": 139.29,
            "debt_ratio": 51.91,
            "inventory_turnover_ratio": 0.93,
            "account_receivable_turnover_ratio": 1.65,
            "reinvestment_rate": -71.42,
            "research_to_sale_ratio": 5.42,
            "price_fair": 5.35,
            "eps_avg_yearly": 1.78,
            "eps_latest_yearly": 0.52,
            "eps_growth_yearly": -0.14
        },
        "20202": {
            "year_quarter": 20202,
            "year": 2020,
            "quarter": 2,
            "eps": 0.7,
            "eps_growth_year": 34.62,
            "eps_4q": 0.31,
            "eps_4q_growth_year": -72.86,
            "roe": 3.07,
            "roe_4q": 1.4299999999999997,
            "gross_profit": 5121253,
            "gross_margin": 23.25,
            "gross_margin_4q_avg": 20.94,
            "net_income": 2273296,
            "net_income_4q": null,
            "revenue": 22028770,
            "revenue_4q": null,
            "common_shares": 32414155,
            "book_valuer_per_share": 22.42,
            "book_valuer_per_share_4q_avg": 23.31,
            "equity": 73242186,
            "current_ratio": 142.07,
            "debt_ratio": 52.26,
            "inventory_turnover_ratio": 1.04,
            "account_receivable_turnover_ratio": 2.17,
            "reinvestment_rate": -76.61,
            "research_to_sale_ratio": 5.23,
            "price_fair": 15.6,
            "eps_avg_yearly": 1.56,
            "eps_latest_yearly": 0.52,
            "eps_growth_yearly": 0.08
        },
        "20203": {
            "year_quarter": 20203,
            "year": 2020,
            "quarter": 3,
            "eps": 0.78,
            "eps_growth_year": 766.67,
            "eps_4q": 1,
            "eps_4q_growth_year": -8.04,
            "roe": 3.4,
            "roe_4q": 4.449999999999999,
            "gross_profit": 7730269,
            "gross_margin": 27.68,
            "gross_margin_4q_avg": 22.57,
            "net_income": 2544668,
            "net_income_4q": null,
            "revenue": 27927586,
            "revenue_4q": null,
            "common_shares": 32414155,
            "book_valuer_per_share": 23.39,
            "book_valuer_per_share_4q_avg": 23.16,
            "equity": 76353890,
            "current_ratio": 141.09,
            "debt_ratio": 49.03,
            "inventory_turnover_ratio": 1.34,
            "account_receivable_turnover_ratio": 2.64,
            "reinvestment_rate": -72.79,
            "research_to_sale_ratio": 4.31,
            "price_fair": 31.23,
            "eps_avg_yearly": 1.52,
            "eps_latest_yearly": 3.12,
            "eps_growth_yearly": 10.55
        },
        "20204": {
            "year_quarter": 20204,
            "year": 2020,
            "quarter": 4,
            "eps": 0.98,
            "eps_growth_year": 626.44,
            "eps_4q": 1.85,
            "eps_4q_growth_year": 72.74,
            "roe": 4.03,
            "roe_4q": 7.9,
            "gross_profit": 7598148,
            "gross_margin": 28.45,
            "gross_margin_4q_avg": 24.37,
            "net_income": 3167029,
            "net_income_4q": null,
            "revenue": 26702656,
            "revenue_4q": null,
            "common_shares": 32414155,
            "book_valuer_per_share": 24.82,
            "book_valuer_per_share_4q_avg": 23.39,
            "equity": 80975281,
            "current_ratio": 153.81,
            "debt_ratio": 46.49,
            "inventory_turnover_ratio": 1.2,
            "account_receivable_turnover_ratio": 2.06,
            "reinvestment_rate": -73.83,
            "research_to_sale_ratio": 4.35,
            "price_fair": 56.1,
            "eps_avg_yearly": 1.6,
            "eps_latest_yearly": 3.92,
            "eps_growth_yearly": 25.02
        },
        "20211": {
            "year_quarter": 20211,
            "year": 2021,
            "quarter": 1,
            "eps": 0.56,
            "eps_growth_year": null,
            "eps_4q": 3.02,
            "eps_4q_growth_year": 2173.22,
            "roe": 2.23,
            "roe_4q": 12.73,
            "gross_profit": 6973999,
            "gross_margin": 25.3,
            "gross_margin_4q_avg": 26.17,
            "net_income": 1820065,
            "net_income_4q": null,
            "revenue": 27566210,
            "revenue_4q": null,
            "common_shares": 32414155,
            "book_valuer_per_share": 25.2,
            "book_valuer_per_share_4q_avg": 23.96,
            "equity": 82237383,
            "current_ratio": 162.77,
            "debt_ratio": 44.44,
            "inventory_turnover_ratio": 1.14,
            "account_receivable_turnover_ratio": 1.99,
            "reinvestment_rate": -75.12,
            "research_to_sale_ratio": 4.12,
            "price_fair": 42.91,
            "eps_avg_yearly": 1.59,
            "eps_latest_yearly": 2.24,
            "eps_growth_yearly": 16.91
        },
        "20212": {
            "year_quarter": 20212,
            "year": 2021,
            "quarter": 2,
            "eps": 0.49,
            "eps_growth_year": -30,
            "eps_4q": 2.81,
            "eps_4q_growth_year": 813.48,
            "roe": 1.94,
            "roe_4q": 11.6,
            "gross_profit": 5785422,
            "gross_margin": 22.66,
            "gross_margin_4q_avg": 26.02,
            "net_income": 1602105,
            "net_income_4q": null,
            "revenue": 25528918,
            "revenue_4q": null,
            "common_shares": 32414155,
            "book_valuer_per_share": 25.51,
            "book_valuer_per_share_4q_avg": 24.73,
            "equity": 83239135,
            "current_ratio": 171.05,
            "debt_ratio": 43.75,
            "inventory_turnover_ratio": 1.01,
            "account_receivable_turnover_ratio": 1.9,
            "reinvestment_rate": -104.7,
            "research_to_sale_ratio": 4.28,
            "price_fair": 41.55,
            "eps_avg_yearly": 1.58,
            "eps_latest_yearly": 1.96,
            "eps_growth_yearly": 16.25
        },
        "20213": {
            "year_quarter": 20213,
            "year": 2021,
            "quarter": 3,
            "eps": 0.29,
            "eps_growth_year": -62.82,
            "eps_4q": 2.32,
            "eps_4q_growth_year": 131.06,
            "roe": 1.17,
            "roe_4q": 9.370000000000001,
            "gross_profit": 4811722,
            "gross_margin": 19.83,
            "gross_margin_4q_avg": 24.06,
            "net_income": 953027,
            "net_income_4q": null,
            "revenue": 24265223,
            "revenue_4q": null,
            "common_shares": 32414155,
            "book_valuer_per_share": 24.5,
            "book_valuer_per_share_4q_avg": 25.01,
            "equity": 79958528,
            "current_ratio": 161.98,
            "debt_ratio": 45.11,
            "inventory_turnover_ratio": 0.95,
            "account_receivable_turnover_ratio": 1.83,
            "reinvestment_rate": -121.36,
            "research_to_sale_ratio": 4.42,
            "price_fair": 39.86,
            "eps_avg_yearly": 1.57,
            "eps_latest_yearly": 1.16,
            "eps_growth_yearly": 15.37
        },
        "20214": {
            "year_quarter": 20214,
            "year": 2021,
            "quarter": 4,
            "eps": 0.28,
            "eps_growth_year": -71.03,
            "eps_4q": 1.63,
            "eps_4q_growth_year": -12,
            "roe": 1.14,
            "roe_4q": 6.48,
            "gross_profit": 4816176,
            "gross_margin": 19.92,
            "gross_margin_4q_avg": 21.93,
            "net_income": 919653,
            "net_income_4q": null,
            "revenue": 24176610,
            "revenue_4q": null,
            "common_shares": 32414155,
            "book_valuer_per_share": 24.96,
            "book_valuer_per_share_4q_avg": 25.04,
            "equity": 81477368,
            "current_ratio": 169.25,
            "debt_ratio": 45.58,
            "inventory_turnover_ratio": 0.96,
            "account_receivable_turnover_ratio": 1.92,
            "reinvestment_rate": -129.1,
            "research_to_sale_ratio": 4.36,
            "price_fair": 48.01,
            "eps_avg_yearly": 1.58,
            "eps_latest_yearly": 1.12,
            "eps_growth_yearly": 20.44
        },
        "20221": {
            "year_quarter": 20221,
            "year": 2022,
            "quarter": 1,
            "eps": 0.42,
            "eps_growth_year": -25,
            "eps_4q": 1.49,
            "eps_4q_growth_year": -50.66,
            "roe": 1.65,
            "roe_4q": 5.9,
            "gross_profit": 5156751,
            "gross_margin": 20.81,
            "gross_margin_4q_avg": 20.81,
            "net_income": 1375958,
            "net_income_4q": null,
            "revenue": 24777953,
            "revenue_4q": null,
            "common_shares": 32414155,
            "book_valuer_per_share": 26.15,
            "book_valuer_per_share_4q_avg": 25.28,
            "equity": 85329995,
            "current_ratio": 195.27,
            "debt_ratio": 43.21,
            "inventory_turnover_ratio": 0.96,
            "account_receivable_turnover_ratio": 1.98,
            "reinvestment_rate": -130.32,
            "research_to_sale_ratio": 4.28,
            "price_fair": 51.95,
            "eps_avg_yearly": 1.59,
            "eps_latest_yearly": 1.68,
            "eps_growth_yearly": 22.64
        },
        "20222": {
            "year_quarter": 20222,
            "year": 2022,
            "quarter": 2,
            "eps": 0.35,
            "eps_growth_year": -28.57,
            "eps_4q": 1.35,
            "eps_4q_growth_year": -51.82,
            "roe": 1.39,
            "roe_4q": 5.35,
            "gross_profit": 5226013,
            "gross_margin": 21.72,
            "gross_margin_4q_avg": 20.57,
            "net_income": 1158318,
            "net_income_4q": null,
            "revenue": 24058036,
            "revenue_4q": null,
            "common_shares": 32414155,
            "book_valuer_per_share": 25.04,
            "book_valuer_per_share_4q_avg": 25.16,
            "equity": 81739398,
            "current_ratio": 176.85,
            "debt_ratio": 44.91,
            "inventory_turnover_ratio": 0.9,
            "account_receivable_turnover_ratio": 1.88,
            "reinvestment_rate": -143.75,
            "research_to_sale_ratio": 4.15,
            "price_fair": 37.74,
            "eps_avg_yearly": 1.57,
            "eps_latest_yearly": 1.4,
            "eps_growth_yearly": 14.02
        },
        "20223": {
            "year_quarter": 20223,
            "year": 2022,
            "quarter": 3,
            "eps": 0.47,
            "eps_growth_year": 62.07,
            "eps_4q": 1.53,
            "eps_4q_growth_year": -34.18,
            "roe": 1.84,
            "roe_4q": 6.02,
            "gross_profit": 5593099,
            "gross_margin": 20.85,
            "gross_margin_4q_avg": 20.83,
            "net_income": 1526689,
            "net_income_4q": null,
            "revenue": 26826804,
            "revenue_4q": null,
            "common_shares": 32414155,
            "book_valuer_per_share": 25.71,
            "book_valuer_per_share_4q_avg": 25.47,
            "equity": 83909938,
            "current_ratio": 186.54,
            "debt_ratio": 43.08,
            "inventory_turnover_ratio": 1,
            "account_receivable_turnover_ratio": 1.99,
            "reinvestment_rate": -127.5,
            "research_to_sale_ratio": 3.66,
            "price_fair": 58.4,
            "eps_avg_yearly": 1.67,
            "eps_latest_yearly": 1.88,
            "eps_growth_yearly": 43.54
        },
        "20224": {
            "year_quarter": 20224,
            "year": 2022,
            "quarter": 4,
            "eps": 0.29,
            "eps_growth_year": 1.14,
            "eps_4q": 1.53,
            "eps_4q_growth_year": -5.86,
            "roe": 1.11,
            "roe_4q": 5.99,
            "gross_profit": 5007304,
            "gross_margin": 21.81,
            "gross_margin_4q_avg": 21.3,
            "net_income": 931295,
            "net_income_4q": null,
            "revenue": 22960084,
            "revenue_4q": null,
            "common_shares": 32414155,
            "book_valuer_per_share": 25.86,
            "book_valuer_per_share_4q_avg": 25.69,
            "equity": 84386815,
            "current_ratio": 197.27,
            "debt_ratio": 42.15,
            "inventory_turnover_ratio": 0.85,
            "account_receivable_turnover_ratio": 1.68,
            "reinvestment_rate": -140.65,
            "research_to_sale_ratio": 3.92,
            "price_fair": 59.7,
            "eps_avg_yearly": 1.71,
            "eps_latest_yearly": 1.16,
            "eps_growth_yearly": 26.01
        },
        "20231": {
            "year_quarter": 20231,
            "year": 2023,
            "quarter": 1,
            "eps": 0.49,
            "eps_growth_year": 16.67,
            "eps_4q": 1.6,
            "eps_4q_growth_year": 7.03,
            "roe": 1.9,
            "roe_4q": 6.239999999999999,
            "gross_profit": 5024677,
            "gross_margin": 21.36,
            "gross_margin_4q_avg": 21.44,
            "net_income": 1581788,
            "net_income_4q": null,
            "revenue": 23528645,
            "revenue_4q": null,
            "common_shares": 32414155,
            "book_valuer_per_share": 25.03,
            "book_valuer_per_share_4q_avg": 25.41,
            "equity": 81719383,
            "current_ratio": 191.22,
            "debt_ratio": 43.7,
            "inventory_turnover_ratio": 0.92,
            "account_receivable_turnover_ratio": 1.69,
            "reinvestment_rate": -147.06,
            "research_to_sale_ratio": 4.02,
            "price_fair": 47.61,
            "eps_avg_yearly": 1.75,
            "eps_latest_yearly": 1.96,
            "eps_growth_yearly": 17.14
        },
        "20232": {
            "year_quarter": 20232,
            "year": 2023,
            "quarter": 2,
            "eps": 0.64,
            "eps_growth_year": 82.86,
            "eps_4q": 1.88,
            "eps_4q_growth_year": 38.91,
            "roe": 2.56,
            "roe_4q": 7.41,
            "gross_profit": 5928610,
            "gross_margin": 24.08,
            "gross_margin_4q_avg": 22.03,
            "net_income": 2092389,
            "net_income_4q": null,
            "revenue": 24623334,
            "revenue_4q": null,
            "common_shares": 32414155,
            "book_valuer_per_share": 25.11,
            "book_valuer_per_share_4q_avg": 25.43,
            "equity": 81961222,
            "current_ratio": 213.35,
            "debt_ratio": 42.3,
            "inventory_turnover_ratio": 1.03,
            "account_receivable_turnover_ratio": 1.64,
            "reinvestment_rate": -154.22,
            "research_to_sale_ratio": 3.89,
            "price_fair": 32.24,
            "eps_avg_yearly": 1.79,
            "eps_latest_yearly": 2.56,
            "eps_growth_yearly": 8.03
        },
        "20233": {
            "year_quarter": 20233,
            "year": 2023,
            "quarter": 3,
            "eps": 0.61,
            "eps_growth_year": 29.79,
            "eps_4q": 2.02,
            "eps_4q_growth_year": 32.53,
            "roe": 2.35,
            "roe_4q": 7.920000000000001,
            "gross_profit": 6452961,
            "gross_margin": 25.47,
            "gross_margin_4q_avg": 23.18,
            "net_income": 1971903,
            "net_income_4q": null,
            "revenue": 25332601,
            "revenue_4q": null,
            "common_shares": 32414155,
            "book_valuer_per_share": 26.29,
            "book_valuer_per_share_4q_avg": 25.57,
            "equity": 85776663,
            "current_ratio": 312.55,
            "debt_ratio": 40.44,
            "inventory_turnover_ratio": 1.13,
            "account_receivable_turnover_ratio": 1.64,
            "reinvestment_rate": -128.71,
            "research_to_sale_ratio": 3.77,
            "price_fair": 67.8,
            "eps_avg_yearly": 1.94,
            "eps_latest_yearly": 2.44,
            "eps_growth_yearly": 30.32
        }
    },
    "months": {
        "2001-06": {
            "month": "2001-06",
            "price": "21.62",
            "revenue": 650233
        },
        "2001-07": {
            "month": "2001-07",
            "price": "18.68",
            "revenue": 600985
        },
        "2001-08": {
            "month": "2001-08",
            "price": "18.09",
            "revenue": 660433
        },
        "2001-09": {
            "month": "2001-09",
            "price": "18.71",
            "revenue": 563215
        },
        "2001-10": {
            "month": "2001-10",
            "price": "18.49",
            "revenue": 689694
        },
        "2001-11": {
            "month": "2001-11",
            "price": "20.40",
            "revenue": 648570
        },
        "2001-12": {
            "month": "2001-12",
            "price": "21.69",
            "revenue": 690856
        },
        "2002-01": {
            "month": "2002-01",
            "price": "22.68",
            "revenue": 651375
        },
        "2002-02": {
            "month": "2002-02",
            "price": "23.82",
            "revenue": 562701
        },
        "2002-03": {
            "month": "2002-03",
            "price": "24.89",
            "revenue": 843584
        },
        "2002-04": {
            "month": "2002-04",
            "price": "25.06",
            "revenue": 756265
        },
        "2002-05": {
            "month": "2002-05",
            "price": "30.77",
            "revenue": 864459
        },
        "2002-06": {
            "month": "2002-06",
            "price": "33.98",
            "revenue": 788165
        },
        "2002-07": {
            "month": "2002-07",
            "price": "34.03",
            "revenue": 789317
        },
        "2002-08": {
            "month": "2002-08",
            "price": "39.27",
            "revenue": 787368
        },
        "2002-09": {
            "month": "2002-09",
            "price": "37.60",
            "revenue": 782707
        },
        "2002-10": {
            "month": "2002-10",
            "price": "39.41",
            "revenue": 833926
        },
        "2002-11": {
            "month": "2002-11",
            "price": "41.90",
            "revenue": 821136
        },
        "2002-12": {
            "month": "2002-12",
            "price": "43.68",
            "revenue": 842334
        },
        "2003-01": {
            "month": "2003-01",
            "price": "45.88",
            "revenue": 881414
        },
        "2003-02": {
            "month": "2003-02",
            "price": "44.85",
            "revenue": 626840
        },
        "2003-03": {
            "month": "2003-03",
            "price": "47.24",
            "revenue": 890891
        },
        "2003-04": {
            "month": "2003-04",
            "price": "44.38",
            "revenue": 950273
        },
        "2003-05": {
            "month": "2003-05",
            "price": "42.74",
            "revenue": 955051
        },
        "2003-06": {
            "month": "2003-06",
            "price": "43.74",
            "revenue": 951956
        },
        "2003-07": {
            "month": "2003-07",
            "price": "42.80",
            "revenue": 928895
        },
        "2003-08": {
            "month": "2003-08",
            "price": "42.84",
            "revenue": 907321
        },
        "2003-09": {
            "month": "2003-09",
            "price": "43.09",
            "revenue": 975360
        },
        "2003-10": {
            "month": "2003-10",
            "price": "47.53",
            "revenue": 1091361
        },
        "2003-11": {
            "month": "2003-11",
            "price": "47.26",
            "revenue": 963753
        },
        "2003-12": {
            "month": "2003-12",
            "price": "44.32",
            "revenue": 1173189
        },
        "2004-01": {
            "month": "2004-01",
            "price": "44.39",
            "revenue": 994370
        },
        "2004-02": {
            "month": "2004-02",
            "price": "47.25",
            "revenue": 1012162
        },
        "2004-03": {
            "month": "2004-03",
            "price": "48.02",
            "revenue": 1129490
        },
        "2004-04": {
            "month": "2004-04",
            "price": "46.50",
            "revenue": 1190198
        },
        "2004-05": {
            "month": "2004-05",
            "price": "41.87",
            "revenue": 1015739
        },
        "2004-06": {
            "month": "2004-06",
            "price": "41.59",
            "revenue": 1130843
        },
        "2004-07": {
            "month": "2004-07",
            "price": "43.70",
            "revenue": 1103237
        },
        "2004-08": {
            "month": "2004-08",
            "price": "43.22",
            "revenue": 1100299
        },
        "2004-09": {
            "month": "2004-09",
            "price": "42.89",
            "revenue": 1252008
        },
        "2004-10": {
            "month": "2004-10",
            "price": "41.26",
            "revenue": 1173643
        },
        "2004-11": {
            "month": "2004-11",
            "price": "39.10",
            "revenue": 1070292
        },
        "2004-12": {
            "month": "2004-12",
            "price": "40.26",
            "revenue": 1349609
        },
        "2005-01": {
            "month": "2005-01",
            "price": "39.13",
            "revenue": 1084608
        },
        "2005-02": {
            "month": "2005-02",
            "price": "38.39",
            "revenue": 776681
        },
        "2005-03": {
            "month": "2005-03",
            "price": "38.85",
            "revenue": 1200200
        },
        "2005-04": {
            "month": "2005-04",
            "price": "36.12",
            "revenue": 1136599
        },
        "2005-05": {
            "month": "2005-05",
            "price": "35.35",
            "revenue": 1032859
        },
        "2005-06": {
            "month": "2005-06",
            "price": "35.92",
            "revenue": 1219070
        },
        "2005-07": {
            "month": "2005-07",
            "price": "34.98",
            "revenue": 1015937
        },
        "2005-08": {
            "month": "2005-08",
            "price": "32.28",
            "revenue": 1078917
        },
        "2005-09": {
            "month": "2005-09",
            "price": "26.94",
            "revenue": 1146918
        },
        "2005-10": {
            "month": "2005-10",
            "price": "26.36",
            "revenue": 1005853
        },
        "2005-11": {
            "month": "2005-11",
            "price": "24.28",
            "revenue": 1154489
        },
        "2005-12": {
            "month": "2005-12",
            "price": "28.65",
            "revenue": 1279007
        },
        "2006-01": {
            "month": "2006-01",
            "price": "26.76",
            "revenue": 1017893
        },
        "2006-02": {
            "month": "2006-02",
            "price": "24.54",
            "revenue": 844965
        },
        "2006-03": {
            "month": "2006-03",
            "price": "23.90",
            "revenue": 1362072
        },
        "2006-04": {
            "month": "2006-04",
            "price": "24.61",
            "revenue": 1027602
        },
        "2006-05": {
            "month": "2006-05",
            "price": "28.27",
            "revenue": 1059976
        },
        "2006-06": {
            "month": "2006-06",
            "price": "26.83",
            "revenue": 1279961
        },
        "2006-07": {
            "month": "2006-07",
            "price": "26.77",
            "revenue": 1004360
        },
        "2006-08": {
            "month": "2006-08",
            "price": "27.26",
            "revenue": 1204666
        },
        "2006-09": {
            "month": "2006-09",
            "price": "29.97",
            "revenue": 1090342
        },
        "2006-10": {
            "month": "2006-10",
            "price": "34.45",
            "revenue": 1049266
        },
        "2006-11": {
            "month": "2006-11",
            "price": "33.57",
            "revenue": 1175001
        },
        "2006-12": {
            "month": "2006-12",
            "price": "33.35",
            "revenue": 1392513
        },
        "2007-01": {
            "month": "2007-01",
            "price": "32.24",
            "revenue": 1126629
        },
        "2007-02": {
            "month": "2007-02",
            "price": "32.24",
            "revenue": 979630
        },
        "2007-03": {
            "month": "2007-03",
            "price": "29.87",
            "revenue": 1559627
        },
        "2007-04": {
            "month": "2007-04",
            "price": "32.58",
            "revenue": 1366489
        },
        "2007-05": {
            "month": "2007-05",
            "price": "34.96",
            "revenue": 1519820
        },
        "2007-06": {
            "month": "2007-06",
            "price": "39.56",
            "revenue": 1439703
        },
        "2007-07": {
            "month": "2007-07",
            "price": "50.99",
            "revenue": 1267991
        },
        "2007-08": {
            "month": "2007-08",
            "price": "55.54",
            "revenue": 1574944
        },
        "2007-09": {
            "month": "2007-09",
            "price": "67.14",
            "revenue": 1352679
        },
        "2007-10": {
            "month": "2007-10",
            "price": "68.68",
            "revenue": 1436486
        },
        "2007-11": {
            "month": "2007-11",
            "price": "56.23",
            "revenue": 1479967
        },
        "2007-12": {
            "month": "2007-12",
            "price": "51.26",
            "revenue": 1562081
        },
        "2008-01": {
            "month": "2008-01",
            "price": "51.44",
            "revenue": 1425093
        },
        "2008-02": {
            "month": "2008-02",
            "price": "53.13",
            "revenue": 1203557
        },
        "2008-03": {
            "month": "2008-03",
            "price": "59.74",
            "revenue": 1483475
        },
        "2008-04": {
            "month": "2008-04",
            "price": "59.48",
            "revenue": 1551443
        },
        "2008-05": {
            "month": "2008-05",
            "price": "57.10",
            "revenue": 1524324
        },
        "2008-06": {
            "month": "2008-06",
            "price": "47.08",
            "revenue": 1602349
        },
        "2008-07": {
            "month": "2008-07",
            "price": "43.69",
            "revenue": 1477636
        },
        "2008-08": {
            "month": "2008-08",
            "price": "42.09",
            "revenue": 1592962
        },
        "2008-09": {
            "month": "2008-09",
            "price": "40.43",
            "revenue": 1483722
        },
        "2008-10": {
            "month": "2008-10",
            "price": "35.62",
            "revenue": 1710953
        },
        "2008-11": {
            "month": "2008-11",
            "price": "31.08",
            "revenue": 1270957
        },
        "2008-12": {
            "month": "2008-12",
            "price": "29.33",
            "revenue": 1499360
        },
        "2009-01": {
            "month": "2009-01",
            "price": "26.54",
            "revenue": 829406
        },
        "2009-02": {
            "month": "2009-02",
            "price": "27.12",
            "revenue": 1139646
        },
        "2009-03": {
            "month": "2009-03",
            "price": "31.40",
            "revenue": 1286595
        },
        "2009-04": {
            "month": "2009-04",
            "price": "41.09",
            "revenue": 1370553
        },
        "2009-05": {
            "month": "2009-05",
            "price": "52.38",
            "revenue": 1316980
        },
        "2009-06": {
            "month": "2009-06",
            "price": "52.79",
            "revenue": 1515105
        },
        "2009-07": {
            "month": "2009-07",
            "price": "59.46",
            "revenue": 1350657
        },
        "2009-08": {
            "month": "2009-08",
            "price": "58.02",
            "revenue": 1404843
        },
        "2009-09": {
            "month": "2009-09",
            "price": "67.66",
            "revenue": 1477647
        },
        "2009-10": {
            "month": "2009-10",
            "price": "67.92",
            "revenue": 1592716
        },
        "2009-11": {
            "month": "2009-11",
            "price": "72.46",
            "revenue": 1514542
        },
        "2009-12": {
            "month": "2009-12",
            "price": "72.07",
            "revenue": 1928641
        },
        "2010-01": {
            "month": "2010-01",
            "price": "67.32",
            "revenue": 1441086
        },
        "2010-02": {
            "month": "2010-02",
            "price": "61.21",
            "revenue": 1198864
        },
        "2010-03": {
            "month": "2010-03",
            "price": "65.87",
            "revenue": 1786215
        },
        "2010-04": {
            "month": "2010-04",
            "price": "68.10",
            "revenue": 1877877
        },
        "2010-05": {
            "month": "2010-05",
            "price": "67.21",
            "revenue": 1661054
        },
        "2010-06": {
            "month": "2010-06",
            "price": "66.15",
            "revenue": 1968018
        },
        "2010-07": {
            "month": "2010-07",
            "price": "71.97",
            "revenue": 1667655
        },
        "2010-08": {
            "month": "2010-08",
            "price": "69.79",
            "revenue": 1755025
        },
        "2010-09": {
            "month": "2010-09",
            "price": "68.42",
            "revenue": 1806967
        },
        "2010-10": {
            "month": "2010-10",
            "price": "70.43",
            "revenue": 1824383
        },
        "2010-11": {
            "month": "2010-11",
            "price": "66.56",
            "revenue": 1764659
        },
        "2010-12": {
            "month": "2010-12",
            "price": "66.24",
            "revenue": 2175023
        },
        "2011-01": {
            "month": "2011-01",
            "price": "65.19",
            "revenue": 1738836
        },
        "2011-02": {
            "month": "2011-02",
            "price": "61.68",
            "revenue": 1283174
        },
        "2011-03": {
            "month": "2011-03",
            "price": "65.33",
            "revenue": 2342013
        },
        "2011-04": {
            "month": "2011-04",
            "price": "70.23",
            "revenue": 2032845
        },
        "2011-05": {
            "month": "2011-05",
            "price": "78.32",
            "revenue": 2023344
        },
        "2011-06": {
            "month": "2011-06",
            "price": "80.10",
            "revenue": 2293302
        },
        "2011-07": {
            "month": "2011-07",
            "price": "86.84",
            "revenue": 1704323
        },
        "2011-08": {
            "month": "2011-08",
            "price": "68.01",
            "revenue": 2158867
        },
        "2011-09": {
            "month": "2011-09",
            "price": "67.28",
            "revenue": 2288278
        },
        "2011-10": {
            "month": "2011-10",
            "price": "67.58",
            "revenue": 2098193
        },
        "2011-11": {
            "month": "2011-11",
            "price": "65.94",
            "revenue": 2072142
        },
        "2011-12": {
            "month": "2011-12",
            "price": "65.30",
            "revenue": 2425335
        },
        "2012-01": {
            "month": "2012-01",
            "price": "67.07",
            "revenue": 1391116
        },
        "2012-02": {
            "month": "2012-02",
            "price": "68.18",
            "revenue": 2117140
        },
        "2012-03": {
            "month": "2012-03",
            "price": "71.46",
            "revenue": 2418048
        },
        "2012-04": {
            "month": "2012-04",
            "price": "69.66",
            "revenue": 2111664
        },
        "2012-05": {
            "month": "2012-05",
            "price": "72.40",
            "revenue": 2285436
        },
        "2012-06": {
            "month": "2012-06",
            "price": "72.76",
            "revenue": 2473352
        },
        "2012-07": {
            "month": "2012-07",
            "price": "77.84",
            "revenue": 1849692
        },
        "2012-08": {
            "month": "2012-08",
            "price": "73.79",
            "revenue": 2202923
        },
        "2012-09": {
            "month": "2012-09",
            "price": "74.08",
            "revenue": 2054683
        },
        "2012-10": {
            "month": "2012-10",
            "price": "75.06",
            "revenue": 2234571
        },
        "2012-11": {
            "month": "2012-11",
            "price": "72.19",
            "revenue": 1919976
        },
        "2012-12": {
            "month": "2012-12",
            "price": "75.80",
            "revenue": 2035276
        },
        "2013-01": {
            "month": "2013-01",
            "price": "74.94",
            "revenue": 9898895
        },
        "2013-02": {
            "month": "2013-02",
            "price": "78.56",
            "revenue": 8237488
        },
        "2013-03": {
            "month": "2013-03",
            "price": "82.84",
            "revenue": 12057009
        },
        "2013-04": {
            "month": "2013-04",
            "price": "96.30",
            "revenue": 11685345
        },
        "2013-05": {
            "month": "2013-05",
            "price": "95.79",
            "revenue": 12131170
        },
        "2013-06": {
            "month": "2013-06",
            "price": "91.41",
            "revenue": 11538185
        },
        "2013-07": {
            "month": "2013-07",
            "price": "96.04",
            "revenue": 11986054
        },
        "2013-08": {
            "month": "2013-08",
            "price": "81.04",
            "revenue": 11819529
        },
        "2013-09": {
            "month": "2013-09",
            "price": "77.71",
            "revenue": 11202614
        },
        "2013-10": {
            "month": "2013-10",
            "price": "79.40",
            "revenue": 10821845
        },
        "2013-11": {
            "month": "2013-11",
            "price": "75.44",
            "revenue": 11082259
        },
        "2013-12": {
            "month": "2013-12",
            "price": "75.86",
            "revenue": 10853186
        },
        "2014-01": {
            "month": "2014-01",
            "price": "78.08",
            "revenue": 9656475
        },
        "2014-02": {
            "month": "2014-02",
            "price": "77.90",
            "revenue": 9617312
        },
        "2014-03": {
            "month": "2014-03",
            "price": "78.98",
            "revenue": 12454001
        },
        "2014-04": {
            "month": "2014-04",
            "price": "88.56",
            "revenue": 10824437
        },
        "2014-05": {
            "month": "2014-05",
            "price": "81.95",
            "revenue": 11066288
        },
        "2014-06": {
            "month": "2014-06",
            "price": "79.70",
            "revenue": 10805186
        },
        "2014-07": {
            "month": "2014-07",
            "price": "77.15",
            "revenue": 11504702
        },
        "2014-08": {
            "month": "2014-08",
            "price": "70.75",
            "revenue": 11248224
        },
        "2014-09": {
            "month": "2014-09",
            "price": "67.09",
            "revenue": 11516169
        },
        "2014-10": {
            "month": "2014-10",
            "price": "67.85",
            "revenue": 10570458
        },
        "2014-11": {
            "month": "2014-11",
            "price": "72.28",
            "revenue": 9970651
        },
        "2014-12": {
            "month": "2014-12",
            "price": "72.48",
            "revenue": 9792227
        },
        "2015-01": {
            "month": "2015-01",
            "price": "74.52",
            "revenue": 10058536
        },
        "2015-02": {
            "month": "2015-02",
            "price": "76.85",
            "revenue": 7536939
        },
        "2015-03": {
            "month": "2015-03",
            "price": "74.14",
            "revenue": 11288243
        },
        "2015-04": {
            "month": "2015-04",
            "price": "72.02",
            "revenue": 10390977
        },
        "2015-05": {
            "month": "2015-05",
            "price": "70.80",
            "revenue": 10250570
        },
        "2015-06": {
            "month": "2015-06",
            "price": "67.20",
            "revenue": 10546047
        },
        "2015-07": {
            "month": "2015-07",
            "price": "63.61",
            "revenue": 9621334
        },
        "2015-08": {
            "month": "2015-08",
            "price": "55.28",
            "revenue": 9550633
        },
        "2015-09": {
            "month": "2015-09",
            "price": "54.31",
            "revenue": 10037282
        },
        "2015-10": {
            "month": "2015-10",
            "price": "59.50",
            "revenue": 9637378
        },
        "2015-11": {
            "month": "2015-11",
            "price": "57.76",
            "revenue": 9290470
        },
        "2015-12": {
            "month": "2015-12",
            "price": "53.53",
            "revenue": 8917006
        },
        "2016-01": {
            "month": "2016-01",
            "price": "50.82",
            "revenue": 9841365
        },
        "2016-02": {
            "month": "2016-02",
            "price": "55.14",
            "revenue": 7858762
        },
        "2016-03": {
            "month": "2016-03",
            "price": "60.97",
            "revenue": 11673492
        },
        "2016-04": {
            "month": "2016-04",
            "price": "66.80",
            "revenue": 10069137
        },
        "2016-05": {
            "month": "2016-05",
            "price": "66.32",
            "revenue": 10575761
        },
        "2016-06": {
            "month": "2016-06",
            "price": "67.25",
            "revenue": 10295595
        },
        "2016-07": {
            "month": "2016-07",
            "price": "67.00",
            "revenue": 9641599
        },
        "2016-08": {
            "month": "2016-08",
            "price": "68.94",
            "revenue": 9730918
        },
        "2016-09": {
            "month": "2016-09",
            "price": "66.75",
            "revenue": 9980255
        },
        "2016-10": {
            "month": "2016-10",
            "price": "65.40",
            "revenue": 8865175
        },
        "2016-11": {
            "month": "2016-11",
            "price": "61.40",
            "revenue": 9424152
        },
        "2016-12": {
            "month": "2016-12",
            "price": "60.18",
            "revenue": 9667954
        },
        "2017-01": {
            "month": "2017-01",
            "price": "62.61",
            "revenue": 8389790
        },
        "2017-02": {
            "month": "2017-02",
            "price": "64.66",
            "revenue": 9333933
        },
        "2017-03": {
            "month": "2017-03",
            "price": "64.66",
            "revenue": 11019423
        },
        "2017-04": {
            "month": "2017-04",
            "price": "62.24",
            "revenue": 9313552
        },
        "2017-05": {
            "month": "2017-05",
            "price": "60.73",
            "revenue": 9464311
        },
        "2017-06": {
            "month": "2017-06",
            "price": "61.88",
            "revenue": 9581056
        },
        "2017-07": {
            "month": "2017-07",
            "price": "64.20",
            "revenue": 9266487
        },
        "2017-08": {
            "month": "2017-08",
            "price": "60.09",
            "revenue": 9742757
        },
        "2017-09": {
            "month": "2017-09",
            "price": "60.86",
            "revenue": 9186056
        },
        "2017-10": {
            "month": "2017-10",
            "price": "60.51",
            "revenue": 8806563
        },
        "2017-11": {
            "month": "2017-11",
            "price": "55.53",
            "revenue": 9245580
        },
        "2017-12": {
            "month": "2017-12",
            "price": "51.35",
            "revenue": 8941477
        },
        "2018-01": {
            "month": "2018-01",
            "price": "51.67",
            "revenue": 10019439
        },
        "2018-02": {
            "month": "2018-02",
            "price": "49.83",
            "revenue": 6682987
        },
        "2018-03": {
            "month": "2018-03",
            "price": "49.22",
            "revenue": 11026387
        },
        "2018-04": {
            "month": "2018-04",
            "price": "47.60",
            "revenue": 9003662
        },
        "2018-05": {
            "month": "2018-05",
            "price": "45.88",
            "revenue": 9780579
        },
        "2018-06": {
            "month": "2018-06",
            "price": "45.94",
            "revenue": 9462296
        },
        "2018-07": {
            "month": "2018-07",
            "price": "45.48",
            "revenue": 9199928
        },
        "2018-08": {
            "month": "2018-08",
            "price": "47.18",
            "revenue": 9203012
        },
        "2018-09": {
            "month": "2018-09",
            "price": "47.24",
            "revenue": 9123351
        },
        "2018-10": {
            "month": "2018-10",
            "price": "43.85",
            "revenue": 8803841
        },
        "2018-11": {
            "month": "2018-11",
            "price": "41.19",
            "revenue": 8952295
        },
        "2018-12": {
            "month": "2018-12",
            "price": "41.85",
            "revenue": 8233644
        },
        "2019-01": {
            "month": "2019-01",
            "price": "42.38",
            "revenue": 9615549
        },
        "2019-02": {
            "month": "2019-02",
            "price": "43.33",
            "revenue": 7078908
        },
        "2019-03": {
            "month": "2019-03",
            "price": "42.78",
            "revenue": 10032370
        },
        "2019-04": {
            "month": "2019-04",
            "price": "41.36",
            "revenue": 9601440
        },
        "2019-05": {
            "month": "2019-05",
            "price": "39.93",
            "revenue": 9728583
        },
        "2019-06": {
            "month": "2019-06",
            "price": "40.07",
            "revenue": 9221064
        },
        "2019-07": {
            "month": "2019-07",
            "price": "40.18",
            "revenue": 9200823
        },
        "2019-08": {
            "month": "2019-08",
            "price": "40.66",
            "revenue": 9284372
        },
        "2019-09": {
            "month": "2019-09",
            "price": "44.32",
            "revenue": 9141018
        },
        "2019-10": {
            "month": "2019-10",
            "price": "46.95",
            "revenue": 8467266
        },
        "2019-11": {
            "month": "2019-11",
            "price": "44.32",
            "revenue": 8563549
        },
        "2019-12": {
            "month": "2019-12",
            "price": "41.79",
            "revenue": 9630989
        },
        "2020-01": {
            "month": "2020-01",
            "price": "41.52",
            "revenue": 6932650
        },
        "2020-02": {
            "month": "2020-02",
            "price": "39.41",
            "revenue": 4595321
        },
        "2020-03": {
            "month": "2020-03",
            "price": "34.57",
            "revenue": 8057288
        },
        "2020-04": {
            "month": "2020-04",
            "price": "32.38",
            "revenue": 6621719
        },
        "2020-05": {
            "month": "2020-05",
            "price": "33.37",
            "revenue": 7365921
        },
        "2020-06": {
            "month": "2020-06",
            "price": "34.65",
            "revenue": 8071980
        },
        "2020-07": {
            "month": "2020-07",
            "price": "35.10",
            "revenue": 8988799
        },
        "2020-08": {
            "month": "2020-08",
            "price": "37.00",
            "revenue": 9394543
        },
        "2020-09": {
            "month": "2020-09",
            "price": "37.22",
            "revenue": 9643242
        },
        "2020-10": {
            "month": "2020-10",
            "price": "37.13",
            "revenue": 8571569
        },
        "2020-11": {
            "month": "2020-11",
            "price": "40.38",
            "revenue": 9005039
        },
        "2020-12": {
            "month": "2020-12",
            "price": "44.21",
            "revenue": 9193646
        },
        "2021-01": {
            "month": "2021-01",
            "price": "42.36",
            "revenue": 9489105
        },
        "2021-02": {
            "month": "2021-02",
            "price": "42.90",
            "revenue": 7004269
        },
        "2021-03": {
            "month": "2021-03",
            "price": "44.68",
            "revenue": 10998313
        },
        "2021-04": {
            "month": "2021-04",
            "price": "51.88",
            "revenue": 8748853
        },
        "2021-05": {
            "month": "2021-05",
            "price": "46.84",
            "revenue": 8450749
        },
        "2021-06": {
            "month": "2021-06",
            "price": "46.45",
            "revenue": 8487211
        },
        "2021-07": {
            "month": "2021-07",
            "price": "44.61",
            "revenue": 8708488
        },
        "2021-08": {
            "month": "2021-08",
            "price": "39.98",
            "revenue": 7675711
        },
        "2021-09": {
            "month": "2021-09",
            "price": "36.28",
            "revenue": 7851718
        },
        "2021-10": {
            "month": "2021-10",
            "price": "34.62",
            "revenue": 7823888
        },
        "2021-11": {
            "month": "2021-11",
            "price": "34.53",
            "revenue": 8111332
        },
        "2021-12": {
            "month": "2021-12",
            "price": "35.61",
            "revenue": 8706887
        },
        "2022-01": {
            "month": "2022-01",
            "price": "35.49",
            "revenue": 7883884
        },
        "2022-02": {
            "month": "2022-02",
            "price": "35.85",
            "revenue": 6955598
        },
        "2022-03": {
            "month": "2022-03",
            "price": "34.98",
            "revenue": 9821954
        },
        "2022-04": {
            "month": "2022-04",
            "price": "34.39",
            "revenue": 7344203
        },
        "2022-05": {
            "month": "2022-05",
            "price": "34.03",
            "revenue": 7917482
        },
        "2022-06": {
            "month": "2022-06",
            "price": "35.20",
            "revenue": 8877207
        },
        "2022-07": {
            "month": "2022-07",
            "price": "35.51",
            "revenue": 8594207
        },
        "2022-08": {
            "month": "2022-08",
            "price": "35.16",
            "revenue": 9059420
        },
        "2022-09": {
            "month": "2022-09",
            "price": "36.75",
            "revenue": 8874713
        },
        "2022-10": {
            "month": "2022-10",
            "price": "33.74",
            "revenue": 7892898
        },
        "2022-11": {
            "month": "2022-11",
            "price": "33.71",
            "revenue": 7735672
        },
        "2022-12": {
            "month": "2022-12",
            "price": "34.27",
            "revenue": 7423415
        },
        "2023-01": {
            "month": "2023-01",
            "price": "34.52",
            "revenue": 5858264
        },
        "2023-02": {
            "month": "2023-02",
            "price": "34.36",
            "revenue": 8050520
        },
        "2023-03": {
            "month": "2023-03",
            "price": "35.00",
            "revenue": 9608995
        },
        "2023-04": {
            "month": "2023-04",
            "price": "37.26",
            "revenue": 8322740
        },
        "2023-05": {
            "month": "2023-05",
            "price": "39.20",
            "revenue": 8138663
        },
        "2023-06": {
            "month": "2023-06",
            "price": "39.88",
            "revenue": 8147440
        },
        "2023-07": {
            "month": "2023-07",
            "price": "38.93",
            "revenue": 8080314
        },
        "2023-08": {
            "month": "2023-08",
            "price": "37.93",
            "revenue": 8585085
        },
        "2023-09": {
            "month": "2023-09",
            "price": "41.95",
            "revenue": 8594397
        },
        "2023-10": {
            "month": "2023-10",
            "price": "43.46",
            "revenue": 7636730
        },
        "2023-11": {
            "month": "2023-11",
            "price": "45.71",
            "revenue": 8069992
        },
        "2023-12": {
            "month": "2023-12",
            "price": "45.47",
            "revenue": 7236851
        }
    }
}
