{
    "summary": {
        "stock_name": "建大",
        "stock_id": "2106",
        "category": "橡膠",
        "main_business": "各類橡膠輪胎之製造、批發、零售",
        "website_url": "http://www.kendatire.com",
        "ceo": "陳昭榮",
        "pe_ratio": -272,
        "report_year_from": 2001,
        "report_year_to": 2023,
        "age": 23,
        "eps_negative_percentage": 0,
        "eps_growth_avg": {
            "last_all": 8.64,
            "last_2y": -16.87,
            "last_4y": -2.31,
            "last_8y": -2.85,
            "last_12y": 4.6,
            "last_16y": 6.62,
            "last_20y": 4.29,
            "at_2006_last_3y": -5.61,
            "at_2007_last_3y": -3.12,
            "at_2008_last_3y": 1.45,
            "at_2009_last_3y": 49.27,
            "at_2010_last_3y": 13.2,
            "at_2011_last_3y": 32.48,
            "at_2012_last_3y": 28.78,
            "at_2013_last_3y": 8.44,
            "at_2014_last_3y": 21.35,
            "at_2015_last_3y": -1.85,
            "at_2016_last_3y": 0.32,
            "at_2017_last_3y": -26.68,
            "at_2018_last_3y": -3.53,
            "at_2019_last_3y": 11.03,
            "at_2020_last_3y": 12.43,
            "at_2021_last_3y": 33.13,
            "at_2022_last_3y": -7.62,
            "at_2023_last_3y": -14.6,
            "at_2024_last_3y": -14.6,
            "at_2006_last_all": 15.51,
            "at_2007_last_all": 13.64,
            "at_2008_last_all": 10.66,
            "at_2009_last_all": 21.83,
            "at_2010_last_all": 14.48,
            "at_2011_last_all": 21.18,
            "at_2012_last_all": 17.25,
            "at_2013_last_all": 17.37,
            "at_2014_last_all": 16.6,
            "at_2015_last_all": 14.6,
            "at_2016_last_all": 12.73,
            "at_2017_last_all": 6.35,
            "at_2018_last_all": 11.86,
            "at_2019_last_all": 13.81,
            "at_2020_last_all": 12.67,
            "at_2021_last_all": 11.71,
            "at_2022_last_all": 8.15,
            "at_2023_last_all": 8.64,
            "at_2024_last_all": 8.64
        },
        "latest_eps": -0.11,
        "latest_price": 29.95,
        "latest_roe": -0.5,
        "latest_gross_margin": 21.99,
        "latest_equity": 20071093,
        "latest_revenue": 8955746,
        "latest_gross_profit": 1969665,
        "latest_net_income": 430066,
        "latest_debt_ratio": 56.25,
        "latest_current_ratio": 228.8,
        "latest_account_receivable_turnover_ratio": 2.2,
        "latest_inventory_turnover_ratio": 0.69,
        "latest_reinvestment_rate": 83.28,
        "latest_research_to_sale_ratio": 4.31
    },
    "eps_dividends": {
        "1990": {
            "cash": 0,
            "stock": 1.66,
            "eps": 0
        },
        "1991": {
            "cash": 0,
            "stock": 2,
            "eps": 0
        },
        "1992": {
            "cash": 0,
            "stock": 1.8,
            "eps": 0
        },
        "1993": {
            "cash": 0,
            "stock": 1.48,
            "eps": 0
        },
        "1996": {
            "cash": 0,
            "stock": 0.7,
            "eps": 0
        },
        "1997": {
            "cash": 0,
            "stock": 1.4,
            "eps": 0
        },
        "1998": {
            "cash": 0,
            "stock": 1.6,
            "eps": 0
        },
        "1999": {
            "cash": 0,
            "stock": 1.8,
            "eps": 0
        },
        "2000": {
            "cash": 0,
            "stock": 1.3,
            "eps": 0
        },
        "2001": {
            "cash": 0,
            "stock": 0.45,
            "eps": 0.71
        },
        "2002": {
            "cash": 0,
            "stock": 0.5,
            "eps": 2.29
        },
        "2003": {
            "cash": 0.6,
            "stock": 0.7,
            "eps": 2.16
        },
        "2004": {
            "cash": 0.5,
            "stock": 1,
            "eps": 1.61
        },
        "2005": {
            "cash": 0.3,
            "stock": 1,
            "eps": 0.14
        },
        "2006": {
            "cash": 0,
            "stock": 0.55,
            "eps": 0.93
        },
        "2007": {
            "cash": 0,
            "stock": 0.65,
            "eps": 0.97
        },
        "2008": {
            "cash": 0,
            "stock": 0.75,
            "eps": 0.9
        },
        "2009": {
            "cash": 0.25,
            "stock": 0.5,
            "eps": 4.63
        },
        "2010": {
            "cash": 1.1,
            "stock": 1.23,
            "eps": 2.58
        },
        "2011": {
            "cash": 2.45,
            "stock": 1.75,
            "eps": 4.68
        },
        "2012": {
            "cash": 0,
            "stock": 0,
            "eps": 3.65
        },
        "2013": {
            "cash": 1.7,
            "stock": 0.4,
            "eps": 4.33
        },
        "2014": {
            "cash": 1.8,
            "stock": 0.7,
            "eps": 4.65
        },
        "2015": {
            "cash": 2.25,
            "stock": 0.5,
            "eps": 4.12
        },
        "2016": {
            "cash": 2.2,
            "stock": 0.2,
            "eps": 3.57
        },
        "2017": {
            "cash": 2,
            "stock": 0,
            "eps": 0.38
        },
        "2018": {
            "cash": 1.2,
            "stock": 0,
            "eps": 0.79
        },
        "2019": {
            "cash": 1,
            "stock": 0,
            "eps": 1.16
        },
        "2020": {
            "cash": 0.4,
            "stock": 0.4,
            "eps": 1.07
        },
        "2021": {
            "cash": 1,
            "stock": 0,
            "eps": 1
        },
        "2022": {
            "cash": 1,
            "stock": 0,
            "eps": 0.37
        },
        "2023": {
            "cash": 0.5,
            "stock": 0.5,
            "eps": 0.44
        }
    },
    "dividends": {
        "1990-03-20": {
            "cash": 0,
            "stock": 1.66
        },
        "1991-05-03": {
            "cash": 0,
            "stock": 2
        },
        "1992-05-16": {
            "cash": 0,
            "stock": 1.8
        },
        "1993-05-04": {
            "cash": 0,
            "stock": 1.48
        },
        "1996-05-29": {
            "cash": 0,
            "stock": 0.7
        },
        "1997-05-23": {
            "cash": 0,
            "stock": 1.4
        },
        "1998-05-16": {
            "cash": 0,
            "stock": 1.6
        },
        "1999-05-21": {
            "cash": 0,
            "stock": 1.8
        },
        "2000-05-23": {
            "cash": 0,
            "stock": 1.3
        },
        "2001-05-25": {
            "cash": 0,
            "stock": 0.45
        },
        "2002-06-11": {
            "cash": 0,
            "stock": 0.5
        },
        "2003-04-04": {
            "cash": 0.6,
            "stock": 0.7
        },
        "2004-04-27": {
            "cash": 0.5,
            "stock": 1
        },
        "2005-04-14": {
            "cash": 0.3,
            "stock": 1
        },
        "2006-04-28": {
            "cash": 0,
            "stock": 0.55
        },
        "2007-03-30": {
            "cash": 0,
            "stock": 0.65
        },
        "2008-04-18": {
            "cash": 0,
            "stock": 0.75
        },
        "2009-03-25": {
            "cash": 0.25,
            "stock": 0.5
        },
        "2010-03-30": {
            "cash": 1.1,
            "stock": 1.23
        },
        "2011-01-01": {
            "cash": 1.35,
            "stock": 0.65
        },
        "2011-04-27": {
            "cash": 1.1,
            "stock": 1.1
        },
        "2013-05-10": {
            "cash": 1.7,
            "stock": 0.4
        },
        "2014-10-15": {
            "cash": 1.8,
            "stock": 0.7
        },
        "2015-10-14": {
            "cash": 2.25,
            "stock": 0.5
        },
        "2016-10-05": {
            "cash": 2.2,
            "stock": 0.2
        },
        "2017-09-27": {
            "cash": 2,
            "stock": 0
        },
        "2018-09-21": {
            "cash": 1.2,
            "stock": 0
        },
        "2019-09-25": {
            "cash": 1,
            "stock": 0
        },
        "2020-10-07": {
            "cash": 0.4,
            "stock": 0.4
        },
        "2021-09-24": {
            "cash": 1,
            "stock": 0
        },
        "2022-09-30": {
            "cash": 1,
            "stock": 0
        },
        "2023-08-18": {
            "cash": 0.5,
            "stock": 0.5
        }
    },
    "prices": {
        "200101": "12.39",
        "200102": "13.99",
        "200103": "15.34",
        "200104": "13.98",
        "200105": "12.30",
        "200106": "13.09",
        "200107": "10.98",
        "200108": "10.41",
        "200109": "9.93",
        "200110": "9.30",
        "200111": "9.48",
        "200112": "9.87",
        "200201": "10.03",
        "200202": "10.12",
        "200203": "11.72",
        "200204": "14.05",
        "200205": "19.41",
        "200206": "26.06",
        "200207": "25.71",
        "200208": "32.30",
        "200209": "32.98",
        "200210": "37.46",
        "200211": "39.88",
        "200212": "37.77",
        "200301": "36.94",
        "200302": "35.25",
        "200303": "35.31",
        "200304": "34.23",
        "200305": "31.16",
        "200306": "33.78",
        "200307": "32.80",
        "200308": "33.69",
        "200309": "30.57",
        "200310": "31.89",
        "200311": "31.52",
        "200312": "29.80",
        "200401": "29.91",
        "200402": "33.73",
        "200403": "33.80",
        "200404": "30.17",
        "200405": "23.30",
        "200406": "22.02",
        "200407": "24.54",
        "200408": "23.95",
        "200409": "26.31",
        "200410": "25.66",
        "200411": "24.19",
        "200412": "25.61",
        "200501": "25.00",
        "200502": "24.72",
        "200503": "24.28",
        "200504": "22.70",
        "200505": "21.94",
        "200506": "21.96",
        "200507": "21.23",
        "200508": "18.45",
        "200509": "16.23",
        "200510": "14.88",
        "200511": "14.62",
        "200512": "15.97",
        "200601": "14.67",
        "200602": "14.43",
        "200603": "13.25",
        "200604": "14.01",
        "200605": "15.07",
        "200606": "14.10",
        "200607": "13.95",
        "200608": "14.03",
        "200609": "15.44",
        "200610": "18.24",
        "200611": "18.53",
        "200612": "20.61",
        "200701": "19.25",
        "200702": "18.63",
        "200703": "17.57",
        "200704": "19.09",
        "200705": "21.53",
        "200706": "27.88",
        "200707": "35.08",
        "200708": "34.13",
        "200709": "35.52",
        "200710": "33.19",
        "200711": "24.92",
        "200712": "22.58",
        "200801": "23.52",
        "200802": "23.36",
        "200803": "27.38",
        "200804": "28.05",
        "200805": "25.65",
        "200806": "20.86",
        "200807": "19.63",
        "200808": "18.78",
        "200809": "16.56",
        "200810": "13.36",
        "200811": "14.04",
        "200812": "15.31",
        "200901": "13.24",
        "200902": "13.51",
        "200903": "16.27",
        "200904": "20.56",
        "200905": "30.60",
        "200906": "35.74",
        "200907": "42.07",
        "200908": "40.56",
        "200909": "41.08",
        "200910": "39.72",
        "200911": "40.20",
        "200912": "38.19",
        "201001": "36.11",
        "201002": "31.52",
        "201003": "33.15",
        "201004": "34.90",
        "201005": "31.29",
        "201006": "31.43",
        "201007": "34.68",
        "201008": "34.06",
        "201009": "33.93",
        "201010": "32.94",
        "201011": "30.55",
        "201012": "30.34",
        "201101": "30.84",
        "201102": "32.61",
        "201103": "35.73",
        "201104": "35.80",
        "201105": "40.47",
        "201106": "40.23",
        "201107": "43.41",
        "201108": "36.61",
        "201109": "35.75",
        "201110": "33.86",
        "201111": "33.44",
        "201112": "30.79",
        "201201": "30.99",
        "201202": "33.74",
        "201203": "35.07",
        "201204": "33.19",
        "201205": "34.25",
        "201206": "34.21",
        "201207": "36.67",
        "201208": "36.91",
        "201209": "35.89",
        "201210": "35.32",
        "201211": "35.36",
        "201212": "37.29",
        "201301": "38.08",
        "201302": "43.10",
        "201303": "50.50",
        "201304": "59.36",
        "201305": "59.15",
        "201306": "66.00",
        "201307": "74.17",
        "201308": "66.28",
        "201309": "61.42",
        "201310": "59.55",
        "201311": "59.39",
        "201312": "63.25",
        "201401": "67.92",
        "201402": "69.81",
        "201403": "71.86",
        "201404": "72.60",
        "201405": "70.10",
        "201406": "67.05",
        "201407": "65.55",
        "201408": "66.61",
        "201409": "61.18",
        "201410": "60.88",
        "201411": "62.80",
        "201412": "63.13",
        "201501": "62.94",
        "201502": "64.87",
        "201503": "63.06",
        "201504": "60.30",
        "201505": "56.36",
        "201506": "49.58",
        "201507": "47.15",
        "201508": "46.56",
        "201509": "46.53",
        "201510": "51.61",
        "201511": "52.10",
        "201512": "49.25",
        "201601": "46.67",
        "201602": "47.66",
        "201603": "50.69",
        "201604": "54.34",
        "201605": "53.02",
        "201606": "51.47",
        "201607": "50.97",
        "201608": "52.40",
        "201609": "50.25",
        "201610": "48.98",
        "201611": "46.96",
        "201612": "47.90",
        "201701": "48.42",
        "201702": "49.61",
        "201703": "50.04",
        "201704": "49.19",
        "201705": "47.55",
        "201706": "47.72",
        "201707": "47.71",
        "201708": "45.07",
        "201709": "43.35",
        "201710": "41.52",
        "201711": "38.70",
        "201712": "38.10",
        "201801": "37.46",
        "201802": "35.67",
        "201803": "36.48",
        "201804": "35.06",
        "201805": "34.01",
        "201806": "33.63",
        "201807": "32.22",
        "201808": "32.22",
        "201809": "30.53",
        "201810": "29.70",
        "201811": "29.62",
        "201812": "29.57",
        "201901": "29.52",
        "201902": "29.88",
        "201903": "30.10",
        "201904": "30.14",
        "201905": "29.18",
        "201906": "29.22",
        "201907": "29.36",
        "201908": "29.05",
        "201909": "31.16",
        "201910": "31.85",
        "201911": "31.41",
        "201912": "30.92",
        "202001": "29.94",
        "202002": "28.48",
        "202003": "27.12",
        "202004": "25.72",
        "202005": "28.40",
        "202006": "29.64",
        "202007": "29.21",
        "202008": "30.43",
        "202009": "29.82",
        "202010": "30.53",
        "202011": "34.29",
        "202012": "35.60",
        "202101": "32.46",
        "202102": "34.09",
        "202103": "38.58",
        "202104": "45.15",
        "202105": "40.61",
        "202106": "40.28",
        "202107": "39.14",
        "202108": "34.95",
        "202109": "32.10",
        "202110": "30.86",
        "202111": "30.35",
        "202112": "30.49",
        "202201": "30.41",
        "202202": "30.45",
        "202203": "31.19",
        "202204": "32.06",
        "202205": "30.87",
        "202206": "31.52",
        "202207": "35.78",
        "202208": "35.79",
        "202209": "33.74",
        "202210": "30.90",
        "202211": "30.84",
        "202212": "30.56",
        "202301": "30.62",
        "202302": "31.31",
        "202303": "31.07",
        "202304": "31.36",
        "202305": "31.00",
        "202306": "31.60",
        "202307": "30.36",
        "202308": "29.53",
        "202309": "30.00",
        "202310": "29.30",
        "202311": "30.63",
        "202312": "31.02"
    },
    "quarters": {
        "20011": {
            "year_quarter": 20011,
            "year": 2001,
            "quarter": 1,
            "eps": 0.14,
            "eps_growth_year": 7.69,
            "eps_4q": 0.49,
            "eps_4q_growth_year": -57.5,
            "roe": 1.06,
            "roe_4q": 1.06,
            "gross_profit": 95046,
            "gross_margin": 15.42,
            "gross_margin_4q_avg": 15.42,
            "net_income": 44434,
            "net_income_4q": null,
            "revenue": 616347,
            "revenue_4q": null,
            "common_shares": 3065917,
            "book_valuer_per_share": 13.7,
            "book_valuer_per_share_4q_avg": 13.7,
            "equity": 4200459,
            "current_ratio": 118.51,
            "debt_ratio": 37.47,
            "inventory_turnover_ratio": 0.66,
            "account_receivable_turnover_ratio": null,
            "reinvestment_rate": null,
            "research_to_sale_ratio": null,
            "price_fair": 0,
            "eps_avg_yearly": 0,
            "eps_latest_yearly": 0,
            "eps_growth_yearly": 0
        },
        "20012": {
            "year_quarter": 20012,
            "year": 2001,
            "quarter": 2,
            "eps": 0.05,
            "eps_growth_year": -68.75,
            "eps_4q": 0.41,
            "eps_4q_growth_year": -44.56,
            "roe": 0.36,
            "roe_4q": 1.42,
            "gross_profit": 108419,
            "gross_margin": 17.39,
            "gross_margin_4q_avg": 16.41,
            "net_income": 15480,
            "net_income_4q": null,
            "revenue": 623384,
            "revenue_4q": null,
            "common_shares": 3065917,
            "book_valuer_per_share": 14.27,
            "book_valuer_per_share_4q_avg": 13.99,
            "equity": 4375080,
            "current_ratio": 129.12,
            "debt_ratio": 36.88,
            "inventory_turnover_ratio": 1.48,
            "account_receivable_turnover_ratio": null,
            "reinvestment_rate": null,
            "research_to_sale_ratio": null,
            "price_fair": 0,
            "eps_avg_yearly": 0,
            "eps_latest_yearly": 0,
            "eps_growth_yearly": 0
        },
        "20013": {
            "year_quarter": 20013,
            "year": 2001,
            "quarter": 3,
            "eps": 0.17,
            "eps_growth_year": 54.55,
            "eps_4q": 0.46,
            "eps_4q_growth_year": -14.78,
            "roe": 1.25,
            "roe_4q": 2.67,
            "gross_profit": 128641,
            "gross_margin": 19.95,
            "gross_margin_4q_avg": 17.59,
            "net_income": 55276,
            "net_income_4q": null,
            "revenue": 644681,
            "revenue_4q": null,
            "common_shares": 3203884,
            "book_valuer_per_share": 13.86,
            "book_valuer_per_share_4q_avg": 13.94,
            "equity": 4439736,
            "current_ratio": 128.92,
            "debt_ratio": 36.22,
            "inventory_turnover_ratio": 1.49,
            "account_receivable_turnover_ratio": null,
            "reinvestment_rate": null,
            "research_to_sale_ratio": null,
            "price_fair": 0,
            "eps_avg_yearly": 0,
            "eps_latest_yearly": 0,
            "eps_growth_yearly": 0
        },
        "20014": {
            "year_quarter": 20014,
            "year": 2001,
            "quarter": 4,
            "eps": 0.35,
            "eps_growth_year": 218.18,
            "eps_4q": 0.71,
            "eps_4q_growth_year": 47.2,
            "roe": 2.46,
            "roe_4q": 5.130000000000001,
            "gross_profit": 133895,
            "gross_margin": 20.14,
            "gross_margin_4q_avg": 18.23,
            "net_income": 111020,
            "net_income_4q": null,
            "revenue": 664776,
            "revenue_4q": null,
            "common_shares": 3203884,
            "book_valuer_per_share": 14.27,
            "book_valuer_per_share_4q_avg": 14.03,
            "equity": 4570855,
            "current_ratio": 154.93,
            "debt_ratio": 53.24,
            "inventory_turnover_ratio": 0.72,
            "account_receivable_turnover_ratio": null,
            "reinvestment_rate": null,
            "research_to_sale_ratio": null,
            "price_fair": 0,
            "eps_avg_yearly": 0,
            "eps_latest_yearly": 0,
            "eps_growth_yearly": 0
        },
        "20021": {
            "year_quarter": 20021,
            "year": 2002,
            "quarter": 1,
            "eps": 0.38,
            "eps_growth_year": 171.43,
            "eps_4q": 0.95,
            "eps_4q_growth_year": 93.29,
            "roe": 2.61,
            "roe_4q": 6.680000000000001,
            "gross_profit": 141216,
            "gross_margin": 21.7,
            "gross_margin_4q_avg": 19.8,
            "net_income": 121140,
            "net_income_4q": null,
            "revenue": 650704,
            "revenue_4q": null,
            "common_shares": 3203884,
            "book_valuer_per_share": 14.68,
            "book_valuer_per_share_4q_avg": 14.27,
            "equity": 4703795,
            "current_ratio": 160.51,
            "debt_ratio": 36.74,
            "inventory_turnover_ratio": 0.69,
            "account_receivable_turnover_ratio": null,
            "reinvestment_rate": null,
            "research_to_sale_ratio": null,
            "price_fair": 53.2,
            "eps_avg_yearly": 1.52,
            "eps_latest_yearly": 1.52,
            "eps_growth_yearly": 34.29
        },
        "20022": {
            "year_quarter": 20022,
            "year": 2002,
            "quarter": 2,
            "eps": 0.72,
            "eps_growth_year": 1340,
            "eps_4q": 1.62,
            "eps_4q_growth_year": 292.69,
            "roe": 4.87,
            "roe_4q": 11.190000000000001,
            "gross_profit": 192158,
            "gross_margin": 24.04,
            "gross_margin_4q_avg": 21.46,
            "net_income": 230911,
            "net_income_4q": null,
            "revenue": 799325,
            "revenue_4q": null,
            "common_shares": 3203884,
            "book_valuer_per_share": 14.9,
            "book_valuer_per_share_4q_avg": 14.43,
            "equity": 4772644,
            "current_ratio": 157.88,
            "debt_ratio": 36.38,
            "inventory_turnover_ratio": 1.79,
            "account_receivable_turnover_ratio": null,
            "reinvestment_rate": null,
            "research_to_sale_ratio": null,
            "price_fair": 77,
            "eps_avg_yearly": 2.2,
            "eps_latest_yearly": 2.88,
            "eps_growth_yearly": 196.09
        },
        "20023": {
            "year_quarter": 20023,
            "year": 2002,
            "quarter": 3,
            "eps": 0.57,
            "eps_growth_year": 235.29,
            "eps_4q": 1.95,
            "eps_4q_growth_year": 327.12,
            "roe": 3.87,
            "roe_4q": 13.809999999999999,
            "gross_profit": 152327,
            "gross_margin": 20.1,
            "gross_margin_4q_avg": 21.5,
            "net_income": 191526,
            "net_income_4q": null,
            "revenue": 757833,
            "revenue_4q": null,
            "common_shares": 3364080,
            "book_valuer_per_share": 15.27,
            "book_valuer_per_share_4q_avg": 14.78,
            "equity": 5135619,
            "current_ratio": 158.45,
            "debt_ratio": 35.04,
            "inventory_turnover_ratio": 1.79,
            "account_receivable_turnover_ratio": null,
            "reinvestment_rate": null,
            "research_to_sale_ratio": null,
            "price_fair": 77.93,
            "eps_avg_yearly": 2.23,
            "eps_latest_yearly": 2.28,
            "eps_growth_yearly": 102.95
        },
        "20024": {
            "year_quarter": 20024,
            "year": 2002,
            "quarter": 4,
            "eps": 0.62,
            "eps_growth_year": 77.14,
            "eps_4q": 2.24,
            "eps_4q_growth_year": 214.72,
            "roe": 4.05,
            "roe_4q": 15.399999999999999,
            "gross_profit": 173520,
            "gross_margin": 21.43,
            "gross_margin_4q_avg": 21.82,
            "net_income": 207474,
            "net_income_4q": null,
            "revenue": 809671,
            "revenue_4q": null,
            "common_shares": 3364080,
            "book_valuer_per_share": 15.21,
            "book_valuer_per_share_4q_avg": 15.02,
            "equity": 5115796,
            "current_ratio": 156.72,
            "debt_ratio": 51.89,
            "inventory_turnover_ratio": 0.7,
            "account_receivable_turnover_ratio": null,
            "reinvestment_rate": 61.88,
            "research_to_sale_ratio": null,
            "price_fair": 80.15,
            "eps_avg_yearly": 2.29,
            "eps_latest_yearly": 2.48,
            "eps_growth_yearly": 85.98
        },
        "20031": {
            "year_quarter": 20031,
            "year": 2003,
            "quarter": 1,
            "eps": 0.51,
            "eps_growth_year": 34.21,
            "eps_4q": 2.38,
            "eps_4q_growth_year": 150.87,
            "roe": 3.3,
            "roe_4q": 16.09,
            "gross_profit": 165578,
            "gross_margin": 21.73,
            "gross_margin_4q_avg": 21.83,
            "net_income": 171446,
            "net_income_4q": null,
            "revenue": 761985,
            "revenue_4q": null,
            "common_shares": 3364080,
            "book_valuer_per_share": 15.72,
            "book_valuer_per_share_4q_avg": 15.28,
            "equity": 5287008,
            "current_ratio": 159.28,
            "debt_ratio": 34.77,
            "inventory_turnover_ratio": 0.62,
            "account_receivable_turnover_ratio": null,
            "reinvestment_rate": -1.71,
            "research_to_sale_ratio": null,
            "price_fair": 78.4,
            "eps_avg_yearly": 2.24,
            "eps_latest_yearly": 2.04,
            "eps_growth_yearly": 54.59
        },
        "20032": {
            "year_quarter": 20032,
            "year": 2003,
            "quarter": 2,
            "eps": 0.7,
            "eps_growth_year": -2.78,
            "eps_4q": 2.4,
            "eps_4q_growth_year": 48.77,
            "roe": 4.43,
            "roe_4q": 15.649999999999999,
            "gross_profit": 198421,
            "gross_margin": 22.42,
            "gross_margin_4q_avg": 21.42,
            "net_income": 234279,
            "net_income_4q": null,
            "revenue": 885117,
            "revenue_4q": null,
            "common_shares": 3364080,
            "book_valuer_per_share": 15.72,
            "book_valuer_per_share_4q_avg": 15.48,
            "equity": 5288875,
            "current_ratio": 177.87,
            "debt_ratio": 36.31,
            "inventory_turnover_ratio": 1.56,
            "account_receivable_turnover_ratio": null,
            "reinvestment_rate": -1.16,
            "research_to_sale_ratio": null,
            "price_fair": 81.67,
            "eps_avg_yearly": 2.33,
            "eps_latest_yearly": 2.8,
            "eps_growth_yearly": 70.33
        },
        "20033": {
            "year_quarter": 20033,
            "year": 2003,
            "quarter": 3,
            "eps": 0.57,
            "eps_growth_year": 0,
            "eps_4q": 2.29,
            "eps_4q_growth_year": 17.4,
            "roe": 3.82,
            "roe_4q": 15.600000000000001,
            "gross_profit": 167737,
            "gross_margin": 20.5,
            "gross_margin_4q_avg": 21.52,
            "net_income": 203559,
            "net_income_4q": null,
            "revenue": 818138,
            "revenue_4q": null,
            "common_shares": 3600000,
            "book_valuer_per_share": 14.9,
            "book_valuer_per_share_4q_avg": 15.39,
            "equity": 5363726,
            "current_ratio": 219.83,
            "debt_ratio": 33.69,
            "inventory_turnover_ratio": 1.59,
            "account_receivable_turnover_ratio": null,
            "reinvestment_rate": -1.41,
            "research_to_sale_ratio": null,
            "price_fair": 81.4,
            "eps_avg_yearly": 2.33,
            "eps_latest_yearly": 2.28,
            "eps_growth_yearly": 49.67
        },
        "20034": {
            "year_quarter": 20034,
            "year": 2003,
            "quarter": 4,
            "eps": 0.38,
            "eps_growth_year": -38.71,
            "eps_4q": 2.06,
            "eps_4q_growth_year": -8.31,
            "roe": 2.54,
            "roe_4q": 14.09,
            "gross_profit": 126477,
            "gross_margin": 15.82,
            "gross_margin_4q_avg": 20.12,
            "net_income": 137991,
            "net_income_4q": null,
            "revenue": 799604,
            "revenue_4q": null,
            "common_shares": 3600000,
            "book_valuer_per_share": 15.35,
            "book_valuer_per_share_4q_avg": 15.42,
            "equity": 5480402,
            "current_ratio": 156.61,
            "debt_ratio": 50.48,
            "inventory_turnover_ratio": 0.66,
            "account_receivable_turnover_ratio": null,
            "reinvestment_rate": 48.79,
            "research_to_sale_ratio": null,
            "price_fair": 77.88,
            "eps_avg_yearly": 2.23,
            "eps_latest_yearly": 1.52,
            "eps_growth_yearly": 26.8
        },
        "20041": {
            "year_quarter": 20041,
            "year": 2004,
            "quarter": 1,
            "eps": 0.4,
            "eps_growth_year": -21.57,
            "eps_4q": 2.01,
            "eps_4q_growth_year": -15.71,
            "roe": 2.59,
            "roe_4q": 13.379999999999999,
            "gross_profit": 144305,
            "gross_margin": 17.83,
            "gross_margin_4q_avg": 19.14,
            "net_income": 143118,
            "net_income_4q": null,
            "revenue": 809461,
            "revenue_4q": null,
            "common_shares": 3600000,
            "book_valuer_per_share": 15.43,
            "book_valuer_per_share_4q_avg": 15.35,
            "equity": 5554716,
            "current_ratio": 232.26,
            "debt_ratio": 32.7,
            "inventory_turnover_ratio": 0.64,
            "account_receivable_turnover_ratio": null,
            "reinvestment_rate": -1.86,
            "research_to_sale_ratio": null,
            "price_fair": 75.44,
            "eps_avg_yearly": 2.16,
            "eps_latest_yearly": 1.6,
            "eps_growth_yearly": 26.16
        },
        "20042": {
            "year_quarter": 20042,
            "year": 2004,
            "quarter": 2,
            "eps": 0.64,
            "eps_growth_year": -8.57,
            "eps_4q": 1.99,
            "eps_4q_growth_year": -17.21,
            "roe": 4.09,
            "roe_4q": 13.04,
            "gross_profit": 177860,
            "gross_margin": 19.07,
            "gross_margin_4q_avg": 18.31,
            "net_income": 229668,
            "net_income_4q": null,
            "revenue": 932512,
            "revenue_4q": null,
            "common_shares": 3600000,
            "book_valuer_per_share": 15.77,
            "book_valuer_per_share_4q_avg": 15.36,
            "equity": 5678176,
            "current_ratio": 150.28,
            "debt_ratio": 33.74,
            "inventory_turnover_ratio": 1.82,
            "account_receivable_turnover_ratio": null,
            "reinvestment_rate": -1.72,
            "research_to_sale_ratio": null,
            "price_fair": 76.86,
            "eps_avg_yearly": 2.2,
            "eps_latest_yearly": 2.56,
            "eps_growth_yearly": 47.54
        },
        "20043": {
            "year_quarter": 20043,
            "year": 2004,
            "quarter": 3,
            "eps": 0.45,
            "eps_growth_year": -21.05,
            "eps_4q": 1.74,
            "eps_4q_growth_year": -23.82,
            "roe": 3.08,
            "roe_4q": 12.3,
            "gross_profit": 175582,
            "gross_margin": 19.22,
            "gross_margin_4q_avg": 17.99,
            "net_income": 177876,
            "net_income_4q": null,
            "revenue": 913648,
            "revenue_4q": null,
            "common_shares": 3960000,
            "book_valuer_per_share": 14.86,
            "book_valuer_per_share_4q_avg": 15.35,
            "equity": 5883480,
            "current_ratio": 165.56,
            "debt_ratio": 32.94,
            "inventory_turnover_ratio": 1.91,
            "account_receivable_turnover_ratio": null,
            "reinvestment_rate": -0.8,
            "research_to_sale_ratio": null,
            "price_fair": 75.6,
            "eps_avg_yearly": 2.16,
            "eps_latest_yearly": 1.8,
            "eps_growth_yearly": 32.42
        },
        "20044": {
            "year_quarter": 20044,
            "year": 2004,
            "quarter": 4,
            "eps": 0.12,
            "eps_growth_year": -68.42,
            "eps_4q": 1.56,
            "eps_4q_growth_year": -24.08,
            "roe": 0.79,
            "roe_4q": 10.55,
            "gross_profit": 161086,
            "gross_margin": 17.72,
            "gross_margin_4q_avg": 18.46,
            "net_income": 45816,
            "net_income_4q": null,
            "revenue": 909188,
            "revenue_4q": null,
            "common_shares": 3960000,
            "book_valuer_per_share": 14.33,
            "book_valuer_per_share_4q_avg": 15.1,
            "equity": 5650223,
            "current_ratio": 140.7,
            "debt_ratio": 52.3,
            "inventory_turnover_ratio": 0.64,
            "account_receivable_turnover_ratio": null,
            "reinvestment_rate": 35.17,
            "research_to_sale_ratio": null,
            "price_fair": 30.86,
            "eps_avg_yearly": 2.02,
            "eps_latest_yearly": 0.48,
            "eps_growth_yearly": 5.28
        },
        "20051": {
            "year_quarter": 20051,
            "year": 2005,
            "quarter": 1,
            "eps": 0.12,
            "eps_growth_year": -70,
            "eps_4q": 1.27,
            "eps_4q_growth_year": -36.68,
            "roe": 0.84,
            "roe_4q": 8.8,
            "gross_profit": 133170,
            "gross_margin": 14.9,
            "gross_margin_4q_avg": 17.73,
            "net_income": 47213,
            "net_income_4q": null,
            "revenue": 893465,
            "revenue_4q": null,
            "common_shares": 3960000,
            "book_valuer_per_share": 14.14,
            "book_valuer_per_share_4q_avg": 14.78,
            "equity": 5599457,
            "current_ratio": 180.82,
            "debt_ratio": 37.08,
            "inventory_turnover_ratio": 0.62,
            "account_receivable_turnover_ratio": null,
            "reinvestment_rate": 1.11,
            "research_to_sale_ratio": null,
            "price_fair": 28.28,
            "eps_avg_yearly": 1.9,
            "eps_latest_yearly": 0.48,
            "eps_growth_yearly": 4.87
        },
        "20052": {
            "year_quarter": 20052,
            "year": 2005,
            "quarter": 2,
            "eps": 0.06,
            "eps_growth_year": -90.62,
            "eps_4q": 0.7,
            "eps_4q_growth_year": -64.92,
            "roe": 0.46,
            "roe_4q": 5.17,
            "gross_profit": 152885,
            "gross_margin": 17.07,
            "gross_margin_4q_avg": 17.23,
            "net_income": 25462,
            "net_income_4q": null,
            "revenue": 895815,
            "revenue_4q": null,
            "common_shares": 3960000,
            "book_valuer_per_share": 13.9,
            "book_valuer_per_share_4q_avg": 14.31,
            "equity": 5506247,
            "current_ratio": 179.05,
            "debt_ratio": 38.03,
            "inventory_turnover_ratio": 1.47,
            "account_receivable_turnover_ratio": null,
            "reinvestment_rate": 1.1,
            "research_to_sale_ratio": null,
            "price_fair": 5.35,
            "eps_avg_yearly": 1.78,
            "eps_latest_yearly": 0.24,
            "eps_growth_yearly": -9.76
        },
        "20053": {
            "year_quarter": 20053,
            "year": 2005,
            "quarter": 3,
            "eps": 0.1,
            "eps_growth_year": -77.78,
            "eps_4q": 0.38,
            "eps_4q_growth_year": -78.24,
            "roe": 0.75,
            "roe_4q": 2.84,
            "gross_profit": 125840,
            "gross_margin": 14.36,
            "gross_margin_4q_avg": 16.01,
            "net_income": 42450,
            "net_income_4q": null,
            "revenue": 876380,
            "revenue_4q": null,
            "common_shares": 4356000,
            "book_valuer_per_share": 13.29,
            "book_valuer_per_share_4q_avg": 13.92,
            "equity": 5787224,
            "current_ratio": 180.47,
            "debt_ratio": 35.6,
            "inventory_turnover_ratio": 1.53,
            "account_receivable_turnover_ratio": null,
            "reinvestment_rate": 1.16,
            "research_to_sale_ratio": null,
            "price_fair": 31.56,
            "eps_avg_yearly": 1.69,
            "eps_latest_yearly": 0.4,
            "eps_growth_yearly": 8.67
        },
        "20054": {
            "year_quarter": 20054,
            "year": 2005,
            "quarter": 4,
            "eps": -0.14,
            "eps_growth_year": -216.67,
            "eps_4q": 0.14,
            "eps_4q_growth_year": -90.75,
            "roe": -1.06,
            "roe_4q": 0.99,
            "gross_profit": 135532,
            "gross_margin": 15.4,
            "gross_margin_4q_avg": 15.43,
            "net_income": -61864,
            "net_income_4q": null,
            "revenue": 879857,
            "revenue_4q": null,
            "common_shares": 4356000,
            "book_valuer_per_share": 13.45,
            "book_valuer_per_share_4q_avg": 13.7,
            "equity": 5861652,
            "current_ratio": 135.23,
            "debt_ratio": 54.32,
            "inventory_turnover_ratio": 0.58,
            "account_receivable_turnover_ratio": null,
            "reinvestment_rate": 57.15,
            "research_to_sale_ratio": null,
            "price_fair": 31.56,
            "eps_avg_yearly": 1.69,
            "eps_latest_yearly": 0.4,
            "eps_growth_yearly": 8.67
        },
        "20061": {
            "year_quarter": 20061,
            "year": 2006,
            "quarter": 1,
            "eps": 0.13,
            "eps_growth_year": 8.33,
            "eps_4q": 0.14,
            "eps_4q_growth_year": -88.7,
            "roe": 0.98,
            "roe_4q": 1.13,
            "gross_profit": 119530,
            "gross_margin": 13.1,
            "gross_margin_4q_avg": 14.98,
            "net_income": 57266,
            "net_income_4q": null,
            "revenue": 912099,
            "revenue_4q": null,
            "common_shares": 4356000,
            "book_valuer_per_share": 13.44,
            "book_valuer_per_share_4q_avg": 13.52,
            "equity": 5854816,
            "current_ratio": 143.34,
            "debt_ratio": 34.75,
            "inventory_turnover_ratio": 0.59,
            "account_receivable_turnover_ratio": null,
            "reinvestment_rate": 1.01,
            "research_to_sale_ratio": null,
            "price_fair": 28.67,
            "eps_avg_yearly": 1.7,
            "eps_latest_yearly": 0.4,
            "eps_growth_yearly": 6.84
        },
        "20062": {
            "year_quarter": 20062,
            "year": 2006,
            "quarter": 2,
            "eps": 0.38,
            "eps_growth_year": 533.33,
            "eps_4q": 0.47,
            "eps_4q_growth_year": -33.15,
            "roe": 2.79,
            "roe_4q": 3.46,
            "gross_profit": 190152,
            "gross_margin": 18.32,
            "gross_margin_4q_avg": 15.3,
            "net_income": 165583,
            "net_income_4q": null,
            "revenue": 1038130,
            "revenue_4q": null,
            "common_shares": 4356000,
            "book_valuer_per_share": 13.78,
            "book_valuer_per_share_4q_avg": 13.49,
            "equity": 6004569,
            "current_ratio": 176.58,
            "debt_ratio": 33.97,
            "inventory_turnover_ratio": 1.57,
            "account_receivable_turnover_ratio": null,
            "reinvestment_rate": 1.15,
            "research_to_sale_ratio": null,
            "price_fair": 56.2,
            "eps_avg_yearly": 1.61,
            "eps_latest_yearly": 1.52,
            "eps_growth_yearly": 36.22
        },
        "20063": {
            "year_quarter": 20063,
            "year": 2006,
            "quarter": 3,
            "eps": 0.21,
            "eps_growth_year": 110,
            "eps_4q": 0.57,
            "eps_4q_growth_year": 49.59,
            "roe": 1.55,
            "roe_4q": 4.26,
            "gross_profit": 159472,
            "gross_margin": 15.62,
            "gross_margin_4q_avg": 15.61,
            "net_income": 94663,
            "net_income_4q": null,
            "revenue": 1021083,
            "revenue_4q": null,
            "common_shares": 4595580,
            "book_valuer_per_share": 13.53,
            "book_valuer_per_share_4q_avg": 13.55,
            "equity": 6218662,
            "current_ratio": 169.52,
            "debt_ratio": 35.29,
            "inventory_turnover_ratio": 1.42,
            "account_receivable_turnover_ratio": null,
            "reinvestment_rate": 0.95,
            "research_to_sale_ratio": null,
            "price_fair": 52.6,
            "eps_avg_yearly": 1.5,
            "eps_latest_yearly": 0.84,
            "eps_growth_yearly": 29.39
        },
        "20064": {
            "year_quarter": 20064,
            "year": 2006,
            "quarter": 4,
            "eps": 0.21,
            "eps_growth_year": null,
            "eps_4q": 0.9,
            "eps_4q_growth_year": 523.32,
            "roe": 1.54,
            "roe_4q": 6.859999999999999,
            "gross_profit": 124747,
            "gross_margin": 13.35,
            "gross_margin_4q_avg": 15.1,
            "net_income": 96566,
            "net_income_4q": null,
            "revenue": 934714,
            "revenue_4q": null,
            "common_shares": 4595580,
            "book_valuer_per_share": 13.68,
            "book_valuer_per_share_4q_avg": 13.61,
            "equity": 6289451,
            "current_ratio": 135.24,
            "debt_ratio": 54.29,
            "inventory_turnover_ratio": 0.49,
            "account_receivable_turnover_ratio": null,
            "reinvestment_rate": 67.07,
            "research_to_sale_ratio": null,
            "price_fair": 48.5,
            "eps_avg_yearly": 1.39,
            "eps_latest_yearly": 0.84,
            "eps_growth_yearly": 26.88
        },
        "20071": {
            "year_quarter": 20071,
            "year": 2007,
            "quarter": 1,
            "eps": 0.36,
            "eps_growth_year": 176.92,
            "eps_4q": 1.14,
            "eps_4q_growth_year": 690.57,
            "roe": 2.58,
            "roe_4q": 8.46,
            "gross_profit": 162360,
            "gross_margin": 16.08,
            "gross_margin_4q_avg": 15.84,
            "net_income": 165471,
            "net_income_4q": null,
            "revenue": 1009728,
            "revenue_4q": null,
            "common_shares": 4595580,
            "book_valuer_per_share": 14.28,
            "book_valuer_per_share_4q_avg": 13.82,
            "equity": 6561954,
            "current_ratio": 206.05,
            "debt_ratio": 34.31,
            "inventory_turnover_ratio": 0.55,
            "account_receivable_turnover_ratio": null,
            "reinvestment_rate": -1.4,
            "research_to_sale_ratio": null,
            "price_fair": 47,
            "eps_avg_yearly": 1.34,
            "eps_latest_yearly": 1.44,
            "eps_growth_yearly": 52.36
        },
        "20072": {
            "year_quarter": 20072,
            "year": 2007,
            "quarter": 2,
            "eps": 0.48,
            "eps_growth_year": 26.32,
            "eps_4q": 1.26,
            "eps_4q_growth_year": 170.71,
            "roe": 3.23,
            "roe_4q": 8.9,
            "gross_profit": 246478,
            "gross_margin": 19.9,
            "gross_margin_4q_avg": 16.24,
            "net_income": 218423,
            "net_income_4q": null,
            "revenue": 1238775,
            "revenue_4q": null,
            "common_shares": 4595580,
            "book_valuer_per_share": 15.15,
            "book_valuer_per_share_4q_avg": 14.16,
            "equity": 6960515,
            "current_ratio": 227.17,
            "debt_ratio": 35.85,
            "inventory_turnover_ratio": 1.87,
            "account_receivable_turnover_ratio": null,
            "reinvestment_rate": -3.37,
            "research_to_sale_ratio": null,
            "price_fair": 44.8,
            "eps_avg_yearly": 1.28,
            "eps_latest_yearly": 1.92,
            "eps_growth_yearly": 51.24
        },
        "20073": {
            "year_quarter": 20073,
            "year": 2007,
            "quarter": 3,
            "eps": 0.39,
            "eps_growth_year": 85.71,
            "eps_4q": 1.36,
            "eps_4q_growth_year": 140.14,
            "roe": 2.73,
            "roe_4q": 10.079999999999998,
            "gross_profit": 252851,
            "gross_margin": 18.51,
            "gross_margin_4q_avg": 16.96,
            "net_income": 192797,
            "net_income_4q": null,
            "revenue": 1365723,
            "revenue_4q": null,
            "common_shares": 4895000,
            "book_valuer_per_share": 14.61,
            "book_valuer_per_share_4q_avg": 14.43,
            "equity": 7151406,
            "current_ratio": 213.29,
            "debt_ratio": 35.77,
            "inventory_turnover_ratio": 1.98,
            "account_receivable_turnover_ratio": null,
            "reinvestment_rate": -3.75,
            "research_to_sale_ratio": null,
            "price_fair": 43,
            "eps_avg_yearly": 1.23,
            "eps_latest_yearly": 1.56,
            "eps_growth_yearly": 51.19
        },
        "20074": {
            "year_quarter": 20074,
            "year": 2007,
            "quarter": 4,
            "eps": -0.26,
            "eps_growth_year": -223.81,
            "eps_4q": 0.9,
            "eps_4q_growth_year": -0.18,
            "roe": -1.77,
            "roe_4q": 6.77,
            "gross_profit": 229852,
            "gross_margin": 15.97,
            "gross_margin_4q_avg": 17.62,
            "net_income": -125960,
            "net_income_4q": null,
            "revenue": 1439191,
            "revenue_4q": null,
            "common_shares": 4895000,
            "book_valuer_per_share": 14.51,
            "book_valuer_per_share_4q_avg": 14.64,
            "equity": 7113139,
            "current_ratio": 142.56,
            "debt_ratio": 55.12,
            "inventory_turnover_ratio": 0.67,
            "account_receivable_turnover_ratio": null,
            "reinvestment_rate": 86.47,
            "research_to_sale_ratio": null,
            "price_fair": 42.22,
            "eps_avg_yearly": 1.21,
            "eps_latest_yearly": 1.56,
            "eps_growth_yearly": 65.38
        },
        "20081": {
            "year_quarter": 20081,
            "year": 2008,
            "quarter": 1,
            "eps": 0.06,
            "eps_growth_year": -83.33,
            "eps_4q": 0.55,
            "eps_4q_growth_year": -51.47,
            "roe": 0.48,
            "roe_4q": 4.67,
            "gross_profit": 610857,
            "gross_margin": 13.9,
            "gross_margin_4q_avg": 17.07,
            "net_income": 34267,
            "net_income_4q": null,
            "revenue": 4394264,
            "revenue_4q": null,
            "common_shares": 4895000,
            "book_valuer_per_share": 14.33,
            "book_valuer_per_share_4q_avg": 14.65,
            "equity": 7029232,
            "current_ratio": 139.17,
            "debt_ratio": 57.04,
            "inventory_turnover_ratio": 1.11,
            "account_receivable_turnover_ratio": null,
            "reinvestment_rate": 265.18,
            "research_to_sale_ratio": null,
            "price_fair": 41.07,
            "eps_avg_yearly": 1.17,
            "eps_latest_yearly": 1.56,
            "eps_growth_yearly": 69.08
        },
        "20082": {
            "year_quarter": 20082,
            "year": 2008,
            "quarter": 2,
            "eps": 0.3,
            "eps_growth_year": -37.5,
            "eps_4q": 0.48,
            "eps_4q_growth_year": -62.38,
            "roe": 2.16,
            "roe_4q": 3.6,
            "gross_profit": 766441,
            "gross_margin": 12.49,
            "gross_margin_4q_avg": 15.22,
            "net_income": 154838,
            "net_income_4q": null,
            "revenue": 6135805,
            "revenue_4q": null,
            "common_shares": 4895000,
            "book_valuer_per_share": 14.85,
            "book_valuer_per_share_4q_avg": 14.58,
            "equity": 7292302,
            "current_ratio": 133.57,
            "debt_ratio": 57.79,
            "inventory_turnover_ratio": 1.3,
            "account_receivable_turnover_ratio": null,
            "reinvestment_rate": 293.33,
            "research_to_sale_ratio": null,
            "price_fair": 37.1,
            "eps_avg_yearly": 1.06,
            "eps_latest_yearly": 1.2,
            "eps_growth_yearly": 182.41
        },
        "20083": {
            "year_quarter": 20083,
            "year": 2008,
            "quarter": 3,
            "eps": 0.25,
            "eps_growth_year": -35.9,
            "eps_4q": 0.33,
            "eps_4q_growth_year": -75.68,
            "roe": 1.82,
            "roe_4q": 2.690000000000001,
            "gross_profit": 807998,
            "gross_margin": 13.03,
            "gross_margin_4q_avg": 13.85,
            "net_income": 138387,
            "net_income_4q": null,
            "revenue": 6199031,
            "revenue_4q": null,
            "common_shares": 5262500,
            "book_valuer_per_share": 15.01,
            "book_valuer_per_share_4q_avg": 14.68,
            "equity": 7932822,
            "current_ratio": 132.39,
            "debt_ratio": 55.71,
            "inventory_turnover_ratio": 1.2,
            "account_receivable_turnover_ratio": null,
            "reinvestment_rate": 332.41,
            "research_to_sale_ratio": null,
            "price_fair": 34.77,
            "eps_avg_yearly": 0.99,
            "eps_latest_yearly": 1,
            "eps_growth_yearly": 186.75
        },
        "20084": {
            "year_quarter": 20084,
            "year": 2008,
            "quarter": 4,
            "eps": 0.29,
            "eps_growth_year": null,
            "eps_4q": 0.88,
            "eps_4q_growth_year": -2.1,
            "roe": 1.89,
            "roe_4q": 6.35,
            "gross_profit": 687642,
            "gross_margin": 15.87,
            "gross_margin_4q_avg": 13.82,
            "net_income": 152766,
            "net_income_4q": null,
            "revenue": 4333266,
            "revenue_4q": null,
            "common_shares": 5262500,
            "book_valuer_per_share": 15.56,
            "book_valuer_per_share_4q_avg": 14.94,
            "equity": 8217323,
            "current_ratio": 136.32,
            "debt_ratio": 52.19,
            "inventory_turnover_ratio": 0.95,
            "account_receivable_turnover_ratio": 3.41,
            "reinvestment_rate": 119.22,
            "research_to_sale_ratio": null,
            "price_fair": 36.75,
            "eps_avg_yearly": 1.05,
            "eps_latest_yearly": 1.16,
            "eps_growth_yearly": 216.53
        },
        "20091": {
            "year_quarter": 20091,
            "year": 2009,
            "quarter": 1,
            "eps": 0.87,
            "eps_growth_year": 1350,
            "eps_4q": 1.68,
            "eps_4q_growth_year": 205.46,
            "roe": 5.37,
            "roe_4q": 11.24,
            "gross_profit": 1039697,
            "gross_margin": 24.51,
            "gross_margin_4q_avg": 16.48,
            "net_income": 461708,
            "net_income_4q": null,
            "revenue": 4242568,
            "revenue_4q": null,
            "common_shares": 5262500,
            "book_valuer_per_share": 16.97,
            "book_valuer_per_share_4q_avg": 15.6,
            "equity": 8964726,
            "current_ratio": 140.84,
            "debt_ratio": 48.4,
            "inventory_turnover_ratio": 1.15,
            "account_receivable_turnover_ratio": 1.79,
            "reinvestment_rate": 260.49,
            "research_to_sale_ratio": null,
            "price_fair": 45.5,
            "eps_avg_yearly": 1.3,
            "eps_latest_yearly": 3.48,
            "eps_growth_yearly": 283.19
        },
        "20092": {
            "year_quarter": 20092,
            "year": 2009,
            "quarter": 2,
            "eps": 1.36,
            "eps_growth_year": 353.33,
            "eps_4q": 2.73,
            "eps_4q_growth_year": 473.7,
            "roe": 8,
            "roe_4q": 17.080000000000002,
            "gross_profit": 1522626,
            "gross_margin": 31.8,
            "gross_margin_4q_avg": 21.3,
            "net_income": 728965,
            "net_income_4q": null,
            "revenue": 4788495,
            "revenue_4q": null,
            "common_shares": 5262500,
            "book_valuer_per_share": 17.5,
            "book_valuer_per_share_4q_avg": 16.26,
            "equity": 9255087,
            "current_ratio": 147.01,
            "debt_ratio": 45.24,
            "inventory_turnover_ratio": 1.34,
            "account_receivable_turnover_ratio": 2.3,
            "reinvestment_rate": 184.24,
            "research_to_sale_ratio": null,
            "price_fair": 60.67,
            "eps_avg_yearly": 1.73,
            "eps_latest_yearly": 5.44,
            "eps_growth_yearly": 318.63
        },
        "20093": {
            "year_quarter": 20093,
            "year": 2009,
            "quarter": 3,
            "eps": 1.39,
            "eps_growth_year": 456,
            "eps_4q": 3.73,
            "eps_4q_growth_year": 1026.63,
            "roe": 8.21,
            "roe_4q": 23.470000000000002,
            "gross_profit": 1535917,
            "gross_margin": 29.86,
            "gross_margin_4q_avg": 25.51,
            "net_income": 781087,
            "net_income_4q": null,
            "revenue": 5143275,
            "revenue_4q": null,
            "common_shares": 5526000,
            "book_valuer_per_share": 17.69,
            "book_valuer_per_share_4q_avg": 16.93,
            "equity": 9772766,
            "current_ratio": 152.94,
            "debt_ratio": 44.96,
            "inventory_turnover_ratio": 1.41,
            "account_receivable_turnover_ratio": 2.45,
            "reinvestment_rate": 137.1,
            "research_to_sale_ratio": null,
            "price_fair": 75.72,
            "eps_avg_yearly": 2.16,
            "eps_latest_yearly": 5.56,
            "eps_growth_yearly": 297.15
        },
        "20094": {
            "year_quarter": 20094,
            "year": 2009,
            "quarter": 4,
            "eps": 1.01,
            "eps_growth_year": 248.28,
            "eps_4q": 4.52,
            "eps_4q_growth_year": 414.19,
            "roe": 5.55,
            "roe_4q": 27.130000000000003,
            "gross_profit": 1335914,
            "gross_margin": 25.94,
            "gross_margin_4q_avg": 28.03,
            "net_income": 557451,
            "net_income_4q": null,
            "revenue": 5150547,
            "revenue_4q": null,
            "common_shares": 5526000,
            "book_valuer_per_share": 18.65,
            "book_valuer_per_share_4q_avg": 17.7,
            "equity": 10303658,
            "current_ratio": 180.2,
            "debt_ratio": 43.87,
            "inventory_turnover_ratio": 1.39,
            "account_receivable_turnover_ratio": 4.4,
            "reinvestment_rate": 75.5,
            "research_to_sale_ratio": null,
            "price_fair": 80.77,
            "eps_avg_yearly": 2.31,
            "eps_latest_yearly": 4.04,
            "eps_growth_yearly": 265.88
        },
        "20101": {
            "year_quarter": 20101,
            "year": 2010,
            "quarter": 1,
            "eps": 0.78,
            "eps_growth_year": -10.34,
            "eps_4q": 4.47,
            "eps_4q_growth_year": 165.35,
            "roe": 4.1,
            "roe_4q": 25.86,
            "gross_profit": 1127703,
            "gross_margin": 22,
            "gross_margin_4q_avg": 27.4,
            "net_income": 429935,
            "net_income_4q": null,
            "revenue": 5125588,
            "revenue_4q": null,
            "common_shares": 5526000,
            "book_valuer_per_share": 19.3,
            "book_valuer_per_share_4q_avg": 18.29,
            "equity": 10666713,
            "current_ratio": 185.11,
            "debt_ratio": 43.34,
            "inventory_turnover_ratio": 1.3,
            "account_receivable_turnover_ratio": 2.14,
            "reinvestment_rate": 153.93,
            "research_to_sale_ratio": 1.35,
            "price_fair": 82.8,
            "eps_avg_yearly": 2.37,
            "eps_latest_yearly": 3.12,
            "eps_growth_yearly": 240.38
        },
        "20102": {
            "year_quarter": 20102,
            "year": 2010,
            "quarter": 2,
            "eps": 0.66,
            "eps_growth_year": -51.27,
            "eps_4q": 3.49,
            "eps_4q_growth_year": 27.84,
            "roe": 3.86,
            "roe_4q": 21.72,
            "gross_profit": 1212016,
            "gross_margin": 19.55,
            "gross_margin_4q_avg": 24.34,
            "net_income": 411328,
            "net_income_4q": null,
            "revenue": 6199751,
            "revenue_4q": null,
            "common_shares": 5526000,
            "book_valuer_per_share": 19.27,
            "book_valuer_per_share_4q_avg": 18.73,
            "equity": 10649167,
            "current_ratio": 177.32,
            "debt_ratio": 45.9,
            "inventory_turnover_ratio": 1.39,
            "account_receivable_turnover_ratio": 2.36,
            "reinvestment_rate": 149.31,
            "research_to_sale_ratio": 1.25,
            "price_fair": 85.6,
            "eps_avg_yearly": 2.45,
            "eps_latest_yearly": 2.64,
            "eps_growth_yearly": 181.04
        },
        "20103": {
            "year_quarter": 20103,
            "year": 2010,
            "quarter": 3,
            "eps": 0.69,
            "eps_growth_year": -50.72,
            "eps_4q": 2.94,
            "eps_4q_growth_year": -21.25,
            "roe": 3.95,
            "roe_4q": 17.46,
            "gross_profit": 1116398,
            "gross_margin": 18.31,
            "gross_margin_4q_avg": 21.45,
            "net_income": 425133,
            "net_income_4q": null,
            "revenue": 6096148,
            "revenue_4q": null,
            "common_shares": 6206000,
            "book_valuer_per_share": 17.51,
            "book_valuer_per_share_4q_avg": 18.68,
            "equity": 10866179,
            "current_ratio": 213.38,
            "debt_ratio": 45.6,
            "inventory_turnover_ratio": 1.29,
            "account_receivable_turnover_ratio": 2.23,
            "reinvestment_rate": 142.05,
            "research_to_sale_ratio": 1.12,
            "price_fair": 90.4,
            "eps_avg_yearly": 2.58,
            "eps_latest_yearly": 2.76,
            "eps_growth_yearly": 195.12
        },
        "20104": {
            "year_quarter": 20104,
            "year": 2010,
            "quarter": 4,
            "eps": 0.45,
            "eps_growth_year": -55.64,
            "eps_4q": 2.49,
            "eps_4q_growth_year": -45,
            "roe": 2.62,
            "roe_4q": 14.53,
            "gross_profit": 1059209,
            "gross_margin": 16.8,
            "gross_margin_4q_avg": 19.17,
            "net_income": 278066,
            "net_income_4q": null,
            "revenue": 6306095,
            "revenue_4q": null,
            "common_shares": 6206000,
            "book_valuer_per_share": 16.73,
            "book_valuer_per_share_4q_avg": 18.2,
            "equity": 10383553,
            "current_ratio": 194.11,
            "debt_ratio": 48.48,
            "inventory_turnover_ratio": 1.3,
            "account_receivable_turnover_ratio": 2.34,
            "reinvestment_rate": 65.51,
            "research_to_sale_ratio": 1.63,
            "price_fair": 92.8,
            "eps_avg_yearly": 2.65,
            "eps_latest_yearly": 1.8,
            "eps_growth_yearly": 185.18
        },
        "20111": {
            "year_quarter": 20111,
            "year": 2011,
            "quarter": 1,
            "eps": 3.02,
            "eps_growth_year": 287.18,
            "eps_4q": 4.81,
            "eps_4q_growth_year": 7.65,
            "roe": 16.6,
            "roe_4q": 27.03,
            "gross_profit": 1046695,
            "gross_margin": 16.81,
            "gross_margin_4q_avg": 17.87,
            "net_income": 1871704,
            "net_income_4q": null,
            "revenue": 6226468,
            "revenue_4q": null,
            "common_shares": 6206000,
            "book_valuer_per_share": 19.61,
            "book_valuer_per_share_4q_avg": 18.28,
            "equity": 12171543,
            "current_ratio": 248.39,
            "debt_ratio": 45.44,
            "inventory_turnover_ratio": 1.16,
            "account_receivable_turnover_ratio": 2.09,
            "reinvestment_rate": 77.68,
            "research_to_sale_ratio": 1.12,
            "price_fair": 119.4,
            "eps_avg_yearly": 3.41,
            "eps_latest_yearly": 12.08,
            "eps_growth_yearly": 327.95
        },
        "20112": {
            "year_quarter": 20112,
            "year": 2011,
            "quarter": 2,
            "eps": 0.74,
            "eps_growth_year": 12.19,
            "eps_4q": 4.48,
            "eps_4q_growth_year": 28.5,
            "roe": 4.27,
            "roe_4q": 27.44,
            "gross_profit": 1283333,
            "gross_margin": 17.76,
            "gross_margin_4q_avg": 17.42,
            "net_income": 512256,
            "net_income_4q": null,
            "revenue": 7226827,
            "revenue_4q": null,
            "common_shares": 6206000,
            "book_valuer_per_share": 19.01,
            "book_valuer_per_share_4q_avg": 18.22,
            "equity": 11800298,
            "current_ratio": 234.23,
            "debt_ratio": 48.4,
            "inventory_turnover_ratio": 1.2,
            "account_receivable_turnover_ratio": 2.18,
            "reinvestment_rate": 76.3,
            "research_to_sale_ratio": 1.22,
            "price_fair": 122,
            "eps_avg_yearly": 3.49,
            "eps_latest_yearly": 2.96,
            "eps_growth_yearly": 296.86
        },
        "20113": {
            "year_quarter": 20113,
            "year": 2011,
            "quarter": 3,
            "eps": 0.45,
            "eps_growth_year": -34.21,
            "eps_4q": 4.31,
            "eps_4q_growth_year": 46.82,
            "roe": 2.49,
            "roe_4q": 25.98,
            "gross_profit": 1017275,
            "gross_margin": 14.25,
            "gross_margin_4q_avg": 16.41,
            "net_income": 310489,
            "net_income_4q": null,
            "revenue": 7140276,
            "revenue_4q": null,
            "common_shares": 6889000,
            "book_valuer_per_share": 19.03,
            "book_valuer_per_share_4q_avg": 18.6,
            "equity": 13111717,
            "current_ratio": 259.8,
            "debt_ratio": 46.69,
            "inventory_turnover_ratio": 1.09,
            "account_receivable_turnover_ratio": 2.03,
            "reinvestment_rate": 81.79,
            "research_to_sale_ratio": 1.3,
            "price_fair": 122.6,
            "eps_avg_yearly": 3.5,
            "eps_latest_yearly": 1.8,
            "eps_growth_yearly": 291.02
        },
        "20114": {
            "year_quarter": 20114,
            "year": 2011,
            "quarter": 4,
            "eps": 0.47,
            "eps_growth_year": 5.28,
            "eps_4q": 4.38,
            "eps_4q_growth_year": 76.12,
            "roe": 2.47,
            "roe_4q": 25.830000000000002,
            "gross_profit": 1077589,
            "gross_margin": 14.97,
            "gross_margin_4q_avg": 15.95,
            "net_income": 324951,
            "net_income_4q": null,
            "revenue": 7198127,
            "revenue_4q": null,
            "common_shares": 6889000,
            "book_valuer_per_share": 19.21,
            "book_valuer_per_share_4q_avg": 19.22,
            "equity": 13235470,
            "current_ratio": 249.4,
            "debt_ratio": 45.65,
            "inventory_turnover_ratio": 1.06,
            "account_receivable_turnover_ratio": 1.98,
            "reinvestment_rate": 25.16,
            "research_to_sale_ratio": 1.6,
            "price_fair": 118.81,
            "eps_avg_yearly": 3.39,
            "eps_latest_yearly": 1.88,
            "eps_growth_yearly": 272.8
        },
        "20121": {
            "year_quarter": 20121,
            "year": 2012,
            "quarter": 1,
            "eps": 0.72,
            "eps_growth_year": -76.16,
            "eps_4q": 2.38,
            "eps_4q_growth_year": -50.47,
            "roe": 3.71,
            "roe_4q": 12.94,
            "gross_profit": 1319937,
            "gross_margin": 18.89,
            "gross_margin_4q_avg": 16.47,
            "net_income": 494274,
            "net_income_4q": null,
            "revenue": 6987531,
            "revenue_4q": null,
            "common_shares": 6889000,
            "book_valuer_per_share": 19.48,
            "book_valuer_per_share_4q_avg": 19.18,
            "equity": 13420295,
            "current_ratio": 259.13,
            "debt_ratio": 46.13,
            "inventory_turnover_ratio": 1.04,
            "account_receivable_turnover_ratio": 1.84,
            "reinvestment_rate": 213.66,
            "research_to_sale_ratio": 1.25,
            "price_fair": 117.69,
            "eps_avg_yearly": 3.36,
            "eps_latest_yearly": 2.88,
            "eps_growth_yearly": 269.05
        },
        "20122": {
            "year_quarter": 20122,
            "year": 2012,
            "quarter": 2,
            "eps": 0.74,
            "eps_growth_year": -0.53,
            "eps_4q": 2.28,
            "eps_4q_growth_year": -49.13,
            "roe": 4.08,
            "roe_4q": 12.75,
            "gross_profit": 1615059,
            "gross_margin": 20.34,
            "gross_margin_4q_avg": 17.11,
            "net_income": 542683,
            "net_income_4q": null,
            "revenue": 7939800,
            "revenue_4q": null,
            "common_shares": 6889000,
            "book_valuer_per_share": 19.1,
            "book_valuer_per_share_4q_avg": 19.21,
            "equity": 13155926,
            "current_ratio": 230.12,
            "debt_ratio": 48.27,
            "inventory_turnover_ratio": 1.21,
            "account_receivable_turnover_ratio": 2.01,
            "reinvestment_rate": 28.43,
            "research_to_sale_ratio": 1.34,
            "price_fair": 121.54,
            "eps_avg_yearly": 3.47,
            "eps_latest_yearly": 2.96,
            "eps_growth_yearly": 169.74
        },
        "20123": {
            "year_quarter": 20123,
            "year": 2012,
            "quarter": 3,
            "eps": 1.01,
            "eps_growth_year": 124.65,
            "eps_4q": 2.87,
            "eps_4q_growth_year": -33.51,
            "roe": 5.55,
            "roe_4q": 15.81,
            "gross_profit": 1667859,
            "gross_margin": 22.27,
            "gross_margin_4q_avg": 19.12,
            "net_income": 742864,
            "net_income_4q": null,
            "revenue": 7490796,
            "revenue_4q": null,
            "common_shares": 7336800,
            "book_valuer_per_share": 18.55,
            "book_valuer_per_share_4q_avg": 19.09,
            "equity": 13611834,
            "current_ratio": 278.07,
            "debt_ratio": 46.72,
            "inventory_turnover_ratio": 1.21,
            "account_receivable_turnover_ratio": 1.99,
            "reinvestment_rate": 23.55,
            "research_to_sale_ratio": 1.39,
            "price_fair": 128.19,
            "eps_avg_yearly": 3.66,
            "eps_latest_yearly": 4.04,
            "eps_growth_yearly": 183.03
        },
        "20124": {
            "year_quarter": 20124,
            "year": 2012,
            "quarter": 4,
            "eps": 1.18,
            "eps_growth_year": 149.7,
            "eps_4q": 3.6,
            "eps_4q_growth_year": -17.78,
            "roe": 6.17,
            "roe_4q": 19.509999999999998,
            "gross_profit": 1837052,
            "gross_margin": 26.53,
            "gross_margin_4q_avg": 22.01,
            "net_income": 864131,
            "net_income_4q": null,
            "revenue": 6925020,
            "revenue_4q": null,
            "common_shares": 7336800,
            "book_valuer_per_share": 19.63,
            "book_valuer_per_share_4q_avg": 19.19,
            "equity": 14404546,
            "current_ratio": 288.94,
            "debt_ratio": 45.37,
            "inventory_turnover_ratio": 1.14,
            "account_receivable_turnover_ratio": 1.95,
            "reinvestment_rate": 193.64,
            "research_to_sale_ratio": 2.85,
            "price_fair": 135.98,
            "eps_avg_yearly": 3.89,
            "eps_latest_yearly": 4.72,
            "eps_growth_yearly": 183.24
        },
        "20131": {
            "year_quarter": 20131,
            "year": 2013,
            "quarter": 1,
            "eps": 1.05,
            "eps_growth_year": 45.83,
            "eps_4q": 3.98,
            "eps_4q_growth_year": 66.91,
            "roe": 5.16,
            "roe_4q": 20.96,
            "gross_profit": 1676902,
            "gross_margin": 24.75,
            "gross_margin_4q_avg": 23.47,
            "net_income": 769089,
            "net_income_4q": null,
            "revenue": 6776218,
            "revenue_4q": null,
            "common_shares": 7336800,
            "book_valuer_per_share": 21.02,
            "book_valuer_per_share_4q_avg": 19.58,
            "equity": 15423645,
            "current_ratio": 290.62,
            "debt_ratio": 44.66,
            "inventory_turnover_ratio": 1.17,
            "account_receivable_turnover_ratio": 1.78,
            "reinvestment_rate": 15.19,
            "research_to_sale_ratio": 1.58,
            "price_fair": 137.55,
            "eps_avg_yearly": 3.93,
            "eps_latest_yearly": 4.2,
            "eps_growth_yearly": 130.48
        },
        "20132": {
            "year_quarter": 20132,
            "year": 2013,
            "quarter": 2,
            "eps": 1.21,
            "eps_growth_year": 63.59,
            "eps_4q": 4.28,
            "eps_4q_growth_year": 87.69,
            "roe": 5.78,
            "roe_4q": 22.66,
            "gross_profit": 2059236,
            "gross_margin": 26.09,
            "gross_margin_4q_avg": 24.91,
            "net_income": 888482,
            "net_income_4q": null,
            "revenue": 7892911,
            "revenue_4q": null,
            "common_shares": 7336800,
            "book_valuer_per_share": 20.85,
            "book_valuer_per_share_4q_avg": 20.01,
            "equity": 15299906,
            "current_ratio": 244.3,
            "debt_ratio": 47.41,
            "inventory_turnover_ratio": 1.28,
            "account_receivable_turnover_ratio": 1.89,
            "reinvestment_rate": 20.16,
            "research_to_sale_ratio": 1.61,
            "price_fair": 136.24,
            "eps_avg_yearly": 3.89,
            "eps_latest_yearly": 4.84,
            "eps_growth_yearly": 120.21
        },
        "20133": {
            "year_quarter": 20133,
            "year": 2013,
            "quarter": 3,
            "eps": 1.06,
            "eps_growth_year": 4.69,
            "eps_4q": 4.37,
            "eps_4q_growth_year": 52.24,
            "roe": 5.19,
            "roe_4q": 22.300000000000004,
            "gross_profit": 1866532,
            "gross_margin": 25.3,
            "gross_margin_4q_avg": 25.67,
            "net_income": 810768,
            "net_income_4q": null,
            "revenue": 7377090,
            "revenue_4q": null,
            "common_shares": 7630300,
            "book_valuer_per_share": 20.89,
            "book_valuer_per_share_4q_avg": 20.6,
            "equity": 15936283,
            "current_ratio": 273.02,
            "debt_ratio": 45.6,
            "inventory_turnover_ratio": 1.25,
            "account_receivable_turnover_ratio": 1.86,
            "reinvestment_rate": 22.21,
            "research_to_sale_ratio": 1.8,
            "price_fair": 133.35,
            "eps_avg_yearly": 3.81,
            "eps_latest_yearly": 4.24,
            "eps_growth_yearly": 116.56
        },
        "20134": {
            "year_quarter": 20134,
            "year": 2013,
            "quarter": 4,
            "eps": 1.01,
            "eps_growth_year": -14.39,
            "eps_4q": 4.24,
            "eps_4q_growth_year": 17.75,
            "roe": 5.49,
            "roe_4q": 21.62,
            "gross_profit": 2494534,
            "gross_margin": 23.98,
            "gross_margin_4q_avg": 25.03,
            "net_income": 898623,
            "net_income_4q": null,
            "revenue": 10404365,
            "revenue_4q": null,
            "common_shares": 7630300,
            "book_valuer_per_share": 22.03,
            "book_valuer_per_share_4q_avg": 21.2,
            "equity": 16812666,
            "current_ratio": 305.95,
            "debt_ratio": 48.11,
            "inventory_turnover_ratio": 1.6,
            "account_receivable_turnover_ratio": 2.92,
            "reinvestment_rate": 18.1,
            "research_to_sale_ratio": 1.5,
            "price_fair": 133.35,
            "eps_avg_yearly": 3.81,
            "eps_latest_yearly": 4.04,
            "eps_growth_yearly": 122.22
        },
        "20141": {
            "year_quarter": 20141,
            "year": 2014,
            "quarter": 1,
            "eps": 1.12,
            "eps_growth_year": 6.67,
            "eps_4q": 4.36,
            "eps_4q_growth_year": 9.53,
            "roe": 4.93,
            "roe_4q": 21.39,
            "gross_profit": 2024109,
            "gross_margin": 25.62,
            "gross_margin_4q_avg": 25.25,
            "net_income": 856104,
            "net_income_4q": null,
            "revenue": 7901890,
            "revenue_4q": null,
            "common_shares": 7630300,
            "book_valuer_per_share": 23.51,
            "book_valuer_per_share_4q_avg": 21.82,
            "equity": 17937372,
            "current_ratio": 297.94,
            "debt_ratio": 46.76,
            "inventory_turnover_ratio": 0.98,
            "account_receivable_turnover_ratio": 2.09,
            "reinvestment_rate": 16.09,
            "research_to_sale_ratio": 1.64,
            "price_fair": 136.33,
            "eps_avg_yearly": 3.9,
            "eps_latest_yearly": 4.48,
            "eps_growth_yearly": 130.63
        },
        "20142": {
            "year_quarter": 20142,
            "year": 2014,
            "quarter": 2,
            "eps": 1.19,
            "eps_growth_year": -1.65,
            "eps_4q": 4.1,
            "eps_4q_growth_year": -4.19,
            "roe": 5.19,
            "roe_4q": 20.8,
            "gross_profit": 2388869,
            "gross_margin": 26.25,
            "gross_margin_4q_avg": 25.29,
            "net_income": 910491,
            "net_income_4q": null,
            "revenue": 9101326,
            "revenue_4q": null,
            "common_shares": 7630300,
            "book_valuer_per_share": 22.44,
            "book_valuer_per_share_4q_avg": 22.22,
            "equity": 17121148,
            "current_ratio": 251.98,
            "debt_ratio": 50.23,
            "inventory_turnover_ratio": 1.08,
            "account_receivable_turnover_ratio": 2.29,
            "reinvestment_rate": 12.82,
            "research_to_sale_ratio": 1.61,
            "price_fair": 140.96,
            "eps_avg_yearly": 4.03,
            "eps_latest_yearly": 4.76,
            "eps_growth_yearly": 136.04
        },
        "20143": {
            "year_quarter": 20143,
            "year": 2014,
            "quarter": 3,
            "eps": 1.15,
            "eps_growth_year": 8.49,
            "eps_4q": 4.25,
            "eps_4q_growth_year": -2.64,
            "roe": 5.27,
            "roe_4q": 20.880000000000003,
            "gross_profit": 2256822,
            "gross_margin": 26.82,
            "gross_margin_4q_avg": 25.67,
            "net_income": 935762,
            "net_income_4q": null,
            "revenue": 8413978,
            "revenue_4q": null,
            "common_shares": 8164500,
            "book_valuer_per_share": 22.53,
            "book_valuer_per_share_4q_avg": 22.63,
            "equity": 18395517,
            "current_ratio": 274.59,
            "debt_ratio": 48.64,
            "inventory_turnover_ratio": 0.99,
            "account_receivable_turnover_ratio": 2.09,
            "reinvestment_rate": 12.3,
            "research_to_sale_ratio": 1.69,
            "price_fair": 144.99,
            "eps_avg_yearly": 4.14,
            "eps_latest_yearly": 4.6,
            "eps_growth_yearly": 134.07
        },
        "20144": {
            "year_quarter": 20144,
            "year": 2014,
            "quarter": 4,
            "eps": 1.19,
            "eps_growth_year": 18.44,
            "eps_4q": 4.5,
            "eps_4q_growth_year": 6.15,
            "roe": 5.06,
            "roe_4q": 20.45,
            "gross_profit": 2135910,
            "gross_margin": 27.12,
            "gross_margin_4q_avg": 26.45,
            "net_income": 975062,
            "net_income_4q": null,
            "revenue": 7875319,
            "revenue_4q": null,
            "common_shares": 8164500,
            "book_valuer_per_share": 24.71,
            "book_valuer_per_share_4q_avg": 23.3,
            "equity": 20172835,
            "current_ratio": 324.11,
            "debt_ratio": 47.51,
            "inventory_turnover_ratio": 0.9,
            "account_receivable_turnover_ratio": 1.9,
            "reinvestment_rate": 18,
            "research_to_sale_ratio": 3.6,
            "price_fair": 151.46,
            "eps_avg_yearly": 4.33,
            "eps_latest_yearly": 4.76,
            "eps_growth_yearly": 143.63
        },
        "20151": {
            "year_quarter": 20151,
            "year": 2015,
            "quarter": 1,
            "eps": 0.7,
            "eps_growth_year": -37.5,
            "eps_4q": 4.15,
            "eps_4q_growth_year": -4.73,
            "roe": 2.8,
            "roe_4q": 18.32,
            "gross_profit": 1863971,
            "gross_margin": 25.08,
            "gross_margin_4q_avg": 26.32,
            "net_income": 567893,
            "net_income_4q": null,
            "revenue": 7433072,
            "revenue_4q": null,
            "common_shares": 8164500,
            "book_valuer_per_share": 25.03,
            "book_valuer_per_share_4q_avg": 23.68,
            "equity": 20431755,
            "current_ratio": 346.37,
            "debt_ratio": 46.21,
            "inventory_turnover_ratio": 0.88,
            "account_receivable_turnover_ratio": 1.86,
            "reinvestment_rate": 32.63,
            "research_to_sale_ratio": 3.29,
            "price_fair": 11.24,
            "eps_avg_yearly": 3.75,
            "eps_latest_yearly": 2.8,
            "eps_growth_yearly": -9.44
        },
        "20152": {
            "year_quarter": 20152,
            "year": 2015,
            "quarter": 2,
            "eps": 1.03,
            "eps_growth_year": -13.45,
            "eps_4q": 3.88,
            "eps_4q_growth_year": -5.45,
            "roe": 4.26,
            "roe_4q": 17.39,
            "gross_profit": 2385069,
            "gross_margin": 28.23,
            "gross_margin_4q_avg": 26.81,
            "net_income": 844017,
            "net_income_4q": null,
            "revenue": 8447797,
            "revenue_4q": null,
            "common_shares": 8164500,
            "book_valuer_per_share": 23.52,
            "book_valuer_per_share_4q_avg": 23.95,
            "equity": 19203460,
            "current_ratio": 276.36,
            "debt_ratio": 49.89,
            "inventory_turnover_ratio": 1,
            "account_receivable_turnover_ratio": 2.13,
            "reinvestment_rate": 28.96,
            "research_to_sale_ratio": 3.1,
            "price_fair": 119.26,
            "eps_avg_yearly": 3.82,
            "eps_latest_yearly": 4.12,
            "eps_growth_yearly": 21.22
        },
        "20153": {
            "year_quarter": 20153,
            "year": 2015,
            "quarter": 3,
            "eps": 1.48,
            "eps_growth_year": 28.7,
            "eps_4q": 4.27,
            "eps_4q_growth_year": 0.36,
            "roe": 6.29,
            "roe_4q": 18.41,
            "gross_profit": 2186938,
            "gross_margin": 26.96,
            "gross_margin_4q_avg": 26.85,
            "net_income": 1271448,
            "net_income_4q": null,
            "revenue": 8111536,
            "revenue_4q": null,
            "common_shares": 8572800,
            "book_valuer_per_share": 24.77,
            "book_valuer_per_share_4q_avg": 24.51,
            "equity": 21235293,
            "current_ratio": 275.58,
            "debt_ratio": 47.34,
            "inventory_turnover_ratio": 0.98,
            "account_receivable_turnover_ratio": 2,
            "reinvestment_rate": 24.44,
            "research_to_sale_ratio": 3.26,
            "price_fair": 142.71,
            "eps_avg_yearly": 4.08,
            "eps_latest_yearly": 5.92,
            "eps_growth_yearly": 41.94
        },
        "20154": {
            "year_quarter": 20154,
            "year": 2015,
            "quarter": 4,
            "eps": 0.91,
            "eps_growth_year": -23.46,
            "eps_4q": 4.04,
            "eps_4q_growth_year": -10.21,
            "roe": 3.65,
            "roe_4q": 17,
            "gross_profit": 2152282,
            "gross_margin": 29.7,
            "gross_margin_4q_avg": 27.49,
            "net_income": 783619,
            "net_income_4q": null,
            "revenue": 7247549,
            "revenue_4q": null,
            "common_shares": 8572800,
            "book_valuer_per_share": 25.3,
            "book_valuer_per_share_4q_avg": 24.66,
            "equity": 21686385,
            "current_ratio": 394.02,
            "debt_ratio": 46.88,
            "inventory_turnover_ratio": 0.86,
            "account_receivable_turnover_ratio": 1.89,
            "reinvestment_rate": 26.06,
            "research_to_sale_ratio": 3.88,
            "price_fair": 146.56,
            "eps_avg_yearly": 4.19,
            "eps_latest_yearly": 3.64,
            "eps_growth_yearly": 31.2
        },
        "20161": {
            "year_quarter": 20161,
            "year": 2016,
            "quarter": 1,
            "eps": 0.75,
            "eps_growth_year": 7.14,
            "eps_4q": 4.13,
            "eps_4q_growth_year": -0.58,
            "roe": 2.93,
            "roe_4q": 17.130000000000003,
            "gross_profit": 1986428,
            "gross_margin": 27.62,
            "gross_margin_4q_avg": 28.13,
            "net_income": 638810,
            "net_income_4q": null,
            "revenue": 7192238,
            "revenue_4q": null,
            "common_shares": 8572800,
            "book_valuer_per_share": 25.64,
            "book_valuer_per_share_4q_avg": 24.81,
            "equity": 21976642,
            "current_ratio": 406.25,
            "debt_ratio": 45.67,
            "inventory_turnover_ratio": 0.95,
            "account_receivable_turnover_ratio": 1.89,
            "reinvestment_rate": -88.89,
            "research_to_sale_ratio": 3.82,
            "price_fair": 98.6,
            "eps_avg_yearly": 4.2,
            "eps_latest_yearly": 3,
            "eps_growth_yearly": 13.51
        },
        "20162": {
            "year_quarter": 20162,
            "year": 2016,
            "quarter": 2,
            "eps": 1.01,
            "eps_growth_year": -1.94,
            "eps_4q": 4.07,
            "eps_4q_growth_year": 5.04,
            "roe": 4.06,
            "roe_4q": 16.93,
            "gross_profit": 2277297,
            "gross_margin": 28.66,
            "gross_margin_4q_avg": 28.24,
            "net_income": 866003,
            "net_income_4q": null,
            "revenue": 7945424,
            "revenue_4q": null,
            "common_shares": 8572800,
            "book_valuer_per_share": 24.1,
            "book_valuer_per_share_4q_avg": 24.95,
            "equity": 20657105,
            "current_ratio": 333.72,
            "debt_ratio": 49.39,
            "inventory_turnover_ratio": 1.1,
            "account_receivable_turnover_ratio": 2.07,
            "reinvestment_rate": 20.97,
            "research_to_sale_ratio": 3.75,
            "price_fair": 134.17,
            "eps_avg_yearly": 4.26,
            "eps_latest_yearly": 4.04,
            "eps_growth_yearly": 21.48
        },
        "20163": {
            "year_quarter": 20163,
            "year": 2016,
            "quarter": 3,
            "eps": 0.85,
            "eps_growth_year": -42.57,
            "eps_4q": 3.47,
            "eps_4q_growth_year": -18.67,
            "roe": 3.61,
            "roe_4q": 14.25,
            "gross_profit": 1952319,
            "gross_margin": 27.25,
            "gross_margin_4q_avg": 28.31,
            "net_income": 746296,
            "net_income_4q": null,
            "revenue": 7163822,
            "revenue_4q": null,
            "common_shares": 8744300,
            "book_valuer_per_share": 23.61,
            "book_valuer_per_share_4q_avg": 24.66,
            "equity": 20643089,
            "current_ratio": 323.67,
            "debt_ratio": 48.88,
            "inventory_turnover_ratio": 1.02,
            "account_receivable_turnover_ratio": 2.04,
            "reinvestment_rate": 20.08,
            "research_to_sale_ratio": 3.98,
            "price_fair": 77.68,
            "eps_avg_yearly": 4.22,
            "eps_latest_yearly": 3.4,
            "eps_growth_yearly": 8.4
        },
        "20164": {
            "year_quarter": 20164,
            "year": 2016,
            "quarter": 4,
            "eps": 0.96,
            "eps_growth_year": 5.26,
            "eps_4q": 3.54,
            "eps_4q_growth_year": -12.55,
            "roe": 3.99,
            "roe_4q": 14.59,
            "gross_profit": 1755739,
            "gross_margin": 24.41,
            "gross_margin_4q_avg": 26.99,
            "net_income": 841334,
            "net_income_4q": null,
            "revenue": 7192144,
            "revenue_4q": null,
            "common_shares": 8744300,
            "book_valuer_per_share": 24.63,
            "book_valuer_per_share_4q_avg": 24.5,
            "equity": 21540646,
            "current_ratio": 350.76,
            "debt_ratio": 48.56,
            "inventory_turnover_ratio": 1.01,
            "account_receivable_turnover_ratio": 2.05,
            "reinvestment_rate": -103.91,
            "research_to_sale_ratio": 3.95,
            "price_fair": 72.61,
            "eps_avg_yearly": 4.17,
            "eps_latest_yearly": 3.84,
            "eps_growth_yearly": 7.42
        },
        "20171": {
            "year_quarter": 20171,
            "year": 2017,
            "quarter": 1,
            "eps": 0.23,
            "eps_growth_year": -69.33,
            "eps_4q": 3.04,
            "eps_4q_growth_year": -26.35,
            "roe": 0.97,
            "roe_4q": 12.629999999999999,
            "gross_profit": 1558800,
            "gross_margin": 21.34,
            "gross_margin_4q_avg": 25.42,
            "net_income": 204139,
            "net_income_4q": null,
            "revenue": 7303729,
            "revenue_4q": null,
            "common_shares": 8744300,
            "book_valuer_per_share": 23.38,
            "book_valuer_per_share_4q_avg": 23.93,
            "equity": 20444182,
            "current_ratio": 379.77,
            "debt_ratio": 48.83,
            "inventory_turnover_ratio": 1,
            "account_receivable_turnover_ratio": 1.93,
            "reinvestment_rate": 20.21,
            "research_to_sale_ratio": 3.83,
            "price_fair": 11.89,
            "eps_avg_yearly": 3.96,
            "eps_latest_yearly": 0.92,
            "eps_growth_yearly": -8.83
        },
        "20172": {
            "year_quarter": 20172,
            "year": 2017,
            "quarter": 2,
            "eps": 0.01,
            "eps_growth_year": -99.01,
            "eps_4q": 2.06,
            "eps_4q_growth_year": -49.52,
            "roe": 0.03,
            "roe_4q": 8.6,
            "gross_profit": 1461880,
            "gross_margin": 18.74,
            "gross_margin_4q_avg": 22.94,
            "net_income": 5233,
            "net_income_4q": null,
            "revenue": 7801965,
            "revenue_4q": null,
            "common_shares": 8744300,
            "book_valuer_per_share": 21.78,
            "book_valuer_per_share_4q_avg": 23.35,
            "equity": 19044654,
            "current_ratio": 281.64,
            "debt_ratio": 52.96,
            "inventory_turnover_ratio": 1.03,
            "account_receivable_turnover_ratio": 1.98,
            "reinvestment_rate": 23.33,
            "research_to_sale_ratio": 3.78,
            "price_fair": 10.99,
            "eps_avg_yearly": 3.66,
            "eps_latest_yearly": 0.04,
            "eps_growth_yearly": -36.56
        },
        "20173": {
            "year_quarter": 20173,
            "year": 2017,
            "quarter": 3,
            "eps": 0.15,
            "eps_growth_year": -82.35,
            "eps_4q": 1.35,
            "eps_4q_growth_year": -61.06,
            "roe": 0.68,
            "roe_4q": 5.67,
            "gross_profit": 1532175,
            "gross_margin": 20.25,
            "gross_margin_4q_avg": 21.19,
            "net_income": 131088,
            "net_income_4q": null,
            "revenue": 7567035,
            "revenue_4q": null,
            "common_shares": 8744300,
            "book_valuer_per_share": 22.14,
            "book_valuer_per_share_4q_avg": 22.98,
            "equity": 19357525,
            "current_ratio": 381.66,
            "debt_ratio": 51.8,
            "inventory_turnover_ratio": 0.95,
            "account_receivable_turnover_ratio": 1.97,
            "reinvestment_rate": 27.37,
            "research_to_sale_ratio": 4.15,
            "price_fair": 120.23,
            "eps_avg_yearly": 3.44,
            "eps_latest_yearly": 0.6,
            "eps_growth_yearly": 316.54
        },
        "20174": {
            "year_quarter": 20174,
            "year": 2017,
            "quarter": 4,
            "eps": -0.01,
            "eps_growth_year": -101.37,
            "eps_4q": 0.38,
            "eps_4q_growth_year": -89.36,
            "roe": -0.06,
            "roe_4q": 1.62,
            "gross_profit": 1509288,
            "gross_margin": 19.2,
            "gross_margin_4q_avg": 19.88,
            "net_income": -11495,
            "net_income_4q": null,
            "revenue": 7859957,
            "revenue_4q": null,
            "common_shares": 8744300,
            "book_valuer_per_share": 21.95,
            "book_valuer_per_share_4q_avg": 22.31,
            "equity": 19197812,
            "current_ratio": 269.31,
            "debt_ratio": 53.12,
            "inventory_turnover_ratio": 0.93,
            "account_receivable_turnover_ratio": 2.05,
            "reinvestment_rate": 24.53,
            "research_to_sale_ratio": 3.86,
            "price_fair": 118.81,
            "eps_avg_yearly": 3.39,
            "eps_latest_yearly": 0.6,
            "eps_growth_yearly": 338.9
        },
        "20181": {
            "year_quarter": 20181,
            "year": 2018,
            "quarter": 1,
            "eps": -0.2,
            "eps_growth_year": -186.96,
            "eps_4q": -0.06,
            "eps_4q_growth_year": -101.99,
            "roe": -0.92,
            "roe_4q": -0.2699999999999999,
            "gross_profit": 1431773,
            "gross_margin": 18.18,
            "gross_margin_4q_avg": 19.09,
            "net_income": -177779,
            "net_income_4q": null,
            "revenue": 7876709,
            "revenue_4q": null,
            "common_shares": 8744300,
            "book_valuer_per_share": 22.08,
            "book_valuer_per_share_4q_avg": 21.99,
            "equity": 19310606,
            "current_ratio": 276.49,
            "debt_ratio": 52.32,
            "inventory_turnover_ratio": 0.87,
            "account_receivable_turnover_ratio": 1.94,
            "reinvestment_rate": 32.84,
            "research_to_sale_ratio": 3.76,
            "price_fair": 116.1,
            "eps_avg_yearly": 3.32,
            "eps_latest_yearly": 0.6,
            "eps_growth_yearly": 360
        },
        "20182": {
            "year_quarter": 20182,
            "year": 2018,
            "quarter": 2,
            "eps": 0.57,
            "eps_growth_year": 5600,
            "eps_4q": 0.5,
            "eps_4q_growth_year": -75.53,
            "roe": 2.6,
            "roe_4q": 2.3000000000000003,
            "gross_profit": 1507233,
            "gross_margin": 18.06,
            "gross_margin_4q_avg": 18.92,
            "net_income": 497824,
            "net_income_4q": null,
            "revenue": 8345183,
            "revenue_4q": null,
            "common_shares": 8744300,
            "book_valuer_per_share": 21.69,
            "book_valuer_per_share_4q_avg": 21.97,
            "equity": 18963055,
            "current_ratio": 242.66,
            "debt_ratio": 53.83,
            "inventory_turnover_ratio": 0.89,
            "account_receivable_turnover_ratio": 2.04,
            "reinvestment_rate": 35.52,
            "research_to_sale_ratio": 3.83,
            "price_fair": 112.22,
            "eps_avg_yearly": 3.21,
            "eps_latest_yearly": 0.6,
            "eps_growth_yearly": 385.77
        },
        "20183": {
            "year_quarter": 20183,
            "year": 2018,
            "quarter": 3,
            "eps": 0.32,
            "eps_growth_year": 113.33,
            "eps_4q": 0.68,
            "eps_4q_growth_year": -49.75,
            "roe": 1.51,
            "roe_4q": 3.1300000000000003,
            "gross_profit": 1330109,
            "gross_margin": 17,
            "gross_margin_4q_avg": 18.11,
            "net_income": 285302,
            "net_income_4q": null,
            "revenue": 7824434,
            "revenue_4q": null,
            "common_shares": 8744300,
            "book_valuer_per_share": 21.43,
            "book_valuer_per_share_4q_avg": 21.79,
            "equity": 18741141,
            "current_ratio": 238.73,
            "debt_ratio": 53.16,
            "inventory_turnover_ratio": 0.85,
            "account_receivable_turnover_ratio": 1.96,
            "reinvestment_rate": 41.36,
            "research_to_sale_ratio": 4.1,
            "price_fair": 103.28,
            "eps_avg_yearly": 2.95,
            "eps_latest_yearly": 1.28,
            "eps_growth_yearly": 373.31
        },
        "20184": {
            "year_quarter": 20184,
            "year": 2018,
            "quarter": 4,
            "eps": 0.1,
            "eps_growth_year": null,
            "eps_4q": 0.79,
            "eps_4q_growth_year": 109.49,
            "roe": 0.44,
            "roe_4q": 3.63,
            "gross_profit": 1385514,
            "gross_margin": 18.52,
            "gross_margin_4q_avg": 17.94,
            "net_income": 83815,
            "net_income_4q": null,
            "revenue": 7479880,
            "revenue_4q": null,
            "common_shares": 8744300,
            "book_valuer_per_share": 21.75,
            "book_valuer_per_share_4q_avg": 21.74,
            "equity": 19016100,
            "current_ratio": 234.07,
            "debt_ratio": 52.64,
            "inventory_turnover_ratio": 0.81,
            "account_receivable_turnover_ratio": 1.97,
            "reinvestment_rate": 48.55,
            "research_to_sale_ratio": 4.56,
            "price_fair": 91.54,
            "eps_avg_yearly": 2.62,
            "eps_latest_yearly": 0.4,
            "eps_growth_yearly": 351.08
        },
        "20191": {
            "year_quarter": 20191,
            "year": 2019,
            "quarter": 1,
            "eps": -0.07,
            "eps_growth_year": null,
            "eps_4q": 0.92,
            "eps_4q_growth_year": null,
            "roe": -0.3,
            "roe_4q": 4.25,
            "gross_profit": 1329638,
            "gross_margin": 17.39,
            "gross_margin_4q_avg": 17.74,
            "net_income": -58262,
            "net_income_4q": null,
            "revenue": 7646198,
            "revenue_4q": null,
            "common_shares": 8744300,
            "book_valuer_per_share": 22.06,
            "book_valuer_per_share_4q_avg": 21.73,
            "equity": 19287620,
            "current_ratio": 251.6,
            "debt_ratio": 52.67,
            "inventory_turnover_ratio": 0.84,
            "account_receivable_turnover_ratio": 1.95,
            "reinvestment_rate": 58.47,
            "research_to_sale_ratio": 3.79,
            "price_fair": 91,
            "eps_avg_yearly": 2.6,
            "eps_latest_yearly": 0.4,
            "eps_growth_yearly": 394.07
        },
        "20192": {
            "year_quarter": 20192,
            "year": 2019,
            "quarter": 2,
            "eps": 0.58,
            "eps_growth_year": 1.75,
            "eps_4q": 0.93,
            "eps_4q_growth_year": 85.15,
            "roe": 2.64,
            "roe_4q": 4.29,
            "gross_profit": 1855710,
            "gross_margin": 21.34,
            "gross_margin_4q_avg": 18.56,
            "net_income": 503152,
            "net_income_4q": null,
            "revenue": 8694900,
            "revenue_4q": null,
            "common_shares": 8744300,
            "book_valuer_per_share": 21.52,
            "book_valuer_per_share_4q_avg": 21.69,
            "equity": 18819611,
            "current_ratio": 213.94,
            "debt_ratio": 55.27,
            "inventory_turnover_ratio": 0.91,
            "account_receivable_turnover_ratio": 2.03,
            "reinvestment_rate": 61.94,
            "research_to_sale_ratio": 4.5,
            "price_fair": 86.16,
            "eps_avg_yearly": 2.46,
            "eps_latest_yearly": 0.4,
            "eps_growth_yearly": 412.75
        },
        "20193": {
            "year_quarter": 20193,
            "year": 2019,
            "quarter": 3,
            "eps": 0.57,
            "eps_growth_year": 78.12,
            "eps_4q": 1.18,
            "eps_4q_growth_year": 73.7,
            "roe": 2.66,
            "roe_4q": 5.440000000000001,
            "gross_profit": 1775207,
            "gross_margin": 21.29,
            "gross_margin_4q_avg": 19.64,
            "net_income": 502800,
            "net_income_4q": null,
            "revenue": 8336376,
            "revenue_4q": null,
            "common_shares": 8744300,
            "book_valuer_per_share": 21.66,
            "book_valuer_per_share_4q_avg": 21.75,
            "equity": 18943863,
            "current_ratio": 275.8,
            "debt_ratio": 55.17,
            "inventory_turnover_ratio": 0.86,
            "account_receivable_turnover_ratio": 1.9,
            "reinvestment_rate": 67.32,
            "research_to_sale_ratio": 4.55,
            "price_fair": 74.58,
            "eps_avg_yearly": 2.13,
            "eps_latest_yearly": 2.28,
            "eps_growth_yearly": 396.23
        },
        "20194": {
            "year_quarter": 20194,
            "year": 2019,
            "quarter": 4,
            "eps": 0.08,
            "eps_growth_year": -21.41,
            "eps_4q": 1.16,
            "eps_4q_growth_year": 47.07,
            "roe": 0.35,
            "roe_4q": 5.3500000000000005,
            "gross_profit": 1596198,
            "gross_margin": 21.43,
            "gross_margin_4q_avg": 20.36,
            "net_income": 65869,
            "net_income_4q": null,
            "revenue": 7449962,
            "revenue_4q": null,
            "common_shares": 8744300,
            "book_valuer_per_share": 21.48,
            "book_valuer_per_share_4q_avg": 21.68,
            "equity": 18782768,
            "current_ratio": 273.08,
            "debt_ratio": 55.3,
            "inventory_turnover_ratio": 0.75,
            "account_receivable_turnover_ratio": 1.86,
            "reinvestment_rate": 71.96,
            "research_to_sale_ratio": 4.6,
            "price_fair": 64.02,
            "eps_avg_yearly": 1.83,
            "eps_latest_yearly": 0.32,
            "eps_growth_yearly": 378.98
        },
        "20201": {
            "year_quarter": 20201,
            "year": 2020,
            "quarter": 1,
            "eps": -0.6,
            "eps_growth_year": null,
            "eps_4q": 0.63,
            "eps_4q_growth_year": -32.34,
            "roe": -2.87,
            "roe_4q": 2.7800000000000002,
            "gross_profit": 1215197,
            "gross_margin": 18.93,
            "gross_margin_4q_avg": 20.75,
            "net_income": -524665,
            "net_income_4q": null,
            "revenue": 6419054,
            "revenue_4q": null,
            "common_shares": 8744300,
            "book_valuer_per_share": 20.38,
            "book_valuer_per_share_4q_avg": 21.26,
            "equity": 17820650,
            "current_ratio": 261.07,
            "debt_ratio": 55.76,
            "inventory_turnover_ratio": 0.67,
            "account_receivable_turnover_ratio": 1.82,
            "reinvestment_rate": 95,
            "research_to_sale_ratio": 4.69,
            "price_fair": 59.92,
            "eps_avg_yearly": 1.71,
            "eps_latest_yearly": 0.32,
            "eps_growth_yearly": 423.91
        },
        "20202": {
            "year_quarter": 20202,
            "year": 2020,
            "quarter": 2,
            "eps": 0.53,
            "eps_growth_year": -8.62,
            "eps_4q": 0.55,
            "eps_4q_growth_year": -40.5,
            "roe": 2.57,
            "roe_4q": 2.71,
            "gross_profit": 1702521,
            "gross_margin": 23.41,
            "gross_margin_4q_avg": 21.27,
            "net_income": 459698,
            "net_income_4q": null,
            "revenue": 7273912,
            "revenue_4q": null,
            "common_shares": 8744300,
            "book_valuer_per_share": 20.46,
            "book_valuer_per_share_4q_avg": 21,
            "equity": 17894066,
            "current_ratio": 232.71,
            "debt_ratio": 55.36,
            "inventory_turnover_ratio": 0.78,
            "account_receivable_turnover_ratio": 1.98,
            "reinvestment_rate": 117.07,
            "research_to_sale_ratio": 4.43,
            "price_fair": 50.87,
            "eps_avg_yearly": 1.45,
            "eps_latest_yearly": 0.32,
            "eps_growth_yearly": 455.6
        },
        "20203": {
            "year_quarter": 20203,
            "year": 2020,
            "quarter": 3,
            "eps": 0.74,
            "eps_growth_year": 29.82,
            "eps_4q": 0.74,
            "eps_4q_growth_year": -37.09,
            "roe": 3.69,
            "roe_4q": 3.7399999999999998,
            "gross_profit": 2194450,
            "gross_margin": 26.24,
            "gross_margin_4q_avg": 22.5,
            "net_income": 673970,
            "net_income_4q": null,
            "revenue": 8362985,
            "revenue_4q": null,
            "common_shares": 9094100,
            "book_valuer_per_share": 20.49,
            "book_valuer_per_share_4q_avg": 20.7,
            "equity": 18629347,
            "current_ratio": 215.4,
            "debt_ratio": 55.75,
            "inventory_turnover_ratio": 0.91,
            "account_receivable_turnover_ratio": 2.07,
            "reinvestment_rate": 119.44,
            "research_to_sale_ratio": 4.26,
            "price_fair": 49.16,
            "eps_avg_yearly": 1.4,
            "eps_latest_yearly": 2.96,
            "eps_growth_yearly": 480.25
        },
        "20204": {
            "year_quarter": 20204,
            "year": 2020,
            "quarter": 4,
            "eps": 0.4,
            "eps_growth_year": 430.21,
            "eps_4q": 1.07,
            "eps_4q_growth_year": -7.77,
            "roe": 1.92,
            "roe_4q": 5.31,
            "gross_profit": 2237805,
            "gross_margin": 27.28,
            "gross_margin_4q_avg": 23.97,
            "net_income": 363222,
            "net_income_4q": null,
            "revenue": 8204234,
            "revenue_4q": null,
            "common_shares": 9094100,
            "book_valuer_per_share": 21.01,
            "book_valuer_per_share_4q_avg": 20.59,
            "equity": 19109727,
            "current_ratio": 224.86,
            "debt_ratio": 54.92,
            "inventory_turnover_ratio": 0.82,
            "account_receivable_turnover_ratio": 2.06,
            "reinvestment_rate": 132.87,
            "research_to_sale_ratio": 4.23,
            "price_fair": 40.44,
            "eps_avg_yearly": 1.16,
            "eps_latest_yearly": 1.6,
            "eps_growth_yearly": 454.08
        },
        "20211": {
            "year_quarter": 20211,
            "year": 2021,
            "quarter": 1,
            "eps": 0.75,
            "eps_growth_year": null,
            "eps_4q": 2.4,
            "eps_4q_growth_year": 283.03,
            "roe": 3.6,
            "roe_4q": 11.78,
            "gross_profit": 2102368,
            "gross_margin": 24.55,
            "gross_margin_4q_avg": 25.37,
            "net_income": 682715,
            "net_income_4q": null,
            "revenue": 8563973,
            "revenue_4q": null,
            "common_shares": 9094100,
            "book_valuer_per_share": 20.72,
            "book_valuer_per_share_4q_avg": 20.67,
            "equity": 18845565,
            "current_ratio": 201.33,
            "debt_ratio": 57.18,
            "inventory_turnover_ratio": 0.79,
            "account_receivable_turnover_ratio": 2.14,
            "reinvestment_rate": 117.37,
            "research_to_sale_ratio": 4.15,
            "price_fair": 48.53,
            "eps_avg_yearly": 1.39,
            "eps_latest_yearly": 3,
            "eps_growth_yearly": 526.77
        },
        "20212": {
            "year_quarter": 20212,
            "year": 2021,
            "quarter": 2,
            "eps": 0.46,
            "eps_growth_year": -13.21,
            "eps_4q": 2.36,
            "eps_4q_growth_year": 325.27,
            "roe": 2.23,
            "roe_4q": 11.44,
            "gross_profit": 2061309,
            "gross_margin": 22.5,
            "gross_margin_4q_avg": 25.14,
            "net_income": 422224,
            "net_income_4q": null,
            "revenue": 9161257,
            "revenue_4q": null,
            "common_shares": 9094100,
            "book_valuer_per_share": 20.89,
            "book_valuer_per_share_4q_avg": 20.78,
            "equity": 19001601,
            "current_ratio": 207.7,
            "debt_ratio": 57.46,
            "inventory_turnover_ratio": 0.76,
            "account_receivable_turnover_ratio": 2.14,
            "reinvestment_rate": 93.18,
            "research_to_sale_ratio": 4.13,
            "price_fair": 55.53,
            "eps_avg_yearly": 1.59,
            "eps_latest_yearly": 1.84,
            "eps_growth_yearly": 552.09
        },
        "20213": {
            "year_quarter": 20213,
            "year": 2021,
            "quarter": 3,
            "eps": 0.24,
            "eps_growth_year": -67.57,
            "eps_4q": 1.85,
            "eps_4q_growth_year": 149.89,
            "roe": 1.14,
            "roe_4q": 8.89,
            "gross_profit": 1494359,
            "gross_margin": 16.78,
            "gross_margin_4q_avg": 22.78,
            "net_income": 218297,
            "net_income_4q": null,
            "revenue": 8907713,
            "revenue_4q": null,
            "common_shares": 9094100,
            "book_valuer_per_share": 21.08,
            "book_valuer_per_share_4q_avg": 20.93,
            "equity": 19167093,
            "current_ratio": 222.7,
            "debt_ratio": 57.63,
            "inventory_turnover_ratio": 0.72,
            "account_receivable_turnover_ratio": 1.98,
            "reinvestment_rate": 81.31,
            "research_to_sale_ratio": 3.84,
            "price_fair": 4.88,
            "eps_avg_yearly": 1.63,
            "eps_latest_yearly": 0.96,
            "eps_growth_yearly": -91.38
        },
        "20214": {
            "year_quarter": 20214,
            "year": 2021,
            "quarter": 4,
            "eps": -0.45,
            "eps_growth_year": -211.59,
            "eps_4q": 1.01,
            "eps_4q_growth_year": -5.58,
            "roe": -2.14,
            "roe_4q": 4.83,
            "gross_profit": 1491746,
            "gross_margin": 18.05,
            "gross_margin_4q_avg": 20.47,
            "net_income": -405303,
            "net_income_4q": null,
            "revenue": 8263185,
            "revenue_4q": null,
            "common_shares": 9094100,
            "book_valuer_per_share": 20.6,
            "book_valuer_per_share_4q_avg": 20.82,
            "equity": 18737788,
            "current_ratio": 212.86,
            "debt_ratio": 59.56,
            "inventory_turnover_ratio": 0.59,
            "account_receivable_turnover_ratio": 1.93,
            "reinvestment_rate": 71.6,
            "research_to_sale_ratio": 4.55,
            "price_fair": 4.88,
            "eps_avg_yearly": 1.63,
            "eps_latest_yearly": 0.96,
            "eps_growth_yearly": -91.38
        },
        "20221": {
            "year_quarter": 20221,
            "year": 2022,
            "quarter": 1,
            "eps": 0.21,
            "eps_growth_year": -72,
            "eps_4q": 0.46,
            "eps_4q_growth_year": -80.62,
            "roe": 1,
            "roe_4q": 2.2299999999999995,
            "gross_profit": 1539312,
            "gross_margin": 16.29,
            "gross_margin_4q_avg": 18.41,
            "net_income": 187200,
            "net_income_4q": null,
            "revenue": 9448922,
            "revenue_4q": null,
            "common_shares": 9094100,
            "book_valuer_per_share": 20.57,
            "book_valuer_per_share_4q_avg": 20.79,
            "equity": 18710627,
            "current_ratio": 202.95,
            "debt_ratio": 61.99,
            "inventory_turnover_ratio": 0.6,
            "account_receivable_turnover_ratio": 2.09,
            "reinvestment_rate": 70.54,
            "research_to_sale_ratio": 4.11,
            "price_fair": 4.88,
            "eps_avg_yearly": 1.63,
            "eps_latest_yearly": 0.96,
            "eps_growth_yearly": -91.38
        },
        "20222": {
            "year_quarter": 20222,
            "year": 2022,
            "quarter": 2,
            "eps": 0.5,
            "eps_growth_year": 8.7,
            "eps_4q": 0.5,
            "eps_4q_growth_year": -78.59,
            "roe": 2.41,
            "roe_4q": 2.41,
            "gross_profit": 1700260,
            "gross_margin": 16.27,
            "gross_margin_4q_avg": 16.85,
            "net_income": 458427,
            "net_income_4q": null,
            "revenue": 10451122,
            "revenue_4q": null,
            "common_shares": 9094100,
            "book_valuer_per_share": 21.26,
            "book_valuer_per_share_4q_avg": 20.88,
            "equity": 19333528,
            "current_ratio": 202.36,
            "debt_ratio": 62.25,
            "inventory_turnover_ratio": 0.62,
            "account_receivable_turnover_ratio": 1.95,
            "reinvestment_rate": 76.86,
            "research_to_sale_ratio": 3.3,
            "price_fair": 4.99,
            "eps_avg_yearly": 1.66,
            "eps_latest_yearly": 2,
            "eps_growth_yearly": -27.01
        },
        "20223": {
            "year_quarter": 20223,
            "year": 2022,
            "quarter": 3,
            "eps": 0.25,
            "eps_growth_year": 4.17,
            "eps_4q": 0.52,
            "eps_4q_growth_year": -72.03,
            "roe": 1.17,
            "roe_4q": 2.44,
            "gross_profit": 1433133,
            "gross_margin": 13.83,
            "gross_margin_4q_avg": 16.11,
            "net_income": 231385,
            "net_income_4q": null,
            "revenue": 10363215,
            "revenue_4q": null,
            "common_shares": 9094100,
            "book_valuer_per_share": 22.31,
            "book_valuer_per_share_4q_avg": 21.19,
            "equity": 20288631,
            "current_ratio": 216.62,
            "debt_ratio": 59.4,
            "inventory_turnover_ratio": 0.62,
            "account_receivable_turnover_ratio": 1.91,
            "reinvestment_rate": 91.51,
            "research_to_sale_ratio": 3.78,
            "price_fair": 4.91,
            "eps_avg_yearly": 1.64,
            "eps_latest_yearly": 1,
            "eps_growth_yearly": -29.46
        },
        "20224": {
            "year_quarter": 20224,
            "year": 2022,
            "quarter": 4,
            "eps": -0.59,
            "eps_growth_year": null,
            "eps_4q": 0.37,
            "eps_4q_growth_year": -63.16,
            "roe": -2.72,
            "roe_4q": 1.8599999999999999,
            "gross_profit": 997742,
            "gross_margin": 11.94,
            "gross_margin_4q_avg": 14.58,
            "net_income": -538861,
            "net_income_4q": null,
            "revenue": 8354622,
            "revenue_4q": null,
            "common_shares": 9094100,
            "book_valuer_per_share": 21.31,
            "book_valuer_per_share_4q_avg": 21.36,
            "equity": 19382396,
            "current_ratio": 220.52,
            "debt_ratio": 58.41,
            "inventory_turnover_ratio": 0.56,
            "account_receivable_turnover_ratio": 1.84,
            "reinvestment_rate": 72.04,
            "research_to_sale_ratio": 4.37,
            "price_fair": 5.32,
            "eps_avg_yearly": 1.77,
            "eps_latest_yearly": 1,
            "eps_growth_yearly": -2.18
        },
        "20231": {
            "year_quarter": 20231,
            "year": 2023,
            "quarter": 1,
            "eps": -0.42,
            "eps_growth_year": -300,
            "eps_4q": -0.25,
            "eps_4q_growth_year": -154.13,
            "roe": -2,
            "roe_4q": -1.1400000000000006,
            "gross_profit": 1052768,
            "gross_margin": 12.81,
            "gross_margin_4q_avg": 13.71,
            "net_income": -379605,
            "net_income_4q": null,
            "revenue": 8220272,
            "revenue_4q": null,
            "common_shares": 9094100,
            "book_valuer_per_share": 20.36,
            "book_valuer_per_share_4q_avg": 21.31,
            "equity": 18520064,
            "current_ratio": 209.24,
            "debt_ratio": 59.26,
            "inventory_turnover_ratio": 0.62,
            "account_receivable_turnover_ratio": 2,
            "reinvestment_rate": 66.56,
            "research_to_sale_ratio": 4.24,
            "price_fair": 5.32,
            "eps_avg_yearly": 1.77,
            "eps_latest_yearly": 1,
            "eps_growth_yearly": -2.18
        },
        "20232": {
            "year_quarter": 20232,
            "year": 2023,
            "quarter": 2,
            "eps": 0.41,
            "eps_growth_year": -18,
            "eps_4q": -0.31,
            "eps_4q_growth_year": -162.23,
            "roe": 2.07,
            "roe_4q": -1.4800000000000004,
            "gross_profit": 1601037,
            "gross_margin": 18.39,
            "gross_margin_4q_avg": 14.24,
            "net_income": 387401,
            "net_income_4q": null,
            "revenue": 8704003,
            "revenue_4q": null,
            "common_shares": 9094100,
            "book_valuer_per_share": 20.74,
            "book_valuer_per_share_4q_avg": 21.18,
            "equity": 18863418,
            "current_ratio": 209.77,
            "debt_ratio": 58.61,
            "inventory_turnover_ratio": 0.67,
            "account_receivable_turnover_ratio": 2.1,
            "reinvestment_rate": 70.42,
            "research_to_sale_ratio": 4.14,
            "price_fair": 5.32,
            "eps_avg_yearly": 1.77,
            "eps_latest_yearly": 1,
            "eps_growth_yearly": -2.18
        },
        "20233": {
            "year_quarter": 20233,
            "year": 2023,
            "quarter": 3,
            "eps": 0.45,
            "eps_growth_year": 80,
            "eps_4q": -0.11,
            "eps_4q_growth_year": -120.39,
            "roe": 2.21,
            "roe_4q": -0.44000000000000083,
            "gross_profit": 1969665,
            "gross_margin": 21.99,
            "gross_margin_4q_avg": 16.28,
            "net_income": 430066,
            "net_income_4q": null,
            "revenue": 8955746,
            "revenue_4q": null,
            "common_shares": 9548900,
            "book_valuer_per_share": 21.02,
            "book_valuer_per_share_4q_avg": 20.86,
            "equity": 20071093,
            "current_ratio": 228.8,
            "debt_ratio": 56.25,
            "inventory_turnover_ratio": 0.69,
            "account_receivable_turnover_ratio": 2.2,
            "reinvestment_rate": 83.28,
            "research_to_sale_ratio": 4.31,
            "price_fair": 22.22,
            "eps_avg_yearly": 1.72,
            "eps_latest_yearly": 1.8,
            "eps_growth_yearly": 2.92
        }
    },
    "months": {
        "2001-06": {
            "month": "2001-06",
            "price": "13.09",
            "revenue": 214827
        },
        "2001-07": {
            "month": "2001-07",
            "price": "10.98",
            "revenue": 202311
        },
        "2001-08": {
            "month": "2001-08",
            "price": "10.41",
            "revenue": 232338
        },
        "2001-09": {
            "month": "2001-09",
            "price": "9.93",
            "revenue": 210031
        },
        "2001-10": {
            "month": "2001-10",
            "price": "9.30",
            "revenue": 235459
        },
        "2001-11": {
            "month": "2001-11",
            "price": "9.48",
            "revenue": 200225
        },
        "2001-12": {
            "month": "2001-12",
            "price": "9.87",
            "revenue": 229093
        },
        "2002-01": {
            "month": "2002-01",
            "price": "10.03",
            "revenue": 231409
        },
        "2002-02": {
            "month": "2002-02",
            "price": "10.12",
            "revenue": 161588
        },
        "2002-03": {
            "month": "2002-03",
            "price": "11.72",
            "revenue": 257929
        },
        "2002-04": {
            "month": "2002-04",
            "price": "14.05",
            "revenue": 269010
        },
        "2002-05": {
            "month": "2002-05",
            "price": "19.41",
            "revenue": 273909
        },
        "2002-06": {
            "month": "2002-06",
            "price": "26.06",
            "revenue": 256184
        },
        "2002-07": {
            "month": "2002-07",
            "price": "25.71",
            "revenue": 241166
        },
        "2002-08": {
            "month": "2002-08",
            "price": "32.30",
            "revenue": 264039
        },
        "2002-09": {
            "month": "2002-09",
            "price": "32.98",
            "revenue": 252628
        },
        "2002-10": {
            "month": "2002-10",
            "price": "37.46",
            "revenue": 244567
        },
        "2002-11": {
            "month": "2002-11",
            "price": "39.88",
            "revenue": 278616
        },
        "2002-12": {
            "month": "2002-12",
            "price": "37.77",
            "revenue": 286488
        },
        "2003-01": {
            "month": "2003-01",
            "price": "36.94",
            "revenue": 283891
        },
        "2003-02": {
            "month": "2003-02",
            "price": "35.25",
            "revenue": 209614
        },
        "2003-03": {
            "month": "2003-03",
            "price": "35.31",
            "revenue": 268481
        },
        "2003-04": {
            "month": "2003-04",
            "price": "34.23",
            "revenue": 289339
        },
        "2003-05": {
            "month": "2003-05",
            "price": "31.16",
            "revenue": 297876
        },
        "2003-06": {
            "month": "2003-06",
            "price": "33.78",
            "revenue": 297900
        },
        "2003-07": {
            "month": "2003-07",
            "price": "32.80",
            "revenue": 280194
        },
        "2003-08": {
            "month": "2003-08",
            "price": "33.69",
            "revenue": 263345
        },
        "2003-09": {
            "month": "2003-09",
            "price": "30.57",
            "revenue": 274600
        },
        "2003-10": {
            "month": "2003-10",
            "price": "31.89",
            "revenue": 269405
        },
        "2003-11": {
            "month": "2003-11",
            "price": "31.52",
            "revenue": 234824
        },
        "2003-12": {
            "month": "2003-12",
            "price": "29.80",
            "revenue": 295375
        },
        "2004-01": {
            "month": "2004-01",
            "price": "29.91",
            "revenue": 251352
        },
        "2004-02": {
            "month": "2004-02",
            "price": "33.73",
            "revenue": 272724
        },
        "2004-03": {
            "month": "2004-03",
            "price": "33.80",
            "revenue": 285384
        },
        "2004-04": {
            "month": "2004-04",
            "price": "30.17",
            "revenue": 317957
        },
        "2004-05": {
            "month": "2004-05",
            "price": "23.30",
            "revenue": 311050
        },
        "2004-06": {
            "month": "2004-06",
            "price": "22.02",
            "revenue": 303505
        },
        "2004-07": {
            "month": "2004-07",
            "price": "24.54",
            "revenue": 313871
        },
        "2004-08": {
            "month": "2004-08",
            "price": "23.95",
            "revenue": 296306
        },
        "2004-09": {
            "month": "2004-09",
            "price": "26.31",
            "revenue": 303719
        },
        "2004-10": {
            "month": "2004-10",
            "price": "25.66",
            "revenue": 308716
        },
        "2004-11": {
            "month": "2004-11",
            "price": "24.19",
            "revenue": 291917
        },
        "2004-12": {
            "month": "2004-12",
            "price": "25.61",
            "revenue": 312553
        },
        "2005-01": {
            "month": "2005-01",
            "price": "25.00",
            "revenue": 326354
        },
        "2005-02": {
            "month": "2005-02",
            "price": "24.72",
            "revenue": 205817
        },
        "2005-03": {
            "month": "2005-03",
            "price": "24.28",
            "revenue": 357046
        },
        "2005-04": {
            "month": "2005-04",
            "price": "22.70",
            "revenue": 297378
        },
        "2005-05": {
            "month": "2005-05",
            "price": "21.94",
            "revenue": 291158
        },
        "2005-06": {
            "month": "2005-06",
            "price": "21.96",
            "revenue": 309421
        },
        "2005-07": {
            "month": "2005-07",
            "price": "21.23",
            "revenue": 287084
        },
        "2005-08": {
            "month": "2005-08",
            "price": "18.45",
            "revenue": 303048
        },
        "2005-09": {
            "month": "2005-09",
            "price": "16.23",
            "revenue": 286248
        },
        "2005-10": {
            "month": "2005-10",
            "price": "14.88",
            "revenue": 278176
        },
        "2005-11": {
            "month": "2005-11",
            "price": "14.62",
            "revenue": 282288
        },
        "2005-12": {
            "month": "2005-12",
            "price": "15.97",
            "revenue": 328722
        },
        "2006-01": {
            "month": "2006-01",
            "price": "14.67",
            "revenue": 297071
        },
        "2006-02": {
            "month": "2006-02",
            "price": "14.43",
            "revenue": 260151
        },
        "2006-03": {
            "month": "2006-03",
            "price": "13.25",
            "revenue": 345546
        },
        "2006-04": {
            "month": "2006-04",
            "price": "14.01",
            "revenue": 331501
        },
        "2006-05": {
            "month": "2006-05",
            "price": "15.07",
            "revenue": 340429
        },
        "2006-06": {
            "month": "2006-06",
            "price": "14.10",
            "revenue": 376343
        },
        "2006-07": {
            "month": "2006-07",
            "price": "13.95",
            "revenue": 327146
        },
        "2006-08": {
            "month": "2006-08",
            "price": "14.03",
            "revenue": 357298
        },
        "2006-09": {
            "month": "2006-09",
            "price": "15.44",
            "revenue": 329118
        },
        "2006-10": {
            "month": "2006-10",
            "price": "18.24",
            "revenue": 307213
        },
        "2006-11": {
            "month": "2006-11",
            "price": "18.53",
            "revenue": 313707
        },
        "2006-12": {
            "month": "2006-12",
            "price": "20.61",
            "revenue": 314711
        },
        "2007-01": {
            "month": "2007-01",
            "price": "19.25",
            "revenue": 349247
        },
        "2007-02": {
            "month": "2007-02",
            "price": "18.63",
            "revenue": 264712
        },
        "2007-03": {
            "month": "2007-03",
            "price": "17.57",
            "revenue": 395186
        },
        "2007-04": {
            "month": "2007-04",
            "price": "19.09",
            "revenue": 363532
        },
        "2007-05": {
            "month": "2007-05",
            "price": "21.53",
            "revenue": 393406
        },
        "2007-06": {
            "month": "2007-06",
            "price": "27.88",
            "revenue": 413915
        },
        "2007-07": {
            "month": "2007-07",
            "price": "35.08",
            "revenue": 418598
        },
        "2007-08": {
            "month": "2007-08",
            "price": "34.13",
            "revenue": 468489
        },
        "2007-09": {
            "month": "2007-09",
            "price": "35.52",
            "revenue": 441381
        },
        "2007-10": {
            "month": "2007-10",
            "price": "33.19",
            "revenue": 431071
        },
        "2007-11": {
            "month": "2007-11",
            "price": "24.92",
            "revenue": 475019
        },
        "2007-12": {
            "month": "2007-12",
            "price": "22.58",
            "revenue": 518709
        },
        "2008-01": {
            "month": "2008-01",
            "price": "23.52",
            "revenue": 511898
        },
        "2008-02": {
            "month": "2008-02",
            "price": "23.36",
            "revenue": 497424
        },
        "2008-03": {
            "month": "2008-03",
            "price": "27.38",
            "revenue": 545209
        },
        "2008-04": {
            "month": "2008-04",
            "price": "28.05",
            "revenue": 547746
        },
        "2008-05": {
            "month": "2008-05",
            "price": "25.65",
            "revenue": 542492
        },
        "2008-06": {
            "month": "2008-06",
            "price": "20.86",
            "revenue": 571326
        },
        "2008-07": {
            "month": "2008-07",
            "price": "19.63",
            "revenue": 488184
        },
        "2008-08": {
            "month": "2008-08",
            "price": "18.78",
            "revenue": 458125
        },
        "2008-09": {
            "month": "2008-09",
            "price": "16.56",
            "revenue": 460330
        },
        "2008-10": {
            "month": "2008-10",
            "price": "13.36",
            "revenue": 473241
        },
        "2008-11": {
            "month": "2008-11",
            "price": "14.04",
            "revenue": 488679
        },
        "2008-12": {
            "month": "2008-12",
            "price": "15.31",
            "revenue": 420412
        },
        "2009-01": {
            "month": "2009-01",
            "price": "13.24",
            "revenue": 288313
        },
        "2009-02": {
            "month": "2009-02",
            "price": "13.51",
            "revenue": 359603
        },
        "2009-03": {
            "month": "2009-03",
            "price": "16.27",
            "revenue": 343744
        },
        "2009-04": {
            "month": "2009-04",
            "price": "20.56",
            "revenue": 380685
        },
        "2009-05": {
            "month": "2009-05",
            "price": "30.60",
            "revenue": 393474
        },
        "2009-06": {
            "month": "2009-06",
            "price": "35.74",
            "revenue": 373056
        },
        "2009-07": {
            "month": "2009-07",
            "price": "42.07",
            "revenue": 394508
        },
        "2009-08": {
            "month": "2009-08",
            "price": "40.56",
            "revenue": 408533
        },
        "2009-09": {
            "month": "2009-09",
            "price": "41.08",
            "revenue": 390557
        },
        "2009-10": {
            "month": "2009-10",
            "price": "39.72",
            "revenue": 412219
        },
        "2009-11": {
            "month": "2009-11",
            "price": "40.20",
            "revenue": 372896
        },
        "2009-12": {
            "month": "2009-12",
            "price": "38.19",
            "revenue": 454731
        },
        "2010-01": {
            "month": "2010-01",
            "price": "36.11",
            "revenue": 380807
        },
        "2010-02": {
            "month": "2010-02",
            "price": "31.52",
            "revenue": 315461
        },
        "2010-03": {
            "month": "2010-03",
            "price": "33.15",
            "revenue": 466705
        },
        "2010-04": {
            "month": "2010-04",
            "price": "34.90",
            "revenue": 473412
        },
        "2010-05": {
            "month": "2010-05",
            "price": "31.29",
            "revenue": 443212
        },
        "2010-06": {
            "month": "2010-06",
            "price": "31.43",
            "revenue": 465192
        },
        "2010-07": {
            "month": "2010-07",
            "price": "34.68",
            "revenue": 483446
        },
        "2010-08": {
            "month": "2010-08",
            "price": "34.06",
            "revenue": 464656
        },
        "2010-09": {
            "month": "2010-09",
            "price": "33.93",
            "revenue": 492890
        },
        "2010-10": {
            "month": "2010-10",
            "price": "32.94",
            "revenue": 445556
        },
        "2010-11": {
            "month": "2010-11",
            "price": "30.55",
            "revenue": 467544
        },
        "2010-12": {
            "month": "2010-12",
            "price": "30.34",
            "revenue": 501172
        },
        "2011-01": {
            "month": "2011-01",
            "price": "30.84",
            "revenue": 494912
        },
        "2011-02": {
            "month": "2011-02",
            "price": "32.61",
            "revenue": 365253
        },
        "2011-03": {
            "month": "2011-03",
            "price": "35.73",
            "revenue": 591010
        },
        "2011-04": {
            "month": "2011-04",
            "price": "35.80",
            "revenue": 556244
        },
        "2011-05": {
            "month": "2011-05",
            "price": "40.47",
            "revenue": 532177
        },
        "2011-06": {
            "month": "2011-06",
            "price": "40.23",
            "revenue": 552003
        },
        "2011-07": {
            "month": "2011-07",
            "price": "43.41",
            "revenue": 511195
        },
        "2011-08": {
            "month": "2011-08",
            "price": "36.61",
            "revenue": 493394
        },
        "2011-09": {
            "month": "2011-09",
            "price": "35.75",
            "revenue": 498653
        },
        "2011-10": {
            "month": "2011-10",
            "price": "33.86",
            "revenue": 483491
        },
        "2011-11": {
            "month": "2011-11",
            "price": "33.44",
            "revenue": 486209
        },
        "2011-12": {
            "month": "2011-12",
            "price": "30.79",
            "revenue": 611992
        },
        "2012-01": {
            "month": "2012-01",
            "price": "30.99",
            "revenue": 462444
        },
        "2012-02": {
            "month": "2012-02",
            "price": "33.74",
            "revenue": 526375
        },
        "2012-03": {
            "month": "2012-03",
            "price": "35.07",
            "revenue": 604615
        },
        "2012-04": {
            "month": "2012-04",
            "price": "33.19",
            "revenue": 582349
        },
        "2012-05": {
            "month": "2012-05",
            "price": "34.25",
            "revenue": 652123
        },
        "2012-06": {
            "month": "2012-06",
            "price": "34.21",
            "revenue": 583483
        },
        "2012-07": {
            "month": "2012-07",
            "price": "36.67",
            "revenue": 526840
        },
        "2012-08": {
            "month": "2012-08",
            "price": "36.91",
            "revenue": 575909
        },
        "2012-09": {
            "month": "2012-09",
            "price": "35.89",
            "revenue": 459769
        },
        "2012-10": {
            "month": "2012-10",
            "price": "35.32",
            "revenue": 500227
        },
        "2012-11": {
            "month": "2012-11",
            "price": "35.36",
            "revenue": 469447
        },
        "2012-12": {
            "month": "2012-12",
            "price": "37.29",
            "revenue": 518914
        },
        "2013-01": {
            "month": "2013-01",
            "price": "38.08",
            "revenue": 2396635
        },
        "2013-02": {
            "month": "2013-02",
            "price": "43.10",
            "revenue": 1726671
        },
        "2013-03": {
            "month": "2013-03",
            "price": "50.50",
            "revenue": 2651290
        },
        "2013-04": {
            "month": "2013-04",
            "price": "59.36",
            "revenue": 2730861
        },
        "2013-05": {
            "month": "2013-05",
            "price": "59.15",
            "revenue": 2627137
        },
        "2013-06": {
            "month": "2013-06",
            "price": "66.00",
            "revenue": 2539910
        },
        "2013-07": {
            "month": "2013-07",
            "price": "74.17",
            "revenue": 2433481
        },
        "2013-08": {
            "month": "2013-08",
            "price": "66.28",
            "revenue": 2547526
        },
        "2013-09": {
            "month": "2013-09",
            "price": "61.42",
            "revenue": 2395561
        },
        "2013-10": {
            "month": "2013-10",
            "price": "59.55",
            "revenue": 2119169
        },
        "2013-11": {
            "month": "2013-11",
            "price": "59.39",
            "revenue": 2397334
        },
        "2013-12": {
            "month": "2013-12",
            "price": "63.25",
            "revenue": 5885009
        },
        "2014-01": {
            "month": "2014-01",
            "price": "67.92",
            "revenue": 2655009
        },
        "2014-02": {
            "month": "2014-02",
            "price": "69.81",
            "revenue": 2148932
        },
        "2014-03": {
            "month": "2014-03",
            "price": "71.86",
            "revenue": 3104374
        },
        "2014-04": {
            "month": "2014-04",
            "price": "72.60",
            "revenue": 3148787
        },
        "2014-05": {
            "month": "2014-05",
            "price": "70.10",
            "revenue": 3096059
        },
        "2014-06": {
            "month": "2014-06",
            "price": "67.05",
            "revenue": 2848070
        },
        "2014-07": {
            "month": "2014-07",
            "price": "65.55",
            "revenue": 2824516
        },
        "2014-08": {
            "month": "2014-08",
            "price": "66.61",
            "revenue": 2798205
        },
        "2014-09": {
            "month": "2014-09",
            "price": "61.18",
            "revenue": 2792238
        },
        "2014-10": {
            "month": "2014-10",
            "price": "60.88",
            "revenue": 2662143
        },
        "2014-11": {
            "month": "2014-11",
            "price": "62.80",
            "revenue": 2522936
        },
        "2014-12": {
            "month": "2014-12",
            "price": "63.13",
            "revenue": 2702432
        },
        "2015-01": {
            "month": "2015-01",
            "price": "62.94",
            "revenue": 2675836
        },
        "2015-02": {
            "month": "2015-02",
            "price": "64.87",
            "revenue": 1857479
        },
        "2015-03": {
            "month": "2015-03",
            "price": "63.06",
            "revenue": 2897888
        },
        "2015-04": {
            "month": "2015-04",
            "price": "60.30",
            "revenue": 2885627
        },
        "2015-05": {
            "month": "2015-05",
            "price": "56.36",
            "revenue": 2939966
        },
        "2015-06": {
            "month": "2015-06",
            "price": "49.58",
            "revenue": 2624640
        },
        "2015-07": {
            "month": "2015-07",
            "price": "47.15",
            "revenue": 2708870
        },
        "2015-08": {
            "month": "2015-08",
            "price": "46.56",
            "revenue": 2779755
        },
        "2015-09": {
            "month": "2015-09",
            "price": "46.53",
            "revenue": 2622986
        },
        "2015-10": {
            "month": "2015-10",
            "price": "51.61",
            "revenue": 2551271
        },
        "2015-11": {
            "month": "2015-11",
            "price": "52.10",
            "revenue": 2322936
        },
        "2015-12": {
            "month": "2015-12",
            "price": "49.25",
            "revenue": 2362948
        },
        "2016-01": {
            "month": "2016-01",
            "price": "46.67",
            "revenue": 2460748
        },
        "2016-02": {
            "month": "2016-02",
            "price": "47.66",
            "revenue": 1953649
        },
        "2016-03": {
            "month": "2016-03",
            "price": "50.69",
            "revenue": 2777763
        },
        "2016-04": {
            "month": "2016-04",
            "price": "54.34",
            "revenue": 2755398
        },
        "2016-05": {
            "month": "2016-05",
            "price": "53.02",
            "revenue": 2659085
        },
        "2016-06": {
            "month": "2016-06",
            "price": "51.47",
            "revenue": 2530499
        },
        "2016-07": {
            "month": "2016-07",
            "price": "50.97",
            "revenue": 2415979
        },
        "2016-08": {
            "month": "2016-08",
            "price": "52.40",
            "revenue": 2380243
        },
        "2016-09": {
            "month": "2016-09",
            "price": "50.25",
            "revenue": 2368850
        },
        "2016-10": {
            "month": "2016-10",
            "price": "48.98",
            "revenue": 2326534
        },
        "2016-11": {
            "month": "2016-11",
            "price": "46.96",
            "revenue": 2421044
        },
        "2016-12": {
            "month": "2016-12",
            "price": "47.90",
            "revenue": 2536466
        },
        "2017-01": {
            "month": "2017-01",
            "price": "48.42",
            "revenue": 2286534
        },
        "2017-02": {
            "month": "2017-02",
            "price": "49.61",
            "revenue": 2050942
        },
        "2017-03": {
            "month": "2017-03",
            "price": "50.04",
            "revenue": 2967608
        },
        "2017-04": {
            "month": "2017-04",
            "price": "49.19",
            "revenue": 2668505
        },
        "2017-05": {
            "month": "2017-05",
            "price": "47.55",
            "revenue": 2556477
        },
        "2017-06": {
            "month": "2017-06",
            "price": "47.72",
            "revenue": 2575698
        },
        "2017-07": {
            "month": "2017-07",
            "price": "47.71",
            "revenue": 2514407
        },
        "2017-08": {
            "month": "2017-08",
            "price": "45.07",
            "revenue": 2538122
        },
        "2017-09": {
            "month": "2017-09",
            "price": "43.35",
            "revenue": 2449056
        },
        "2017-10": {
            "month": "2017-10",
            "price": "41.52",
            "revenue": 2725460
        },
        "2017-11": {
            "month": "2017-11",
            "price": "38.70",
            "revenue": 2603789
        },
        "2017-12": {
            "month": "2017-12",
            "price": "38.10",
            "revenue": 2550249
        },
        "2018-01": {
            "month": "2018-01",
            "price": "37.46",
            "revenue": 2816948
        },
        "2018-02": {
            "month": "2018-02",
            "price": "35.67",
            "revenue": 2181072
        },
        "2018-03": {
            "month": "2018-03",
            "price": "36.48",
            "revenue": 2878896
        },
        "2018-04": {
            "month": "2018-04",
            "price": "35.06",
            "revenue": 2934115
        },
        "2018-05": {
            "month": "2018-05",
            "price": "34.01",
            "revenue": 2772003
        },
        "2018-06": {
            "month": "2018-06",
            "price": "33.63",
            "revenue": 2656578
        },
        "2018-07": {
            "month": "2018-07",
            "price": "32.22",
            "revenue": 2696282
        },
        "2018-08": {
            "month": "2018-08",
            "price": "32.22",
            "revenue": 2622950
        },
        "2018-09": {
            "month": "2018-09",
            "price": "30.53",
            "revenue": 2502002
        },
        "2018-10": {
            "month": "2018-10",
            "price": "29.70",
            "revenue": 2519483
        },
        "2018-11": {
            "month": "2018-11",
            "price": "29.62",
            "revenue": 2529710
        },
        "2018-12": {
            "month": "2018-12",
            "price": "29.57",
            "revenue": 2432341
        },
        "2019-01": {
            "month": "2019-01",
            "price": "29.52",
            "revenue": 2665955
        },
        "2019-02": {
            "month": "2019-02",
            "price": "29.88",
            "revenue": 2084417
        },
        "2019-03": {
            "month": "2019-03",
            "price": "30.10",
            "revenue": 2895930
        },
        "2019-04": {
            "month": "2019-04",
            "price": "30.14",
            "revenue": 3025461
        },
        "2019-05": {
            "month": "2019-05",
            "price": "29.18",
            "revenue": 2850930
        },
        "2019-06": {
            "month": "2019-06",
            "price": "29.22",
            "revenue": 2819103
        },
        "2019-07": {
            "month": "2019-07",
            "price": "29.36",
            "revenue": 2807918
        },
        "2019-08": {
            "month": "2019-08",
            "price": "29.05",
            "revenue": 2777000
        },
        "2019-09": {
            "month": "2019-09",
            "price": "31.16",
            "revenue": 2751715
        },
        "2019-10": {
            "month": "2019-10",
            "price": "31.85",
            "revenue": 2663092
        },
        "2019-11": {
            "month": "2019-11",
            "price": "31.41",
            "revenue": 2649438
        },
        "2019-12": {
            "month": "2019-12",
            "price": "30.92",
            "revenue": 2292692
        },
        "2020-01": {
            "month": "2020-01",
            "price": "29.94",
            "revenue": 2333395
        },
        "2020-02": {
            "month": "2020-02",
            "price": "28.48",
            "revenue": 1688195
        },
        "2020-03": {
            "month": "2020-03",
            "price": "27.12",
            "revenue": 2521381
        },
        "2020-04": {
            "month": "2020-04",
            "price": "25.72",
            "revenue": 2195812
        },
        "2020-05": {
            "month": "2020-05",
            "price": "28.40",
            "revenue": 2420634
        },
        "2020-06": {
            "month": "2020-06",
            "price": "29.64",
            "revenue": 2539476
        },
        "2020-07": {
            "month": "2020-07",
            "price": "29.21",
            "revenue": 2922815
        },
        "2020-08": {
            "month": "2020-08",
            "price": "30.43",
            "revenue": 2694109
        },
        "2020-09": {
            "month": "2020-09",
            "price": "29.82",
            "revenue": 2755305
        },
        "2020-10": {
            "month": "2020-10",
            "price": "30.53",
            "revenue": 2879154
        },
        "2020-11": {
            "month": "2020-11",
            "price": "34.29",
            "revenue": 2737670
        },
        "2020-12": {
            "month": "2020-12",
            "price": "35.60",
            "revenue": 2579202
        },
        "2021-01": {
            "month": "2021-01",
            "price": "32.46",
            "revenue": 2955178
        },
        "2021-02": {
            "month": "2021-02",
            "price": "34.09",
            "revenue": 2319898
        },
        "2021-03": {
            "month": "2021-03",
            "price": "38.58",
            "revenue": 3287370
        },
        "2021-04": {
            "month": "2021-04",
            "price": "45.15",
            "revenue": 3107767
        },
        "2021-05": {
            "month": "2021-05",
            "price": "40.61",
            "revenue": 3009523
        },
        "2021-06": {
            "month": "2021-06",
            "price": "40.28",
            "revenue": 3043061
        },
        "2021-07": {
            "month": "2021-07",
            "price": "39.14",
            "revenue": 3148766
        },
        "2021-08": {
            "month": "2021-08",
            "price": "34.95",
            "revenue": 2846822
        },
        "2021-09": {
            "month": "2021-09",
            "price": "32.10",
            "revenue": 2928806
        },
        "2021-10": {
            "month": "2021-10",
            "price": "30.86",
            "revenue": 2924806
        },
        "2021-11": {
            "month": "2021-11",
            "price": "30.35",
            "revenue": 2673639
        },
        "2021-12": {
            "month": "2021-12",
            "price": "30.49",
            "revenue": 2652661
        },
        "2022-01": {
            "month": "2022-01",
            "price": "30.41",
            "revenue": 2935690
        },
        "2022-02": {
            "month": "2022-02",
            "price": "30.45",
            "revenue": 2711750
        },
        "2022-03": {
            "month": "2022-03",
            "price": "31.19",
            "revenue": 3811876
        },
        "2022-04": {
            "month": "2022-04",
            "price": "32.06",
            "revenue": 2934351
        },
        "2022-05": {
            "month": "2022-05",
            "price": "30.87",
            "revenue": 3688554
        },
        "2022-06": {
            "month": "2022-06",
            "price": "31.52",
            "revenue": 3827236
        },
        "2022-07": {
            "month": "2022-07",
            "price": "35.78",
            "revenue": 3316596
        },
        "2022-08": {
            "month": "2022-08",
            "price": "35.79",
            "revenue": 3535890
        },
        "2022-09": {
            "month": "2022-09",
            "price": "33.74",
            "revenue": 3484075
        },
        "2022-10": {
            "month": "2022-10",
            "price": "30.90",
            "revenue": 3167529
        },
        "2022-11": {
            "month": "2022-11",
            "price": "30.84",
            "revenue": 2739628
        },
        "2022-12": {
            "month": "2022-12",
            "price": "30.56",
            "revenue": 2398393
        },
        "2023-01": {
            "month": "2023-01",
            "price": "30.62",
            "revenue": 2335138
        },
        "2023-02": {
            "month": "2023-02",
            "price": "31.31",
            "revenue": 2649263
        },
        "2023-03": {
            "month": "2023-03",
            "price": "31.07",
            "revenue": 3230605
        },
        "2023-04": {
            "month": "2023-04",
            "price": "31.36",
            "revenue": 2845442
        },
        "2023-05": {
            "month": "2023-05",
            "price": "31.00",
            "revenue": 2905282
        },
        "2023-06": {
            "month": "2023-06",
            "price": "31.60",
            "revenue": 2945936
        },
        "2023-07": {
            "month": "2023-07",
            "price": "30.36",
            "revenue": 2866428
        },
        "2023-08": {
            "month": "2023-08",
            "price": "29.53",
            "revenue": 3192729
        },
        "2023-09": {
            "month": "2023-09",
            "price": "30.00",
            "revenue": 2891529
        },
        "2023-10": {
            "month": "2023-10",
            "price": "29.30",
            "revenue": 2965013
        },
        "2023-11": {
            "month": "2023-11",
            "price": "30.63",
            "revenue": 2985717
        },
        "2023-12": {
            "month": "2023-12",
            "price": "31.02",
            "revenue": 2552312
        }
    }
}
