{
    "summary": {
        "stock_name": "厚生",
        "stock_id": "2107",
        "category": "橡膠",
        "main_business": "生產銷售橡膠皮<br>生產銷售塑膠皮<br>生產銷售乳膠皮",
        "website_url": "http://www.frg.com.tw",
        "ceo": "徐正己",
        "pe_ratio": 14,
        "report_year_from": 2001,
        "report_year_to": 2023,
        "age": 23,
        "eps_negative_percentage": 9,
        "eps_growth_avg": {
            "last_all": 3.74,
            "last_2y": -15.63,
            "last_4y": 24.52,
            "last_8y": -1.78,
            "last_12y": 6.06,
            "last_16y": 15.94,
            "last_20y": 3.74,
            "at_2006_last_3y": -65.43,
            "at_2007_last_3y": -41.36,
            "at_2008_last_3y": 3.88,
            "at_2009_last_3y": 45.92,
            "at_2010_last_3y": 48.07,
            "at_2011_last_3y": 37.87,
            "at_2012_last_3y": 15.75,
            "at_2013_last_3y": 20.1,
            "at_2014_last_3y": 23.7,
            "at_2015_last_3y": 12.04,
            "at_2016_last_3y": -4.36,
            "at_2017_last_3y": -24.49,
            "at_2018_last_3y": -34.65,
            "at_2019_last_3y": 9.3,
            "at_2020_last_3y": 40.19,
            "at_2021_last_3y": 46.18,
            "at_2022_last_3y": 37.02,
            "at_2023_last_3y": 5.65,
            "at_2024_last_3y": 5.65,
            "at_2006_last_all": -65.43,
            "at_2007_last_all": -46.16,
            "at_2008_last_all": -16.93,
            "at_2009_last_all": -9.75,
            "at_2010_last_all": -0.57,
            "at_2011_last_all": -4.15,
            "at_2012_last_all": -2.4,
            "at_2013_last_all": 2.19,
            "at_2014_last_all": 8.25,
            "at_2015_last_all": 1.25,
            "at_2016_last_all": -3.01,
            "at_2017_last_all": -5.43,
            "at_2018_last_all": -3.19,
            "at_2019_last_all": 3.26,
            "at_2020_last_all": 7.16,
            "at_2021_last_all": 6.04,
            "at_2022_last_all": 5.28,
            "at_2023_last_all": 3.74,
            "at_2024_last_all": 3.74
        },
        "latest_eps": 1.73,
        "latest_price": 23.75,
        "latest_roe": 4.38,
        "latest_gross_margin": 30.9,
        "latest_equity": 12053558,
        "latest_revenue": 296960,
        "latest_gross_profit": 91774,
        "latest_net_income": 207224,
        "latest_debt_ratio": 14.59,
        "latest_current_ratio": 524.88,
        "latest_account_receivable_turnover_ratio": 2.39,
        "latest_inventory_turnover_ratio": 0.07,
        "latest_reinvestment_rate": -3.79,
        "latest_research_to_sale_ratio": 0.81
    },
    "eps_dividends": {
        "1991": {
            "cash": 0,
            "stock": 2,
            "eps": 0
        },
        "1992": {
            "cash": 0,
            "stock": 1.2,
            "eps": 0
        },
        "1993": {
            "cash": 0.26,
            "stock": 0,
            "eps": 0
        },
        "1994": {
            "cash": 0,
            "stock": 0.15,
            "eps": 0
        },
        "1995": {
            "cash": 0,
            "stock": 1.5,
            "eps": 0
        },
        "1999": {
            "cash": 0,
            "stock": 0.68,
            "eps": 0
        },
        "2000": {
            "cash": 0,
            "stock": 0.58,
            "eps": 0
        },
        "2001": {
            "cash": 0,
            "stock": 0,
            "eps": -0.29
        },
        "2002": {
            "cash": 0,
            "stock": 0,
            "eps": 0.71
        },
        "2003": {
            "cash": 0,
            "stock": 0,
            "eps": 0.28
        },
        "2004": {
            "cash": 0,
            "stock": 0,
            "eps": 0.18
        },
        "2005": {
            "cash": 0.3,
            "stock": 0,
            "eps": -0.42
        },
        "2006": {
            "cash": 0,
            "stock": 0,
            "eps": 0.43
        },
        "2007": {
            "cash": 0.35,
            "stock": 0,
            "eps": 0.48
        },
        "2008": {
            "cash": 0.35,
            "stock": 0,
            "eps": 1.76
        },
        "2009": {
            "cash": 0.5,
            "stock": 0,
            "eps": 2.22
        },
        "2010": {
            "cash": 1.2,
            "stock": 0,
            "eps": 3.43
        },
        "2011": {
            "cash": 4.2,
            "stock": 0,
            "eps": 2.43
        },
        "2012": {
            "cash": 0,
            "stock": 0,
            "eps": 2.71
        },
        "2013": {
            "cash": 1.8,
            "stock": 0,
            "eps": 3.89
        },
        "2014": {
            "cash": 2,
            "stock": 0,
            "eps": 6.57
        },
        "2015": {
            "cash": 2.8,
            "stock": 0,
            "eps": 1.59
        },
        "2016": {
            "cash": 0.85,
            "stock": 0,
            "eps": 0.73
        },
        "2017": {
            "cash": 0.55,
            "stock": 0,
            "eps": 0.46
        },
        "2018": {
            "cash": 0.65,
            "stock": 0,
            "eps": 0.59
        },
        "2019": {
            "cash": 0.68,
            "stock": 0,
            "eps": 1.54
        },
        "2020": {
            "cash": 0.8,
            "stock": 0,
            "eps": 2.61
        },
        "2021": {
            "cash": 1.5,
            "stock": 0,
            "eps": 2.27
        },
        "2022": {
            "cash": 1.2,
            "stock": 0,
            "eps": 2.08
        },
        "2023": {
            "cash": 1.2,
            "stock": 0,
            "eps": 1.55
        }
    },
    "dividends": {
        "1991-06-03": {
            "cash": 0,
            "stock": 2
        },
        "1992-04-30": {
            "cash": 0,
            "stock": 1.2
        },
        "1993-05-25": {
            "cash": 0.26,
            "stock": 0
        },
        "1994-04-29": {
            "cash": 0,
            "stock": 0.15
        },
        "1995-05-04": {
            "cash": 0,
            "stock": 1.5
        },
        "1999-04-30": {
            "cash": 0,
            "stock": 0.68
        },
        "2000-05-18": {
            "cash": 0,
            "stock": 0.58
        },
        "2005-04-29": {
            "cash": 0.3,
            "stock": 0
        },
        "2007-04-20": {
            "cash": 0.35,
            "stock": 0
        },
        "2008-03-14": {
            "cash": 0.35,
            "stock": 0
        },
        "2009-03-20": {
            "cash": 0.5,
            "stock": 0
        },
        "2010-03-26": {
            "cash": 1.2,
            "stock": 0
        },
        "2011-01-01": {
            "cash": 1.6,
            "stock": 0
        },
        "2011-03-18": {
            "cash": 2.6,
            "stock": 0
        },
        "2013-03-22": {
            "cash": 1.8,
            "stock": 0
        },
        "2014-06-06": {
            "cash": 2,
            "stock": 0
        },
        "2015-07-31": {
            "cash": 2.8,
            "stock": 0
        },
        "2016-07-20": {
            "cash": 0.85,
            "stock": 0
        },
        "2017-07-18": {
            "cash": 0.55,
            "stock": 0
        },
        "2018-07-18": {
            "cash": 0.65,
            "stock": 0
        },
        "2019-07-18": {
            "cash": 0.68,
            "stock": 0
        },
        "2020-07-30": {
            "cash": 0.8,
            "stock": 0
        },
        "2021-09-17": {
            "cash": 1.5,
            "stock": 0
        },
        "2022-07-28": {
            "cash": 1.2,
            "stock": 0
        },
        "2023-07-27": {
            "cash": 1.2,
            "stock": 0
        }
    },
    "prices": {
        "200101": "7.14",
        "200102": "8.92",
        "200103": "8.68",
        "200104": "8.04",
        "200105": "7.14",
        "200106": "6.52",
        "200107": "5.98",
        "200108": "6.79",
        "200109": "5.95",
        "200110": "5.26",
        "200111": "5.07",
        "200112": "7.05",
        "200201": "8.86",
        "200202": "7.76",
        "200203": "7.94",
        "200204": "9.08",
        "200205": "8.74",
        "200206": "9.76",
        "200207": "10.04",
        "200208": "9.06",
        "200209": "7.61",
        "200210": "7.17",
        "200211": "8.35",
        "200212": "8.33",
        "200301": "9.38",
        "200302": "8.50",
        "200303": "7.83",
        "200304": "7.76",
        "200305": "7.22",
        "200306": "8.15",
        "200307": "8.93",
        "200308": "8.81",
        "200309": "9.44",
        "200310": "10.30",
        "200311": "9.94",
        "200312": "9.34",
        "200401": "11.11",
        "200402": "16.51",
        "200403": "16.27",
        "200404": "14.97",
        "200405": "12.67",
        "200406": "13.36",
        "200407": "13.19",
        "200408": "11.89",
        "200409": "13.20",
        "200410": "13.89",
        "200411": "13.23",
        "200412": "13.93",
        "200501": "15.37",
        "200502": "14.72",
        "200503": "15.13",
        "200504": "12.84",
        "200505": "12.49",
        "200506": "14.05",
        "200507": "13.92",
        "200508": "14.07",
        "200509": "12.54",
        "200510": "12.00",
        "200511": "11.83",
        "200512": "12.45",
        "200601": "12.50",
        "200602": "12.50",
        "200603": "13.08",
        "200604": "14.61",
        "200605": "16.45",
        "200606": "15.05",
        "200607": "15.34",
        "200608": "14.40",
        "200609": "13.97",
        "200610": "16.18",
        "200611": "18.27",
        "200612": "23.21",
        "200701": "21.95",
        "200702": "21.80",
        "200703": "23.98",
        "200704": "23.71",
        "200705": "23.06",
        "200706": "23.30",
        "200707": "25.19",
        "200708": "20.66",
        "200709": "20.42",
        "200710": "20.84",
        "200711": "18.35",
        "200712": "16.23",
        "200801": "19.09",
        "200802": "21.55",
        "200803": "21.90",
        "200804": "22.80",
        "200805": "22.98",
        "200806": "19.33",
        "200807": "16.04",
        "200808": "15.98",
        "200809": "13.27",
        "200810": "10.99",
        "200811": "10.90",
        "200812": "11.67",
        "200901": "11.61",
        "200902": "11.15",
        "200903": "12.00",
        "200904": "14.99",
        "200905": "18.32",
        "200906": "18.89",
        "200907": "19.84",
        "200908": "19.35",
        "200909": "19.48",
        "200910": "24.52",
        "200911": "25.19",
        "200912": "27.91",
        "201001": "30.27",
        "201002": "25.02",
        "201003": "26.90",
        "201004": "27.85",
        "201005": "23.73",
        "201006": "22.98",
        "201007": "23.60",
        "201008": "24.46",
        "201009": "24.05",
        "201010": "24.58",
        "201011": "27.08",
        "201012": "31.07",
        "201101": "31.14",
        "201102": "28.46",
        "201103": "27.10",
        "201104": "28.85",
        "201105": "29.31",
        "201106": "29.43",
        "201107": "28.20",
        "201108": "25.31",
        "201109": "22.60",
        "201110": "21.06",
        "201111": "19.93",
        "201112": "17.84",
        "201201": "18.23",
        "201202": "21.04",
        "201203": "21.67",
        "201204": "19.56",
        "201205": "19.08",
        "201206": "19.03",
        "201207": "19.30",
        "201208": "19.13",
        "201209": "20.79",
        "201210": "20.30",
        "201211": "20.09",
        "201212": "20.55",
        "201301": "21.21",
        "201302": "21.86",
        "201303": "21.90",
        "201304": "22.88",
        "201305": "24.12",
        "201306": "24.36",
        "201307": "23.53",
        "201308": "23.90",
        "201309": "24.22",
        "201310": "26.54",
        "201311": "28.03",
        "201312": "28.34",
        "201401": "28.51",
        "201402": "28.39",
        "201403": "29.53",
        "201404": "29.17",
        "201405": "29.33",
        "201406": "29.32",
        "201407": "28.14",
        "201408": "30.47",
        "201409": "32.72",
        "201410": "32.62",
        "201411": "32.98",
        "201412": "32.95",
        "201501": "32.55",
        "201502": "32.42",
        "201503": "31.72",
        "201504": "32.34",
        "201505": "31.74",
        "201506": "29.00",
        "201507": "23.52",
        "201508": "20.18",
        "201509": "18.32",
        "201510": "18.39",
        "201511": "17.91",
        "201512": "16.61",
        "201601": "16.23",
        "201602": "16.93",
        "201603": "17.82",
        "201604": "17.19",
        "201605": "16.05",
        "201606": "15.90",
        "201607": "15.24",
        "201608": "15.01",
        "201609": "14.96",
        "201610": "15.13",
        "201611": "14.32",
        "201612": "15.51",
        "201701": "15.94",
        "201702": "17.18",
        "201703": "17.27",
        "201704": "16.92",
        "201705": "16.59",
        "201706": "15.82",
        "201707": "15.32",
        "201708": "14.84",
        "201709": "15.26",
        "201710": "15.00",
        "201711": "14.79",
        "201712": "15.16",
        "201801": "16.24",
        "201802": "15.53",
        "201803": "15.13",
        "201804": "15.04",
        "201805": "14.96",
        "201806": "15.08",
        "201807": "14.11",
        "201808": "14.07",
        "201809": "14.79",
        "201810": "14.57",
        "201811": "14.82",
        "201812": "15.36",
        "201901": "15.39",
        "201902": "16.18",
        "201903": "17.54",
        "201904": "17.41",
        "201905": "17.51",
        "201906": "17.97",
        "201907": "19.22",
        "201908": "18.46",
        "201909": "18.77",
        "201910": "18.58",
        "201911": "18.95",
        "201912": "18.82",
        "202001": "19.00",
        "202002": "18.45",
        "202003": "15.96",
        "202004": "16.83",
        "202005": "17.95",
        "202006": "18.10",
        "202007": "17.68",
        "202008": "18.40",
        "202009": "20.79",
        "202010": "20.18",
        "202011": "22.54",
        "202012": "24.68",
        "202101": "23.78",
        "202102": "23.43",
        "202103": "24.62",
        "202104": "26.31",
        "202105": "24.42",
        "202106": "24.64",
        "202107": "24.52",
        "202108": "23.37",
        "202109": "22.19",
        "202110": "22.70",
        "202111": "22.80",
        "202112": "22.67",
        "202201": "22.54",
        "202202": "22.31",
        "202203": "22.12",
        "202204": "22.42",
        "202205": "21.71",
        "202206": "21.55",
        "202207": "20.37",
        "202208": "21.50",
        "202209": "21.17",
        "202210": "19.94",
        "202211": "21.12",
        "202212": "21.87",
        "202301": "21.91",
        "202302": "22.08",
        "202303": "22.36",
        "202304": "21.88",
        "202305": "21.83",
        "202306": "22.08",
        "202307": "21.07",
        "202308": "21.42",
        "202309": "22.62",
        "202310": "23.33",
        "202311": "23.48",
        "202312": "23.62"
    },
    "quarters": {
        "20011": {
            "year_quarter": 20011,
            "year": 2001,
            "quarter": 1,
            "eps": -0.06,
            "eps_growth_year": -200,
            "eps_4q": -0.48,
            "eps_4q_growth_year": -405.43,
            "roe": -0.65,
            "roe_4q": -0.65,
            "gross_profit": 53932,
            "gross_margin": 18.43,
            "gross_margin_4q_avg": 18.43,
            "net_income": -25773,
            "net_income_4q": null,
            "revenue": 292655,
            "revenue_4q": null,
            "common_shares": 3970884,
            "book_valuer_per_share": 10.27,
            "book_valuer_per_share_4q_avg": 10.27,
            "equity": 4078989,
            "current_ratio": 149.92,
            "debt_ratio": 48.3,
            "inventory_turnover_ratio": 0.22,
            "account_receivable_turnover_ratio": null,
            "reinvestment_rate": null,
            "research_to_sale_ratio": null,
            "price_fair": 0,
            "eps_avg_yearly": 0,
            "eps_latest_yearly": 0,
            "eps_growth_yearly": 0
        },
        "20012": {
            "year_quarter": 20012,
            "year": 2001,
            "quarter": 2,
            "eps": -0.07,
            "eps_growth_year": -200,
            "eps_4q": -0.66,
            "eps_4q_growth_year": -1006.62,
            "roe": -0.71,
            "roe_4q": -1.3599999999999999,
            "gross_profit": 122589,
            "gross_margin": 23.18,
            "gross_margin_4q_avg": 20.81,
            "net_income": -28851,
            "net_income_4q": null,
            "revenue": 528771,
            "revenue_4q": null,
            "common_shares": 3970884,
            "book_valuer_per_share": 10.3,
            "book_valuer_per_share_4q_avg": 10.29,
            "equity": 4088763,
            "current_ratio": 138.89,
            "debt_ratio": 47.3,
            "inventory_turnover_ratio": 0.35,
            "account_receivable_turnover_ratio": null,
            "reinvestment_rate": null,
            "research_to_sale_ratio": null,
            "price_fair": 0,
            "eps_avg_yearly": 0,
            "eps_latest_yearly": 0,
            "eps_growth_yearly": 0
        },
        "20013": {
            "year_quarter": 20013,
            "year": 2001,
            "quarter": 3,
            "eps": -0.22,
            "eps_growth_year": null,
            "eps_4q": -0.63,
            "eps_4q_growth_year": null,
            "roe": -2.19,
            "roe_4q": -3.55,
            "gross_profit": 42614,
            "gross_margin": 15.31,
            "gross_margin_4q_avg": 18.97,
            "net_income": -88710,
            "net_income_4q": null,
            "revenue": 278420,
            "revenue_4q": null,
            "common_shares": 3970884,
            "book_valuer_per_share": 10.15,
            "book_valuer_per_share_4q_avg": 10.24,
            "equity": 4030023,
            "current_ratio": 103.96,
            "debt_ratio": 49.36,
            "inventory_turnover_ratio": 0.19,
            "account_receivable_turnover_ratio": null,
            "reinvestment_rate": null,
            "research_to_sale_ratio": null,
            "price_fair": 0,
            "eps_avg_yearly": 0,
            "eps_latest_yearly": 0,
            "eps_growth_yearly": 0
        },
        "20014": {
            "year_quarter": 20014,
            "year": 2001,
            "quarter": 4,
            "eps": 0.06,
            "eps_growth_year": null,
            "eps_4q": -0.28,
            "eps_4q_growth_year": null,
            "roe": 0.61,
            "roe_4q": -2.94,
            "gross_profit": 10118,
            "gross_margin": 3.75,
            "gross_margin_4q_avg": 15.17,
            "net_income": 25336,
            "net_income_4q": null,
            "revenue": 270138,
            "revenue_4q": null,
            "common_shares": 3970884,
            "book_valuer_per_share": 10.92,
            "book_valuer_per_share_4q_avg": 10.41,
            "equity": 4336471,
            "current_ratio": 180.34,
            "debt_ratio": 45.52,
            "inventory_turnover_ratio": 0.2,
            "account_receivable_turnover_ratio": null,
            "reinvestment_rate": null,
            "research_to_sale_ratio": null,
            "price_fair": 0,
            "eps_avg_yearly": 0,
            "eps_latest_yearly": 0,
            "eps_growth_yearly": 0
        },
        "20021": {
            "year_quarter": 20021,
            "year": 2002,
            "quarter": 1,
            "eps": 0.02,
            "eps_growth_year": null,
            "eps_4q": -0.21,
            "eps_4q_growth_year": null,
            "roe": 0.19,
            "roe_4q": -2.0999999999999996,
            "gross_profit": 56936,
            "gross_margin": 22.25,
            "gross_margin_4q_avg": 16.12,
            "net_income": 8160,
            "net_income_4q": null,
            "revenue": 255844,
            "revenue_4q": null,
            "common_shares": 3970884,
            "book_valuer_per_share": 10.97,
            "book_valuer_per_share_4q_avg": 10.59,
            "equity": 4357892,
            "current_ratio": 188.68,
            "debt_ratio": 44.93,
            "inventory_turnover_ratio": 0.15,
            "account_receivable_turnover_ratio": null,
            "reinvestment_rate": null,
            "research_to_sale_ratio": null,
            "price_fair": 0.24,
            "eps_avg_yearly": 0.08,
            "eps_latest_yearly": 0.08,
            "eps_growth_yearly": -266.67
        },
        "20022": {
            "year_quarter": 20022,
            "year": 2002,
            "quarter": 2,
            "eps": 0.57,
            "eps_growth_year": null,
            "eps_4q": 0.43,
            "eps_4q_growth_year": null,
            "roe": 5.02,
            "roe_4q": 3.6300000000000003,
            "gross_profit": 52236,
            "gross_margin": 14.99,
            "gross_margin_4q_avg": 14.08,
            "net_income": 224838,
            "net_income_4q": null,
            "revenue": 348381,
            "revenue_4q": null,
            "common_shares": 3970884,
            "book_valuer_per_share": 11.59,
            "book_valuer_per_share_4q_avg": 10.91,
            "equity": 4603568,
            "current_ratio": 175.97,
            "debt_ratio": 42.28,
            "inventory_turnover_ratio": 0.22,
            "account_receivable_turnover_ratio": null,
            "reinvestment_rate": null,
            "research_to_sale_ratio": null,
            "price_fair": 41.3,
            "eps_avg_yearly": 1.18,
            "eps_latest_yearly": 2.28,
            "eps_growth_yearly": 5366.67
        },
        "20023": {
            "year_quarter": 20023,
            "year": 2002,
            "quarter": 3,
            "eps": 0.16,
            "eps_growth_year": null,
            "eps_4q": 0.81,
            "eps_4q_growth_year": null,
            "roe": 1.37,
            "roe_4q": 7.19,
            "gross_profit": 145049,
            "gross_margin": 27.28,
            "gross_margin_4q_avg": 17.07,
            "net_income": 63365,
            "net_income_4q": null,
            "revenue": 531633,
            "revenue_4q": null,
            "common_shares": 3970884,
            "book_valuer_per_share": 11.75,
            "book_valuer_per_share_4q_avg": 11.31,
            "equity": 4666933,
            "current_ratio": 210.3,
            "debt_ratio": 38.9,
            "inventory_turnover_ratio": 0.3,
            "account_receivable_turnover_ratio": null,
            "reinvestment_rate": null,
            "research_to_sale_ratio": null,
            "price_fair": 35,
            "eps_avg_yearly": 1,
            "eps_latest_yearly": 0.64,
            "eps_growth_yearly": 3481.87
        },
        "20024": {
            "year_quarter": 20024,
            "year": 2002,
            "quarter": 4,
            "eps": -0.04,
            "eps_growth_year": -166.67,
            "eps_4q": 0.71,
            "eps_4q_growth_year": null,
            "roe": -0.29,
            "roe_4q": 6.29,
            "gross_profit": 36702,
            "gross_margin": 14.47,
            "gross_margin_4q_avg": 19.75,
            "net_income": -14586,
            "net_income_4q": null,
            "revenue": 253676,
            "revenue_4q": null,
            "common_shares": 3970884,
            "book_valuer_per_share": 13.67,
            "book_valuer_per_share_4q_avg": 12,
            "equity": 5429628,
            "current_ratio": 198.96,
            "debt_ratio": 31.44,
            "inventory_turnover_ratio": 0.17,
            "account_receivable_turnover_ratio": null,
            "reinvestment_rate": 18.21,
            "research_to_sale_ratio": null,
            "price_fair": 35,
            "eps_avg_yearly": 1,
            "eps_latest_yearly": 0.64,
            "eps_growth_yearly": 3481.87
        },
        "20031": {
            "year_quarter": 20031,
            "year": 2003,
            "quarter": 1,
            "eps": 0.03,
            "eps_growth_year": 50,
            "eps_4q": 0.71,
            "eps_4q_growth_year": null,
            "roe": 0.22,
            "roe_4q": 6.319999999999999,
            "gross_profit": 59004,
            "gross_margin": 21.41,
            "gross_margin_4q_avg": 19.54,
            "net_income": 12112,
            "net_income_4q": null,
            "revenue": 275553,
            "revenue_4q": null,
            "common_shares": 3970884,
            "book_valuer_per_share": 13.69,
            "book_valuer_per_share_4q_avg": 12.68,
            "equity": 5435861,
            "current_ratio": 199.81,
            "debt_ratio": 30.09,
            "inventory_turnover_ratio": 0.17,
            "account_receivable_turnover_ratio": null,
            "reinvestment_rate": 3450.79,
            "research_to_sale_ratio": null,
            "price_fair": 35,
            "eps_avg_yearly": 1,
            "eps_latest_yearly": 0.64,
            "eps_growth_yearly": 3481.87
        },
        "20032": {
            "year_quarter": 20032,
            "year": 2003,
            "quarter": 2,
            "eps": -0.01,
            "eps_growth_year": -101.75,
            "eps_4q": 0.14,
            "eps_4q_growth_year": -67.09,
            "roe": -0.09,
            "roe_4q": 1.2100000000000002,
            "gross_profit": 44535,
            "gross_margin": 17.33,
            "gross_margin_4q_avg": 20.12,
            "net_income": -4693,
            "net_income_4q": null,
            "revenue": 256956,
            "revenue_4q": null,
            "common_shares": 3970884,
            "book_valuer_per_share": 13.55,
            "book_valuer_per_share_4q_avg": 13.17,
            "equity": 5381835,
            "current_ratio": 181.57,
            "debt_ratio": 30.04,
            "inventory_turnover_ratio": 0.18,
            "account_receivable_turnover_ratio": null,
            "reinvestment_rate": null,
            "research_to_sale_ratio": null,
            "price_fair": 35,
            "eps_avg_yearly": 1,
            "eps_latest_yearly": 0.64,
            "eps_growth_yearly": 3481.87
        },
        "20033": {
            "year_quarter": 20033,
            "year": 2003,
            "quarter": 3,
            "eps": 0.09,
            "eps_growth_year": -43.75,
            "eps_4q": 0.07,
            "eps_4q_growth_year": -91.11,
            "roe": 0.67,
            "roe_4q": 0.51,
            "gross_profit": 41579,
            "gross_margin": 16.73,
            "gross_margin_4q_avg": 17.49,
            "net_income": 36314,
            "net_income_4q": null,
            "revenue": 248572,
            "revenue_4q": null,
            "common_shares": 3898694,
            "book_valuer_per_share": 13.89,
            "book_valuer_per_share_4q_avg": 13.7,
            "equity": 5416675,
            "current_ratio": 209.62,
            "debt_ratio": 30.3,
            "inventory_turnover_ratio": 0.17,
            "account_receivable_turnover_ratio": null,
            "reinvestment_rate": 10386.94,
            "research_to_sale_ratio": null,
            "price_fair": 35,
            "eps_avg_yearly": 1,
            "eps_latest_yearly": 0.64,
            "eps_growth_yearly": 3481.87
        },
        "20034": {
            "year_quarter": 20034,
            "year": 2003,
            "quarter": 4,
            "eps": 0.17,
            "eps_growth_year": null,
            "eps_4q": 0.28,
            "eps_4q_growth_year": -60.37,
            "roe": 1.23,
            "roe_4q": 2.03,
            "gross_profit": 36321,
            "gross_margin": 14.35,
            "gross_margin_4q_avg": 17.46,
            "net_income": 66754,
            "net_income_4q": null,
            "revenue": 253071,
            "revenue_4q": null,
            "common_shares": 3898694,
            "book_valuer_per_share": 14.05,
            "book_valuer_per_share_4q_avg": 13.8,
            "equity": 5477485,
            "current_ratio": 133.45,
            "debt_ratio": 32.74,
            "inventory_turnover_ratio": 0.22,
            "account_receivable_turnover_ratio": null,
            "reinvestment_rate": 853.96,
            "research_to_sale_ratio": null,
            "price_fair": 32.2,
            "eps_avg_yearly": 0.92,
            "eps_latest_yearly": 0.68,
            "eps_growth_yearly": 2700.29
        },
        "20041": {
            "year_quarter": 20041,
            "year": 2004,
            "quarter": 1,
            "eps": 0.08,
            "eps_growth_year": 166.67,
            "eps_4q": 0.32,
            "eps_4q_growth_year": -54.85,
            "roe": 0.6,
            "roe_4q": 2.41,
            "gross_profit": 45600,
            "gross_margin": 16.4,
            "gross_margin_4q_avg": 16.2,
            "net_income": 32857,
            "net_income_4q": null,
            "revenue": 278123,
            "revenue_4q": null,
            "common_shares": 3898694,
            "book_valuer_per_share": 14.13,
            "book_valuer_per_share_4q_avg": 13.91,
            "equity": 5510342,
            "current_ratio": 142.03,
            "debt_ratio": 30.72,
            "inventory_turnover_ratio": 0.3,
            "account_receivable_turnover_ratio": null,
            "reinvestment_rate": 776.02,
            "research_to_sale_ratio": null,
            "price_fair": 28,
            "eps_avg_yearly": 0.8,
            "eps_latest_yearly": 0.32,
            "eps_growth_yearly": 2117.88
        },
        "20042": {
            "year_quarter": 20042,
            "year": 2004,
            "quarter": 2,
            "eps": -0.01,
            "eps_growth_year": null,
            "eps_4q": 0.34,
            "eps_4q_growth_year": 140.05,
            "roe": -0.09,
            "roe_4q": 2.41,
            "gross_profit": 53357,
            "gross_margin": 18.48,
            "gross_margin_4q_avg": 16.49,
            "net_income": -5039,
            "net_income_4q": null,
            "revenue": 288758,
            "revenue_4q": null,
            "common_shares": 3852644,
            "book_valuer_per_share": 14.15,
            "book_valuer_per_share_4q_avg": 14.06,
            "equity": 5450654,
            "current_ratio": 107.45,
            "debt_ratio": 33.08,
            "inventory_turnover_ratio": 0.3,
            "account_receivable_turnover_ratio": null,
            "reinvestment_rate": 1042.36,
            "research_to_sale_ratio": null,
            "price_fair": 28,
            "eps_avg_yearly": 0.8,
            "eps_latest_yearly": 0.32,
            "eps_growth_yearly": 2117.88
        },
        "20043": {
            "year_quarter": 20043,
            "year": 2004,
            "quarter": 3,
            "eps": 0.06,
            "eps_growth_year": -33.33,
            "eps_4q": 0.29,
            "eps_4q_growth_year": 303.83,
            "roe": 0.45,
            "roe_4q": 2.19,
            "gross_profit": 48724,
            "gross_margin": 19.2,
            "gross_margin_4q_avg": 17.11,
            "net_income": 24488,
            "net_income_4q": null,
            "revenue": 253756,
            "revenue_4q": null,
            "common_shares": 3852644,
            "book_valuer_per_share": 14.21,
            "book_valuer_per_share_4q_avg": 14.14,
            "equity": 5475141,
            "current_ratio": 110.02,
            "debt_ratio": 32.76,
            "inventory_turnover_ratio": 0.26,
            "account_receivable_turnover_ratio": null,
            "reinvestment_rate": 401.63,
            "research_to_sale_ratio": null,
            "price_fair": 28,
            "eps_avg_yearly": 0.8,
            "eps_latest_yearly": 0.32,
            "eps_growth_yearly": 2117.88
        },
        "20044": {
            "year_quarter": 20044,
            "year": 2004,
            "quarter": 4,
            "eps": 0.05,
            "eps_growth_year": -70.59,
            "eps_4q": 0.19,
            "eps_4q_growth_year": -33.83,
            "roe": 0.35,
            "roe_4q": 1.31,
            "gross_profit": 51448,
            "gross_margin": 18.15,
            "gross_margin_4q_avg": 18.06,
            "net_income": 19204,
            "net_income_4q": null,
            "revenue": 283391,
            "revenue_4q": null,
            "common_shares": 3852644,
            "book_valuer_per_share": 14.23,
            "book_valuer_per_share_4q_avg": 14.18,
            "equity": 5482275,
            "current_ratio": 683.11,
            "debt_ratio": 37.78,
            "inventory_turnover_ratio": 0.31,
            "account_receivable_turnover_ratio": null,
            "reinvestment_rate": 323.93,
            "research_to_sale_ratio": null,
            "price_fair": 24.5,
            "eps_avg_yearly": 0.7,
            "eps_latest_yearly": 0.2,
            "eps_growth_yearly": 1753.79
        },
        "20051": {
            "year_quarter": 20051,
            "year": 2005,
            "quarter": 1,
            "eps": -0.46,
            "eps_growth_year": -675,
            "eps_4q": -0.38,
            "eps_4q_growth_year": -217.79,
            "roe": -3.58,
            "roe_4q": -2.8699999999999997,
            "gross_profit": 57337,
            "gross_margin": 20.69,
            "gross_margin_4q_avg": 19.13,
            "net_income": -212585,
            "net_income_4q": null,
            "revenue": 277167,
            "revenue_4q": null,
            "common_shares": 4617679,
            "book_valuer_per_share": 13.83,
            "book_valuer_per_share_4q_avg": 14.11,
            "equity": 6388211,
            "current_ratio": 636.41,
            "debt_ratio": 25.66,
            "inventory_turnover_ratio": 0.31,
            "account_receivable_turnover_ratio": null,
            "reinvestment_rate": 736.45,
            "research_to_sale_ratio": null,
            "price_fair": 24.5,
            "eps_avg_yearly": 0.7,
            "eps_latest_yearly": 0.2,
            "eps_growth_yearly": 1753.79
        },
        "20052": {
            "year_quarter": 20052,
            "year": 2005,
            "quarter": 2,
            "eps": 0.11,
            "eps_growth_year": null,
            "eps_4q": -0.24,
            "eps_4q_growth_year": -171.1,
            "roe": 0.83,
            "roe_4q": -1.95,
            "gross_profit": 45008,
            "gross_margin": 16.07,
            "gross_margin_4q_avg": 18.53,
            "net_income": 52846,
            "net_income_4q": null,
            "revenue": 280023,
            "revenue_4q": null,
            "common_shares": 4690235,
            "book_valuer_per_share": 13.64,
            "book_valuer_per_share_4q_avg": 13.98,
            "equity": 6396941,
            "current_ratio": 606.12,
            "debt_ratio": 24.84,
            "inventory_turnover_ratio": 0.35,
            "account_receivable_turnover_ratio": null,
            "reinvestment_rate": 363.21,
            "research_to_sale_ratio": null,
            "price_fair": 24.5,
            "eps_avg_yearly": 0.7,
            "eps_latest_yearly": 0.2,
            "eps_growth_yearly": 1753.79
        },
        "20053": {
            "year_quarter": 20053,
            "year": 2005,
            "quarter": 3,
            "eps": 0.01,
            "eps_growth_year": -83.33,
            "eps_4q": -0.29,
            "eps_4q_growth_year": -198.15,
            "roe": 0.07,
            "roe_4q": -2.33,
            "gross_profit": 40460,
            "gross_margin": 15.27,
            "gross_margin_4q_avg": 17.55,
            "net_income": 4297,
            "net_income_4q": null,
            "revenue": 264888,
            "revenue_4q": null,
            "common_shares": 4758130,
            "book_valuer_per_share": 13.44,
            "book_valuer_per_share_4q_avg": 13.79,
            "equity": 6393614,
            "current_ratio": 760.52,
            "debt_ratio": 23.04,
            "inventory_turnover_ratio": 0.34,
            "account_receivable_turnover_ratio": null,
            "reinvestment_rate": 296.05,
            "research_to_sale_ratio": null,
            "price_fair": 21.2,
            "eps_avg_yearly": 0.61,
            "eps_latest_yearly": 0.04,
            "eps_growth_yearly": 1451.3
        },
        "20054": {
            "year_quarter": 20054,
            "year": 2005,
            "quarter": 4,
            "eps": -0.08,
            "eps_growth_year": -260,
            "eps_4q": -0.39,
            "eps_4q_growth_year": -312.03,
            "roe": -0.61,
            "roe_4q": -3.29,
            "gross_profit": 51791,
            "gross_margin": 18.75,
            "gross_margin_4q_avg": 17.7,
            "net_income": -38477,
            "net_income_4q": null,
            "revenue": 276205,
            "revenue_4q": null,
            "common_shares": 4558280,
            "book_valuer_per_share": 13.53,
            "book_valuer_per_share_4q_avg": 13.61,
            "equity": 6166851,
            "current_ratio": 414.86,
            "debt_ratio": 26.48,
            "inventory_turnover_ratio": 0.29,
            "account_receivable_turnover_ratio": null,
            "reinvestment_rate": 367.83,
            "research_to_sale_ratio": null,
            "price_fair": 21.2,
            "eps_avg_yearly": 0.61,
            "eps_latest_yearly": 0.04,
            "eps_growth_yearly": 1451.3
        },
        "20061": {
            "year_quarter": 20061,
            "year": 2006,
            "quarter": 1,
            "eps": 0.09,
            "eps_growth_year": null,
            "eps_4q": 0.13,
            "eps_4q_growth_year": null,
            "roe": 0.69,
            "roe_4q": 0.98,
            "gross_profit": 61176,
            "gross_margin": 21.25,
            "gross_margin_4q_avg": 17.84,
            "net_income": 43922,
            "net_income_4q": null,
            "revenue": 287876,
            "revenue_4q": null,
            "common_shares": 4673033,
            "book_valuer_per_share": 13.98,
            "book_valuer_per_share_4q_avg": 13.65,
            "equity": 6534053,
            "current_ratio": 478.78,
            "debt_ratio": 22.38,
            "inventory_turnover_ratio": 0.26,
            "account_receivable_turnover_ratio": null,
            "reinvestment_rate": 311.31,
            "research_to_sale_ratio": null,
            "price_fair": 24.27,
            "eps_avg_yearly": 0.69,
            "eps_latest_yearly": 0.04,
            "eps_growth_yearly": 1737.63
        },
        "20062": {
            "year_quarter": 20062,
            "year": 2006,
            "quarter": 2,
            "eps": 0.09,
            "eps_growth_year": -18.18,
            "eps_4q": 0.11,
            "eps_4q_growth_year": null,
            "roe": 0.65,
            "roe_4q": 0.7999999999999998,
            "gross_profit": 55694,
            "gross_margin": 18.03,
            "gross_margin_4q_avg": 18.33,
            "net_income": 43010,
            "net_income_4q": null,
            "revenue": 308903,
            "revenue_4q": null,
            "common_shares": 4743108,
            "book_valuer_per_share": 14.07,
            "book_valuer_per_share_4q_avg": 13.76,
            "equity": 6674521,
            "current_ratio": 538.11,
            "debt_ratio": 20.62,
            "inventory_turnover_ratio": 0.27,
            "account_receivable_turnover_ratio": null,
            "reinvestment_rate": 820.77,
            "research_to_sale_ratio": null,
            "price_fair": 1.12,
            "eps_avg_yearly": 0.37,
            "eps_latest_yearly": 0.36,
            "eps_growth_yearly": -95.71
        },
        "20063": {
            "year_quarter": 20063,
            "year": 2006,
            "quarter": 3,
            "eps": 0.08,
            "eps_growth_year": 700,
            "eps_4q": 0.19,
            "eps_4q_growth_year": null,
            "roe": 0.54,
            "roe_4q": 1.27,
            "gross_profit": 49592,
            "gross_margin": 17.32,
            "gross_margin_4q_avg": 18.84,
            "net_income": 36455,
            "net_income_4q": null,
            "revenue": 286363,
            "revenue_4q": null,
            "common_shares": 4814311,
            "book_valuer_per_share": 13.99,
            "book_valuer_per_share_4q_avg": 13.89,
            "equity": 6734830,
            "current_ratio": 479.84,
            "debt_ratio": 19.66,
            "inventory_turnover_ratio": 0.23,
            "account_receivable_turnover_ratio": null,
            "reinvestment_rate": 982.38,
            "research_to_sale_ratio": null,
            "price_fair": 0.96,
            "eps_avg_yearly": 0.32,
            "eps_latest_yearly": 0.32,
            "eps_growth_yearly": -55.16
        },
        "20064": {
            "year_quarter": 20064,
            "year": 2006,
            "quarter": 4,
            "eps": 0.17,
            "eps_growth_year": null,
            "eps_4q": 0.4,
            "eps_4q_growth_year": null,
            "roe": 1.27,
            "roe_4q": 3.15,
            "gross_profit": 56735,
            "gross_margin": 16.39,
            "gross_margin_4q_avg": 18.25,
            "net_income": 89280,
            "net_income_4q": null,
            "revenue": 346089,
            "revenue_4q": null,
            "common_shares": 5125261,
            "book_valuer_per_share": 14.39,
            "book_valuer_per_share_4q_avg": 14.11,
            "equity": 7375100,
            "current_ratio": 600.44,
            "debt_ratio": 15.21,
            "inventory_turnover_ratio": 0.15,
            "account_receivable_turnover_ratio": null,
            "reinvestment_rate": 454.53,
            "research_to_sale_ratio": null,
            "price_fair": 10.03,
            "eps_avg_yearly": 0.37,
            "eps_latest_yearly": 0.68,
            "eps_growth_yearly": 17.01
        },
        "20071": {
            "year_quarter": 20071,
            "year": 2007,
            "quarter": 1,
            "eps": -0.15,
            "eps_growth_year": -266.67,
            "eps_4q": 0.17,
            "eps_4q_growth_year": 34.84,
            "roe": -1.06,
            "roe_4q": 1.4,
            "gross_profit": 63671,
            "gross_margin": 19.65,
            "gross_margin_4q_avg": 17.85,
            "net_income": -78383,
            "net_income_4q": null,
            "revenue": 324083,
            "revenue_4q": null,
            "common_shares": 5239621,
            "book_valuer_per_share": 14.05,
            "book_valuer_per_share_4q_avg": 14.13,
            "equity": 7360389,
            "current_ratio": 407.27,
            "debt_ratio": 15.9,
            "inventory_turnover_ratio": 0.1,
            "account_receivable_turnover_ratio": null,
            "reinvestment_rate": -139.24,
            "research_to_sale_ratio": null,
            "price_fair": 10.03,
            "eps_avg_yearly": 0.37,
            "eps_latest_yearly": 0.68,
            "eps_growth_yearly": 17.01
        },
        "20072": {
            "year_quarter": 20072,
            "year": 2007,
            "quarter": 2,
            "eps": 0.33,
            "eps_growth_year": 266.67,
            "eps_4q": 0.42,
            "eps_4q_growth_year": 282.11,
            "roe": 2.31,
            "roe_4q": 3.06,
            "gross_profit": 204349,
            "gross_margin": 34.83,
            "gross_margin_4q_avg": 22.05,
            "net_income": 170230,
            "net_income_4q": null,
            "revenue": 586705,
            "revenue_4q": null,
            "common_shares": 5240824,
            "book_valuer_per_share": 14.05,
            "book_valuer_per_share_4q_avg": 14.12,
            "equity": 7365970,
            "current_ratio": 281.71,
            "debt_ratio": 22.08,
            "inventory_turnover_ratio": 0.16,
            "account_receivable_turnover_ratio": null,
            "reinvestment_rate": -56.87,
            "research_to_sale_ratio": null,
            "price_fair": 10.03,
            "eps_avg_yearly": 0.37,
            "eps_latest_yearly": 0.68,
            "eps_growth_yearly": 17.01
        },
        "20073": {
            "year_quarter": 20073,
            "year": 2007,
            "quarter": 3,
            "eps": 0.47,
            "eps_growth_year": 487.5,
            "eps_4q": 0.82,
            "eps_4q_growth_year": 338.69,
            "roe": 3.28,
            "roe_4q": 5.799999999999999,
            "gross_profit": 234225,
            "gross_margin": 39.82,
            "gross_margin_4q_avg": 27.67,
            "net_income": 245028,
            "net_income_4q": null,
            "revenue": 588271,
            "revenue_4q": null,
            "common_shares": 5240824,
            "book_valuer_per_share": 14.44,
            "book_valuer_per_share_4q_avg": 14.23,
            "equity": 7567916,
            "current_ratio": 288.82,
            "debt_ratio": 21.37,
            "inventory_turnover_ratio": 0.14,
            "account_receivable_turnover_ratio": null,
            "reinvestment_rate": -32.73,
            "research_to_sale_ratio": null,
            "price_fair": 19.6,
            "eps_avg_yearly": 0.56,
            "eps_latest_yearly": 1.88,
            "eps_growth_yearly": 36.09
        },
        "20074": {
            "year_quarter": 20074,
            "year": 2007,
            "quarter": 4,
            "eps": -0.17,
            "eps_growth_year": -200,
            "eps_4q": 0.48,
            "eps_4q_growth_year": 18.54,
            "roe": -1.16,
            "roe_4q": 3.3699999999999997,
            "gross_profit": 243792,
            "gross_margin": 38.8,
            "gross_margin_4q_avg": 33.28,
            "net_income": -86461,
            "net_income_4q": null,
            "revenue": 628266,
            "revenue_4q": null,
            "common_shares": 5240824,
            "book_valuer_per_share": 14.03,
            "book_valuer_per_share_4q_avg": 14.14,
            "equity": 7350204,
            "current_ratio": 294.13,
            "debt_ratio": 22.54,
            "inventory_turnover_ratio": 0.14,
            "account_receivable_turnover_ratio": null,
            "reinvestment_rate": -315.11,
            "research_to_sale_ratio": null,
            "price_fair": 1.63,
            "eps_avg_yearly": 0.54,
            "eps_latest_yearly": 1.88,
            "eps_growth_yearly": -9.55
        },
        "20081": {
            "year_quarter": 20081,
            "year": 2008,
            "quarter": 1,
            "eps": 0.54,
            "eps_growth_year": null,
            "eps_4q": 1.17,
            "eps_4q_growth_year": 574.7,
            "roe": 3.76,
            "roe_4q": 8.19,
            "gross_profit": 247558,
            "gross_margin": 39.98,
            "gross_margin_4q_avg": 38.36,
            "net_income": 283301,
            "net_income_4q": null,
            "revenue": 619191,
            "revenue_4q": null,
            "common_shares": 5232964,
            "book_valuer_per_share": 14.74,
            "book_valuer_per_share_4q_avg": 14.32,
            "equity": 7714752,
            "current_ratio": 294.99,
            "debt_ratio": 22.11,
            "inventory_turnover_ratio": 0.13,
            "account_receivable_turnover_ratio": null,
            "reinvestment_rate": -180.78,
            "research_to_sale_ratio": null,
            "price_fair": 19.81,
            "eps_avg_yearly": 0.58,
            "eps_latest_yearly": 1.88,
            "eps_growth_yearly": 24.16
        },
        "20082": {
            "year_quarter": 20082,
            "year": 2008,
            "quarter": 2,
            "eps": 0.26,
            "eps_growth_year": -21.21,
            "eps_4q": 1.09,
            "eps_4q_growth_year": 158.66,
            "roe": 1.81,
            "roe_4q": 7.6899999999999995,
            "gross_profit": 259976,
            "gross_margin": 39.26,
            "gross_margin_4q_avg": 39.47,
            "net_income": 138247,
            "net_income_4q": null,
            "revenue": 662117,
            "revenue_4q": null,
            "common_shares": 5232964,
            "book_valuer_per_share": 14.52,
            "book_valuer_per_share_4q_avg": 14.43,
            "equity": 7598194,
            "current_ratio": 274.93,
            "debt_ratio": 23.56,
            "inventory_turnover_ratio": 0.12,
            "account_receivable_turnover_ratio": null,
            "reinvestment_rate": -147.08,
            "research_to_sale_ratio": null,
            "price_fair": 1.94,
            "eps_avg_yearly": 0.65,
            "eps_latest_yearly": 1.04,
            "eps_growth_yearly": -8.92
        },
        "20083": {
            "year_quarter": 20083,
            "year": 2008,
            "quarter": 3,
            "eps": 0.54,
            "eps_growth_year": 14.89,
            "eps_4q": 1.19,
            "eps_4q_growth_year": 45.14,
            "roe": 3.77,
            "roe_4q": 8.18,
            "gross_profit": 336859,
            "gross_margin": 43.11,
            "gross_margin_4q_avg": 40.29,
            "net_income": 279908,
            "net_income_4q": null,
            "revenue": 781411,
            "revenue_4q": null,
            "common_shares": 5232964,
            "book_valuer_per_share": 13.89,
            "book_valuer_per_share_4q_avg": 14.3,
            "equity": 7267445,
            "current_ratio": 255.06,
            "debt_ratio": 24.88,
            "inventory_turnover_ratio": 0.12,
            "account_receivable_turnover_ratio": null,
            "reinvestment_rate": -108.38,
            "research_to_sale_ratio": null,
            "price_fair": 29.23,
            "eps_avg_yearly": 0.84,
            "eps_latest_yearly": 2.16,
            "eps_growth_yearly": 46.04
        },
        "20084": {
            "year_quarter": 20084,
            "year": 2008,
            "quarter": 4,
            "eps": 0.42,
            "eps_growth_year": null,
            "eps_4q": 1.79,
            "eps_4q_growth_year": 273.46,
            "roe": 2.97,
            "roe_4q": 12.31,
            "gross_profit": 416276,
            "gross_margin": 48.73,
            "gross_margin_4q_avg": 42.77,
            "net_income": 214634,
            "net_income_4q": null,
            "revenue": 854246,
            "revenue_4q": null,
            "common_shares": 5036524,
            "book_valuer_per_share": 14.31,
            "book_valuer_per_share_4q_avg": 14.37,
            "equity": 7208304,
            "current_ratio": 255.12,
            "debt_ratio": 27.58,
            "inventory_turnover_ratio": 0.11,
            "account_receivable_turnover_ratio": 10.21,
            "reinvestment_rate": -98.95,
            "research_to_sale_ratio": null,
            "price_fair": 35.7,
            "eps_avg_yearly": 1.02,
            "eps_latest_yearly": 1.68,
            "eps_growth_yearly": 43.26
        },
        "20091": {
            "year_quarter": 20091,
            "year": 2009,
            "quarter": 1,
            "eps": 0.55,
            "eps_growth_year": 1.85,
            "eps_4q": 1.8,
            "eps_4q_growth_year": 54.21,
            "roe": 3.8,
            "roe_4q": 12.35,
            "gross_profit": 364306,
            "gross_margin": 49.7,
            "gross_margin_4q_avg": 45.2,
            "net_income": 278611,
            "net_income_4q": null,
            "revenue": 733069,
            "revenue_4q": null,
            "common_shares": 5036524,
            "book_valuer_per_share": 14.79,
            "book_valuer_per_share_4q_avg": 14.38,
            "equity": 7447801,
            "current_ratio": 262.26,
            "debt_ratio": 28.13,
            "inventory_turnover_ratio": 0.08,
            "account_receivable_turnover_ratio": 4.72,
            "reinvestment_rate": -69.72,
            "research_to_sale_ratio": null,
            "price_fair": 40.29,
            "eps_avg_yearly": 1.15,
            "eps_latest_yearly": 2.2,
            "eps_growth_yearly": 52.21
        },
        "20092": {
            "year_quarter": 20092,
            "year": 2009,
            "quarter": 2,
            "eps": 0.43,
            "eps_growth_year": 65.38,
            "eps_4q": 1.97,
            "eps_4q_growth_year": 81.02,
            "roe": 2.82,
            "roe_4q": 13.36,
            "gross_profit": 306427,
            "gross_margin": 44.38,
            "gross_margin_4q_avg": 46.48,
            "net_income": 215193,
            "net_income_4q": null,
            "revenue": 690388,
            "revenue_4q": null,
            "common_shares": 5036524,
            "book_valuer_per_share": 15.55,
            "book_valuer_per_share_4q_avg": 14.64,
            "equity": 7832896,
            "current_ratio": 244.96,
            "debt_ratio": 30.31,
            "inventory_turnover_ratio": 0.08,
            "account_receivable_turnover_ratio": 5,
            "reinvestment_rate": -69.77,
            "research_to_sale_ratio": null,
            "price_fair": 42.28,
            "eps_avg_yearly": 1.21,
            "eps_latest_yearly": 1.72,
            "eps_growth_yearly": 38.26
        },
        "20093": {
            "year_quarter": 20093,
            "year": 2009,
            "quarter": 3,
            "eps": 0.64,
            "eps_growth_year": 18.52,
            "eps_4q": 2.05,
            "eps_4q_growth_year": 72.93,
            "roe": 3.99,
            "roe_4q": 13.58,
            "gross_profit": 406316,
            "gross_margin": 50.23,
            "gross_margin_4q_avg": 48.26,
            "net_income": 321182,
            "net_income_4q": null,
            "revenue": 808959,
            "revenue_4q": null,
            "common_shares": 5036524,
            "book_valuer_per_share": 16.45,
            "book_valuer_per_share_4q_avg": 15.28,
            "equity": 8285892,
            "current_ratio": 230.81,
            "debt_ratio": 32.85,
            "inventory_turnover_ratio": 0.07,
            "account_receivable_turnover_ratio": 5.88,
            "reinvestment_rate": -62.9,
            "research_to_sale_ratio": null,
            "price_fair": 51.1,
            "eps_avg_yearly": 1.46,
            "eps_latest_yearly": 2.56,
            "eps_growth_yearly": 94.16
        },
        "20094": {
            "year_quarter": 20094,
            "year": 2009,
            "quarter": 4,
            "eps": 0.6,
            "eps_growth_year": 42.86,
            "eps_4q": 2.22,
            "eps_4q_growth_year": 24,
            "roe": 3.61,
            "roe_4q": 14.219999999999999,
            "gross_profit": 464911,
            "gross_margin": 41.36,
            "gross_margin_4q_avg": 46.42,
            "net_income": 304431,
            "net_income_4q": null,
            "revenue": 1124158,
            "revenue_4q": null,
            "common_shares": 5036524,
            "book_valuer_per_share": 17.01,
            "book_valuer_per_share_4q_avg": 15.95,
            "equity": 8564094,
            "current_ratio": 223.26,
            "debt_ratio": 36.29,
            "inventory_turnover_ratio": 0.2,
            "account_receivable_turnover_ratio": 15.38,
            "reinvestment_rate": -48.15,
            "research_to_sale_ratio": null,
            "price_fair": 54.09,
            "eps_avg_yearly": 1.55,
            "eps_latest_yearly": 2.4,
            "eps_growth_yearly": 83.33
        },
        "20101": {
            "year_quarter": 20101,
            "year": 2010,
            "quarter": 1,
            "eps": 0.77,
            "eps_growth_year": 40,
            "eps_4q": 2.44,
            "eps_4q_growth_year": 35.46,
            "roe": 4.44,
            "roe_4q": 14.860000000000001,
            "gross_profit": 469583,
            "gross_margin": 49.9,
            "gross_margin_4q_avg": 46.47,
            "net_income": 386514,
            "net_income_4q": null,
            "revenue": 941143,
            "revenue_4q": null,
            "common_shares": 5036524,
            "book_valuer_per_share": 17.53,
            "book_valuer_per_share_4q_avg": 16.64,
            "equity": 8830052,
            "current_ratio": 221.82,
            "debt_ratio": 37.32,
            "inventory_turnover_ratio": 1.29,
            "account_receivable_turnover_ratio": 6.18,
            "reinvestment_rate": -40.97,
            "research_to_sale_ratio": 0.39,
            "price_fair": 58.57,
            "eps_avg_yearly": 1.67,
            "eps_latest_yearly": 3.08,
            "eps_growth_yearly": 85.83
        },
        "20102": {
            "year_quarter": 20102,
            "year": 2010,
            "quarter": 2,
            "eps": 0.75,
            "eps_growth_year": 74.99,
            "eps_4q": 2.76,
            "eps_4q_growth_year": 39.87,
            "roe": 4.39,
            "roe_4q": 16.43,
            "gross_profit": 506616,
            "gross_margin": 46.66,
            "gross_margin_4q_avg": 47.04,
            "net_income": 378966,
            "net_income_4q": null,
            "revenue": 1085824,
            "revenue_4q": null,
            "common_shares": 5036524,
            "book_valuer_per_share": 16.78,
            "book_valuer_per_share_4q_avg": 16.94,
            "equity": 8452166,
            "current_ratio": 204.93,
            "debt_ratio": 42.14,
            "inventory_turnover_ratio": 1.5,
            "account_receivable_turnover_ratio": 6.82,
            "reinvestment_rate": -35.98,
            "research_to_sale_ratio": 0.31,
            "price_fair": 66.27,
            "eps_avg_yearly": 1.89,
            "eps_latest_yearly": 3,
            "eps_growth_yearly": 84.96
        },
        "20103": {
            "year_quarter": 20103,
            "year": 2010,
            "quarter": 3,
            "eps": 0.68,
            "eps_growth_year": 5.83,
            "eps_4q": 2.8,
            "eps_4q_growth_year": 36.57,
            "roe": 3.93,
            "roe_4q": 16.37,
            "gross_profit": 427878,
            "gross_margin": 45.43,
            "gross_margin_4q_avg": 45.84,
            "net_income": 341123,
            "net_income_4q": null,
            "revenue": 941888,
            "revenue_4q": null,
            "common_shares": 5036524,
            "book_valuer_per_share": 17.69,
            "book_valuer_per_share_4q_avg": 17.25,
            "equity": 8911035,
            "current_ratio": 225.26,
            "debt_ratio": 42.56,
            "inventory_turnover_ratio": 1.31,
            "account_receivable_turnover_ratio": 5.93,
            "reinvestment_rate": -28.34,
            "research_to_sale_ratio": 0.31,
            "price_fair": 73.27,
            "eps_avg_yearly": 2.09,
            "eps_latest_yearly": 2.72,
            "eps_growth_yearly": 85.56
        },
        "20104": {
            "year_quarter": 20104,
            "year": 2010,
            "quarter": 4,
            "eps": 1.23,
            "eps_growth_year": 105.52,
            "eps_4q": 3.43,
            "eps_4q_growth_year": 54.31,
            "roe": 6.7,
            "roe_4q": 19.46,
            "gross_profit": 711407,
            "gross_margin": 50.15,
            "gross_margin_4q_avg": 48.04,
            "net_income": 621062,
            "net_income_4q": null,
            "revenue": 1418543,
            "revenue_4q": null,
            "common_shares": 5036524,
            "book_valuer_per_share": 19.13,
            "book_valuer_per_share_4q_avg": 17.78,
            "equity": 9632749,
            "current_ratio": 233.84,
            "debt_ratio": 42.77,
            "inventory_turnover_ratio": 1.75,
            "account_receivable_turnover_ratio": 8.09,
            "reinvestment_rate": 21.7,
            "research_to_sale_ratio": 0.34,
            "price_fair": 85.63,
            "eps_avg_yearly": 2.45,
            "eps_latest_yearly": 4.92,
            "eps_growth_yearly": 75.02
        },
        "20111": {
            "year_quarter": 20111,
            "year": 2011,
            "quarter": 1,
            "eps": 0.78,
            "eps_growth_year": 1.3,
            "eps_4q": 3.44,
            "eps_4q_growth_year": 41.08,
            "roe": 3.98,
            "roe_4q": 19,
            "gross_profit": 483325,
            "gross_margin": 47.06,
            "gross_margin_4q_avg": 47.33,
            "net_income": 390632,
            "net_income_4q": null,
            "revenue": 1027145,
            "revenue_4q": null,
            "common_shares": 5036524,
            "book_valuer_per_share": 19.81,
            "book_valuer_per_share_4q_avg": 18.35,
            "equity": 9975833,
            "current_ratio": 248.22,
            "debt_ratio": 40.53,
            "inventory_turnover_ratio": 1.33,
            "account_receivable_turnover_ratio": 4.38,
            "reinvestment_rate": 4.57,
            "research_to_sale_ratio": 0.31,
            "price_fair": 87.45,
            "eps_avg_yearly": 2.5,
            "eps_latest_yearly": 3.12,
            "eps_growth_yearly": 57.99
        },
        "20112": {
            "year_quarter": 20112,
            "year": 2011,
            "quarter": 2,
            "eps": 0.77,
            "eps_growth_year": 1.98,
            "eps_4q": 3.45,
            "eps_4q_growth_year": 25.01,
            "roe": 4.08,
            "roe_4q": 18.69,
            "gross_profit": 556923,
            "gross_margin": 47.88,
            "gross_margin_4q_avg": 47.63,
            "net_income": 386459,
            "net_income_4q": null,
            "revenue": 1163102,
            "revenue_4q": null,
            "common_shares": 5036524,
            "book_valuer_per_share": 17.77,
            "book_valuer_per_share_4q_avg": 18.6,
            "equity": 8947064,
            "current_ratio": 214.71,
            "debt_ratio": 31.5,
            "inventory_turnover_ratio": 1.5,
            "account_receivable_turnover_ratio": 3.28,
            "reinvestment_rate": 4.18,
            "research_to_sale_ratio": 0.32,
            "price_fair": 88.9,
            "eps_avg_yearly": 2.54,
            "eps_latest_yearly": 3.08,
            "eps_growth_yearly": 53.48
        },
        "20113": {
            "year_quarter": 20113,
            "year": 2011,
            "quarter": 3,
            "eps": 0.39,
            "eps_growth_year": -41.78,
            "eps_4q": 3.17,
            "eps_4q_growth_year": 13.15,
            "roe": 2.23,
            "roe_4q": 16.990000000000002,
            "gross_profit": 215826,
            "gross_margin": 35.37,
            "gross_margin_4q_avg": 45.12,
            "net_income": 198617,
            "net_income_4q": null,
            "revenue": 610184,
            "revenue_4q": null,
            "common_shares": 5036524,
            "book_valuer_per_share": 17.63,
            "book_valuer_per_share_4q_avg": 18.59,
            "equity": 8877973,
            "current_ratio": 386.89,
            "debt_ratio": 16.51,
            "inventory_turnover_ratio": 0.95,
            "account_receivable_turnover_ratio": 1.54,
            "reinvestment_rate": 4.1,
            "research_to_sale_ratio": 0.52,
            "price_fair": 88.1,
            "eps_avg_yearly": 2.52,
            "eps_latest_yearly": 1.56,
            "eps_growth_yearly": 27.26
        },
        "20114": {
            "year_quarter": 20114,
            "year": 2011,
            "quarter": 4,
            "eps": 0.49,
            "eps_growth_year": -60.41,
            "eps_4q": 2.45,
            "eps_4q_growth_year": -28.64,
            "roe": 2.73,
            "roe_4q": 13.02,
            "gross_profit": 392378,
            "gross_margin": 45.81,
            "gross_margin_4q_avg": 44.03,
            "net_income": 243042,
            "net_income_4q": null,
            "revenue": 856553,
            "revenue_4q": null,
            "common_shares": 5019804,
            "book_valuer_per_share": 17.92,
            "book_valuer_per_share_4q_avg": 18.28,
            "equity": 8920877,
            "current_ratio": 417,
            "debt_ratio": 15.83,
            "inventory_turnover_ratio": 1.08,
            "account_receivable_turnover_ratio": 2.98,
            "reinvestment_rate": 1.94,
            "research_to_sale_ratio": 0.48,
            "price_fair": 86.8,
            "eps_avg_yearly": 2.48,
            "eps_latest_yearly": 1.96,
            "eps_growth_yearly": 32.28
        },
        "20121": {
            "year_quarter": 20121,
            "year": 2012,
            "quarter": 1,
            "eps": 0.08,
            "eps_growth_year": -89.74,
            "eps_4q": 1.74,
            "eps_4q_growth_year": -49.25,
            "roe": 0.45,
            "roe_4q": 9.49,
            "gross_profit": 99539,
            "gross_margin": 24.22,
            "gross_margin_4q_avg": 38.32,
            "net_income": 40318,
            "net_income_4q": null,
            "revenue": 410998,
            "revenue_4q": null,
            "common_shares": 4976894,
            "book_valuer_per_share": 18.32,
            "book_valuer_per_share_4q_avg": 17.91,
            "equity": 9114330,
            "current_ratio": 418.51,
            "debt_ratio": 15.97,
            "inventory_turnover_ratio": 0.71,
            "account_receivable_turnover_ratio": 1.98,
            "reinvestment_rate": 2.09,
            "research_to_sale_ratio": 0.79,
            "price_fair": 45.36,
            "eps_avg_yearly": 2.35,
            "eps_latest_yearly": 0.32,
            "eps_growth_yearly": 9.34
        },
        "20122": {
            "year_quarter": 20122,
            "year": 2012,
            "quarter": 2,
            "eps": 1.2,
            "eps_growth_year": 56.76,
            "eps_4q": 2.17,
            "eps_4q_growth_year": -37.1,
            "roe": 6.66,
            "roe_4q": 12.07,
            "gross_profit": 774267,
            "gross_margin": 57.66,
            "gross_margin_4q_avg": 40.77,
            "net_income": 598058,
            "net_income_4q": null,
            "revenue": 1342852,
            "revenue_4q": null,
            "common_shares": 4976894,
            "book_valuer_per_share": 17.81,
            "book_valuer_per_share_4q_avg": 17.92,
            "equity": 8855365,
            "current_ratio": 247.03,
            "debt_ratio": 27.1,
            "inventory_turnover_ratio": 1.27,
            "account_receivable_turnover_ratio": 5.44,
            "reinvestment_rate": 1.81,
            "research_to_sale_ratio": 0.3,
            "price_fair": 90.3,
            "eps_avg_yearly": 2.58,
            "eps_latest_yearly": 4.8,
            "eps_growth_yearly": 372.31
        },
        "20123": {
            "year_quarter": 20123,
            "year": 2012,
            "quarter": 3,
            "eps": 0.75,
            "eps_growth_year": 89.46,
            "eps_4q": 2.52,
            "eps_4q_growth_year": -20.52,
            "roe": 4.08,
            "roe_4q": 13.92,
            "gross_profit": 454130,
            "gross_margin": 53.74,
            "gross_margin_4q_avg": 45.36,
            "net_income": 371473,
            "net_income_4q": null,
            "revenue": 845129,
            "revenue_4q": null,
            "common_shares": 4971894,
            "book_valuer_per_share": 18.84,
            "book_valuer_per_share_4q_avg": 18.22,
            "equity": 9364284,
            "current_ratio": 323.04,
            "debt_ratio": 21.02,
            "inventory_turnover_ratio": 0.9,
            "account_receivable_turnover_ratio": 3.63,
            "reinvestment_rate": 1.92,
            "research_to_sale_ratio": 0.53,
            "price_fair": 92.14,
            "eps_avg_yearly": 2.63,
            "eps_latest_yearly": 3,
            "eps_growth_yearly": 336.01
        },
        "20124": {
            "year_quarter": 20124,
            "year": 2012,
            "quarter": 4,
            "eps": 0.68,
            "eps_growth_year": 38.96,
            "eps_4q": 2.71,
            "eps_4q_growth_year": 10.69,
            "roe": 3.54,
            "roe_4q": 14.73,
            "gross_profit": 451288,
            "gross_margin": 54.74,
            "gross_margin_4q_avg": 47.59,
            "net_income": 337243,
            "net_income_4q": null,
            "revenue": 824430,
            "revenue_4q": null,
            "common_shares": 4971894,
            "book_valuer_per_share": 19.49,
            "book_valuer_per_share_4q_avg": 18.62,
            "equity": 9689112,
            "current_ratio": 357.74,
            "debt_ratio": 19.28,
            "inventory_turnover_ratio": 0.94,
            "account_receivable_turnover_ratio": 4.36,
            "reinvestment_rate": 2.33,
            "research_to_sale_ratio": 0.52,
            "price_fair": 94.41,
            "eps_avg_yearly": 2.7,
            "eps_latest_yearly": 2.72,
            "eps_growth_yearly": 339.23
        },
        "20131": {
            "year_quarter": 20131,
            "year": 2013,
            "quarter": 1,
            "eps": 0.49,
            "eps_growth_year": 512.5,
            "eps_4q": 3.11,
            "eps_4q_growth_year": 78.43,
            "roe": 2.48,
            "roe_4q": 16.759999999999998,
            "gross_profit": 272025,
            "gross_margin": 45.08,
            "gross_margin_4q_avg": 52.81,
            "net_income": 241187,
            "net_income_4q": null,
            "revenue": 603414,
            "revenue_4q": null,
            "common_shares": 4971894,
            "book_valuer_per_share": 19.57,
            "book_valuer_per_share_4q_avg": 18.93,
            "equity": 9728472,
            "current_ratio": 447.1,
            "debt_ratio": 15.88,
            "inventory_turnover_ratio": 0.12,
            "account_receivable_turnover_ratio": 2.32,
            "reinvestment_rate": -30.3,
            "research_to_sale_ratio": 0.64,
            "price_fair": 93.89,
            "eps_avg_yearly": 2.68,
            "eps_latest_yearly": 1.96,
            "eps_growth_yearly": 324.51
        },
        "20132": {
            "year_quarter": 20132,
            "year": 2013,
            "quarter": 2,
            "eps": 1.75,
            "eps_growth_year": 45.48,
            "eps_4q": 3.66,
            "eps_4q_growth_year": 68.43,
            "roe": 8.94,
            "roe_4q": 19.04,
            "gross_profit": 1064644,
            "gross_margin": 66.07,
            "gross_margin_4q_avg": 54.91,
            "net_income": 869252,
            "net_income_4q": null,
            "revenue": 1611366,
            "revenue_4q": null,
            "common_shares": 4971894,
            "book_valuer_per_share": 19.54,
            "book_valuer_per_share_4q_avg": 19.36,
            "equity": 9712203,
            "current_ratio": 310.53,
            "debt_ratio": 22.82,
            "inventory_turnover_ratio": 0.11,
            "account_receivable_turnover_ratio": 4.36,
            "reinvestment_rate": -27.54,
            "research_to_sale_ratio": 0.24,
            "price_fair": 105.44,
            "eps_avg_yearly": 3.01,
            "eps_latest_yearly": 7,
            "eps_growth_yearly": 394.25
        },
        "20133": {
            "year_quarter": 20133,
            "year": 2013,
            "quarter": 3,
            "eps": 0.91,
            "eps_growth_year": 21.8,
            "eps_4q": 3.82,
            "eps_4q_growth_year": 51.49,
            "roe": 4.52,
            "roe_4q": 19.48,
            "gross_profit": 533132,
            "gross_margin": 56.55,
            "gross_margin_4q_avg": 55.61,
            "net_income": 450283,
            "net_income_4q": null,
            "revenue": 942727,
            "revenue_4q": null,
            "common_shares": 4971894,
            "book_valuer_per_share": 20.56,
            "book_valuer_per_share_4q_avg": 19.79,
            "equity": 10222540,
            "current_ratio": 447.27,
            "debt_ratio": 16.36,
            "inventory_turnover_ratio": 0.09,
            "account_receivable_turnover_ratio": 2.66,
            "reinvestment_rate": -26.84,
            "research_to_sale_ratio": 0.44,
            "price_fair": 107.8,
            "eps_avg_yearly": 3.08,
            "eps_latest_yearly": 3.64,
            "eps_growth_yearly": 370.04
        },
        "20134": {
            "year_quarter": 20134,
            "year": 2013,
            "quarter": 4,
            "eps": 0.74,
            "eps_growth_year": 8.45,
            "eps_4q": 3.87,
            "eps_4q_growth_year": 43.01,
            "roe": 3.5,
            "roe_4q": 19.44,
            "gross_profit": 515854,
            "gross_margin": 53.59,
            "gross_margin_4q_avg": 55.32,
            "net_income": 365736,
            "net_income_4q": null,
            "revenue": 962625,
            "revenue_4q": null,
            "common_shares": 4971894,
            "book_valuer_per_share": 21.51,
            "book_valuer_per_share_4q_avg": 20.3,
            "equity": 10695126,
            "current_ratio": 455.77,
            "debt_ratio": 16.59,
            "inventory_turnover_ratio": 0.1,
            "account_receivable_turnover_ratio": 3.93,
            "reinvestment_rate": -28.57,
            "research_to_sale_ratio": 0.46,
            "price_fair": 109.03,
            "eps_avg_yearly": 3.12,
            "eps_latest_yearly": 2.96,
            "eps_growth_yearly": 366.93
        },
        "20141": {
            "year_quarter": 20141,
            "year": 2014,
            "quarter": 1,
            "eps": 0.69,
            "eps_growth_year": 40.82,
            "eps_4q": 4.08,
            "eps_4q_growth_year": 31.14,
            "roe": 3.18,
            "roe_4q": 20.14,
            "gross_profit": 439638,
            "gross_margin": 53.52,
            "gross_margin_4q_avg": 57.43,
            "net_income": 344758,
            "net_income_4q": null,
            "revenue": 821519,
            "revenue_4q": null,
            "common_shares": 4971894,
            "book_valuer_per_share": 22.06,
            "book_valuer_per_share_4q_avg": 20.92,
            "equity": 10968570,
            "current_ratio": 462.61,
            "debt_ratio": 16.52,
            "inventory_turnover_ratio": 0.09,
            "account_receivable_turnover_ratio": 3.85,
            "reinvestment_rate": -28.04,
            "research_to_sale_ratio": 0.37,
            "price_fair": 108.33,
            "eps_avg_yearly": 3.1,
            "eps_latest_yearly": 2.76,
            "eps_growth_yearly": 358.16
        },
        "20142": {
            "year_quarter": 20142,
            "year": 2014,
            "quarter": 2,
            "eps": 3.32,
            "eps_growth_year": 89.71,
            "eps_4q": 5.65,
            "eps_4q_growth_year": 54.39,
            "roe": 14.6,
            "roe_4q": 25.8,
            "gross_profit": 1987636,
            "gross_margin": 76.22,
            "gross_margin_4q_avg": 59.97,
            "net_income": 1647905,
            "net_income_4q": null,
            "revenue": 2607869,
            "revenue_4q": null,
            "common_shares": 4971894,
            "book_valuer_per_share": 23.33,
            "book_valuer_per_share_4q_avg": 21.87,
            "equity": 11597928,
            "current_ratio": 405.89,
            "debt_ratio": 18.59,
            "inventory_turnover_ratio": 0.15,
            "account_receivable_turnover_ratio": 8.19,
            "reinvestment_rate": -23.42,
            "research_to_sale_ratio": 0.18,
            "price_fair": 130.81,
            "eps_avg_yearly": 3.74,
            "eps_latest_yearly": 13.28,
            "eps_growth_yearly": 454.1
        },
        "20143": {
            "year_quarter": 20143,
            "year": 2014,
            "quarter": 3,
            "eps": 1.72,
            "eps_growth_year": 89.01,
            "eps_4q": 6.47,
            "eps_4q_growth_year": 69.46,
            "roe": 7.13,
            "roe_4q": 28.41,
            "gross_profit": 832731,
            "gross_margin": 66.69,
            "gross_margin_4q_avg": 62.51,
            "net_income": 857825,
            "net_income_4q": null,
            "revenue": 1248580,
            "revenue_4q": null,
            "common_shares": 4971894,
            "book_valuer_per_share": 25.09,
            "book_valuer_per_share_4q_avg": 23,
            "equity": 12473078,
            "current_ratio": 936.47,
            "debt_ratio": 8.82,
            "inventory_turnover_ratio": 0.1,
            "account_receivable_turnover_ratio": 3.88,
            "reinvestment_rate": -23.21,
            "research_to_sale_ratio": 0.36,
            "price_fair": 139.91,
            "eps_avg_yearly": 4,
            "eps_latest_yearly": 6.88,
            "eps_growth_yearly": 444.38
        },
        "20144": {
            "year_quarter": 20144,
            "year": 2014,
            "quarter": 4,
            "eps": 0.84,
            "eps_growth_year": 14.37,
            "eps_4q": 6.57,
            "eps_4q_growth_year": 69.68,
            "roe": 3.29,
            "roe_4q": 28.2,
            "gross_profit": 441944,
            "gross_margin": 51.05,
            "gross_margin_4q_avg": 61.87,
            "net_income": 418284,
            "net_income_4q": null,
            "revenue": 865713,
            "revenue_4q": null,
            "common_shares": 4971894,
            "book_valuer_per_share": 26.02,
            "book_valuer_per_share_4q_avg": 24.13,
            "equity": 12933745,
            "current_ratio": 1003.03,
            "debt_ratio": 8.48,
            "inventory_turnover_ratio": 0.11,
            "account_receivable_turnover_ratio": 3.65,
            "reinvestment_rate": -23.94,
            "research_to_sale_ratio": 0.6,
            "price_fair": 136.5,
            "eps_avg_yearly": 3.9,
            "eps_latest_yearly": 3.36,
            "eps_growth_yearly": 411.37
        },
        "20151": {
            "year_quarter": 20151,
            "year": 2015,
            "quarter": 1,
            "eps": 0.7,
            "eps_growth_year": 1.45,
            "eps_4q": 6.58,
            "eps_4q_growth_year": 61.11,
            "roe": 2.64,
            "roe_4q": 27.659999999999997,
            "gross_profit": 419397,
            "gross_margin": 55.62,
            "gross_margin_4q_avg": 62.4,
            "net_income": 346627,
            "net_income_4q": null,
            "revenue": 754065,
            "revenue_4q": null,
            "common_shares": 4971894,
            "book_valuer_per_share": 26.75,
            "book_valuer_per_share_4q_avg": 25.3,
            "equity": 13299509,
            "current_ratio": 667.53,
            "debt_ratio": 12.03,
            "inventory_turnover_ratio": 0.07,
            "account_receivable_turnover_ratio": 3.19,
            "reinvestment_rate": -24.91,
            "research_to_sale_ratio": 0.53,
            "price_fair": 135.8,
            "eps_avg_yearly": 3.88,
            "eps_latest_yearly": 2.8,
            "eps_growth_yearly": 416.35
        },
        "20152": {
            "year_quarter": 20152,
            "year": 2015,
            "quarter": 2,
            "eps": -0.02,
            "eps_growth_year": -100.6,
            "eps_4q": 3.25,
            "eps_4q_growth_year": -42.54,
            "roe": -0.07,
            "roe_4q": 12.99,
            "gross_profit": 248189,
            "gross_margin": 43.75,
            "gross_margin_4q_avg": 54.28,
            "net_income": -8994,
            "net_income_4q": null,
            "revenue": 567309,
            "revenue_4q": null,
            "common_shares": 4971894,
            "book_valuer_per_share": 23.96,
            "book_valuer_per_share_4q_avg": 25.46,
            "equity": 11911539,
            "current_ratio": 352.39,
            "debt_ratio": 21.62,
            "inventory_turnover_ratio": 0.06,
            "account_receivable_turnover_ratio": 2.26,
            "reinvestment_rate": -26.15,
            "research_to_sale_ratio": 0.68,
            "price_fair": 137.67,
            "eps_avg_yearly": 3.93,
            "eps_latest_yearly": 2.8,
            "eps_growth_yearly": 444.45
        },
        "20153": {
            "year_quarter": 20153,
            "year": 2015,
            "quarter": 3,
            "eps": 0.51,
            "eps_growth_year": -70.35,
            "eps_4q": 2.06,
            "eps_4q_growth_year": -68.23,
            "roe": 2.15,
            "roe_4q": 8.010000000000002,
            "gross_profit": 95005,
            "gross_margin": 27.34,
            "gross_margin_4q_avg": 44.44,
            "net_income": 254843,
            "net_income_4q": null,
            "revenue": 347538,
            "revenue_4q": null,
            "common_shares": 4971894,
            "book_valuer_per_share": 23.9,
            "book_valuer_per_share_4q_avg": 25.16,
            "equity": 11751495,
            "current_ratio": 356.54,
            "debt_ratio": 21.47,
            "inventory_turnover_ratio": 0.04,
            "account_receivable_turnover_ratio": 1.35,
            "reinvestment_rate": -26.08,
            "research_to_sale_ratio": 1.13,
            "price_fair": 143.6,
            "eps_avg_yearly": 4.1,
            "eps_latest_yearly": 2.8,
            "eps_growth_yearly": 490.3
        },
        "20154": {
            "year_quarter": 20154,
            "year": 2015,
            "quarter": 4,
            "eps": 0.4,
            "eps_growth_year": -52.13,
            "eps_4q": 1.61,
            "eps_4q_growth_year": -75.48,
            "roe": 1.66,
            "roe_4q": 6.38,
            "gross_profit": 293131,
            "gross_margin": 47.12,
            "gross_margin_4q_avg": 43.46,
            "net_income": 197342,
            "net_income_4q": null,
            "revenue": 622028,
            "revenue_4q": null,
            "common_shares": 4904684,
            "book_valuer_per_share": 24.42,
            "book_valuer_per_share_4q_avg": 24.76,
            "equity": 11966748,
            "current_ratio": 365.63,
            "debt_ratio": 20.91,
            "inventory_turnover_ratio": 0.06,
            "account_receivable_turnover_ratio": 2.69,
            "reinvestment_rate": -23.65,
            "research_to_sale_ratio": 0.89,
            "price_fair": 142.7,
            "eps_avg_yearly": 4.08,
            "eps_latest_yearly": 1.6,
            "eps_growth_yearly": 476.81
        },
        "20161": {
            "year_quarter": 20161,
            "year": 2016,
            "quarter": 1,
            "eps": 0.05,
            "eps_growth_year": -92.86,
            "eps_4q": 0.97,
            "eps_4q_growth_year": -85.23,
            "roe": 0.21,
            "roe_4q": 3.9499999999999997,
            "gross_profit": 125023,
            "gross_margin": 34.42,
            "gross_margin_4q_avg": 38.16,
            "net_income": 24992,
            "net_income_4q": null,
            "revenue": 363244,
            "revenue_4q": null,
            "common_shares": 4904684,
            "book_valuer_per_share": 24.72,
            "book_valuer_per_share_4q_avg": 24.25,
            "equity": 11906223,
            "current_ratio": 430.51,
            "debt_ratio": 17.78,
            "inventory_turnover_ratio": 0.04,
            "account_receivable_turnover_ratio": 1.6,
            "reinvestment_rate": -23.69,
            "research_to_sale_ratio": 0.81,
            "price_fair": 142.4,
            "eps_avg_yearly": 4.07,
            "eps_latest_yearly": 0.2,
            "eps_growth_yearly": 475.71
        },
        "20162": {
            "year_quarter": 20162,
            "year": 2016,
            "quarter": 2,
            "eps": 0.09,
            "eps_growth_year": null,
            "eps_4q": 1.08,
            "eps_4q_growth_year": -66.74,
            "roe": 0.37,
            "roe_4q": 4.39,
            "gross_profit": 124523,
            "gross_margin": 33.25,
            "gross_margin_4q_avg": 35.53,
            "net_income": 42968,
            "net_income_4q": null,
            "revenue": 374534,
            "revenue_4q": null,
            "common_shares": 4817774,
            "book_valuer_per_share": 23.79,
            "book_valuer_per_share_4q_avg": 24.21,
            "equity": 11458101,
            "current_ratio": 348.54,
            "debt_ratio": 21.75,
            "inventory_turnover_ratio": 0.04,
            "account_receivable_turnover_ratio": 1.71,
            "reinvestment_rate": -25.71,
            "research_to_sale_ratio": 1.04,
            "price_fair": 131.3,
            "eps_avg_yearly": 3.75,
            "eps_latest_yearly": 0.36,
            "eps_growth_yearly": 98.57
        },
        "20163": {
            "year_quarter": 20163,
            "year": 2016,
            "quarter": 3,
            "eps": 0.15,
            "eps_growth_year": -70.59,
            "eps_4q": 0.78,
            "eps_4q_growth_year": -62.27,
            "roe": 0.63,
            "roe_4q": 2.87,
            "gross_profit": 112541,
            "gross_margin": 28.07,
            "gross_margin_4q_avg": 35.72,
            "net_income": 70994,
            "net_income_4q": null,
            "revenue": 400860,
            "revenue_4q": null,
            "common_shares": 4336000,
            "book_valuer_per_share": 25.52,
            "book_valuer_per_share_4q_avg": 24.61,
            "equity": 11062991,
            "current_ratio": 304.27,
            "debt_ratio": 24.73,
            "inventory_turnover_ratio": 0.05,
            "account_receivable_turnover_ratio": 1.91,
            "reinvestment_rate": -27.24,
            "research_to_sale_ratio": 0.92,
            "price_fair": 125.3,
            "eps_avg_yearly": 3.58,
            "eps_latest_yearly": 0.6,
            "eps_growth_yearly": 128.33
        },
        "20164": {
            "year_quarter": 20164,
            "year": 2016,
            "quarter": 4,
            "eps": 0.44,
            "eps_growth_year": 9.48,
            "eps_4q": 0.77,
            "eps_4q_growth_year": -52.44,
            "roe": 1.69,
            "roe_4q": 2.9,
            "gross_profit": 164616,
            "gross_margin": 28.9,
            "gross_margin_4q_avg": 31.16,
            "net_income": 188147,
            "net_income_4q": null,
            "revenue": 569550,
            "revenue_4q": null,
            "common_shares": 4336000,
            "book_valuer_per_share": 26.2,
            "book_valuer_per_share_4q_avg": 25.06,
            "equity": 11182133,
            "current_ratio": 339.3,
            "debt_ratio": 22.3,
            "inventory_turnover_ratio": 0.07,
            "account_receivable_turnover_ratio": 2.55,
            "reinvestment_rate": -28.19,
            "research_to_sale_ratio": 0.68,
            "price_fair": 122.9,
            "eps_avg_yearly": 3.51,
            "eps_latest_yearly": 1.76,
            "eps_growth_yearly": 186.24
        },
        "20171": {
            "year_quarter": 20171,
            "year": 2017,
            "quarter": 1,
            "eps": 0,
            "eps_growth_year": -100,
            "eps_4q": 0.72,
            "eps_4q_growth_year": -26.06,
            "roe": 0.01,
            "roe_4q": 2.7,
            "gross_profit": 147377,
            "gross_margin": 31.46,
            "gross_margin_4q_avg": 30.42,
            "net_income": 1251,
            "net_income_4q": null,
            "revenue": 468437,
            "revenue_4q": null,
            "common_shares": 4250000,
            "book_valuer_per_share": 26.43,
            "book_valuer_per_share_4q_avg": 25.49,
            "equity": 11160395,
            "current_ratio": 359.81,
            "debt_ratio": 20.84,
            "inventory_turnover_ratio": 0.06,
            "account_receivable_turnover_ratio": 2.09,
            "reinvestment_rate": -0.13,
            "research_to_sale_ratio": 0.64,
            "price_fair": 127.08,
            "eps_avg_yearly": 3.63,
            "eps_latest_yearly": 1.76,
            "eps_growth_yearly": 209.16
        },
        "20172": {
            "year_quarter": 20172,
            "year": 2017,
            "quarter": 2,
            "eps": 0.09,
            "eps_growth_year": 0,
            "eps_4q": 0.71,
            "eps_4q_growth_year": -34.59,
            "roe": 0.34,
            "roe_4q": 2.67,
            "gross_profit": 97440,
            "gross_margin": 26.24,
            "gross_margin_4q_avg": 28.67,
            "net_income": 37792,
            "net_income_4q": null,
            "revenue": 371369,
            "revenue_4q": null,
            "common_shares": 4222220,
            "book_valuer_per_share": 25.88,
            "book_valuer_per_share_4q_avg": 26.01,
            "equity": 10928011,
            "current_ratio": 327.87,
            "debt_ratio": 23.11,
            "inventory_turnover_ratio": 0.05,
            "account_receivable_turnover_ratio": 1.54,
            "reinvestment_rate": -2.52,
            "research_to_sale_ratio": 1.02,
            "price_fair": 117.25,
            "eps_avg_yearly": 3.35,
            "eps_latest_yearly": 1.76,
            "eps_growth_yearly": 140.88
        },
        "20173": {
            "year_quarter": 20173,
            "year": 2017,
            "quarter": 3,
            "eps": 0.37,
            "eps_growth_year": 146.67,
            "eps_4q": 1,
            "eps_4q_growth_year": 28.42,
            "roe": 1.4,
            "roe_4q": 3.44,
            "gross_profit": 145330,
            "gross_margin": 32.53,
            "gross_margin_4q_avg": 29.78,
            "net_income": 151289,
            "net_income_4q": null,
            "revenue": 446714,
            "revenue_4q": null,
            "common_shares": 3800000,
            "book_valuer_per_share": 28.01,
            "book_valuer_per_share_4q_avg": 26.63,
            "equity": 10642972,
            "current_ratio": 274.74,
            "debt_ratio": 27.6,
            "inventory_turnover_ratio": 0.05,
            "account_receivable_turnover_ratio": 1.7,
            "reinvestment_rate": -2.45,
            "research_to_sale_ratio": 0.84,
            "price_fair": 110.95,
            "eps_avg_yearly": 3.17,
            "eps_latest_yearly": 1.48,
            "eps_growth_yearly": 260.58
        },
        "20174": {
            "year_quarter": 20174,
            "year": 2017,
            "quarter": 4,
            "eps": -0,
            "eps_growth_year": -100.65,
            "eps_4q": 0.5,
            "eps_4q_growth_year": -35.02,
            "roe": -0.01,
            "roe_4q": 1.74,
            "gross_profit": 148651,
            "gross_margin": 33.76,
            "gross_margin_4q_avg": 31,
            "net_income": -1099,
            "net_income_4q": null,
            "revenue": 440314,
            "revenue_4q": null,
            "common_shares": 3800000,
            "book_valuer_per_share": 28.53,
            "book_valuer_per_share_4q_avg": 27.21,
            "equity": 10836838,
            "current_ratio": 278.04,
            "debt_ratio": 27.14,
            "inventory_turnover_ratio": 0.05,
            "account_receivable_turnover_ratio": 1.89,
            "reinvestment_rate": -0.63,
            "research_to_sale_ratio": 0.79,
            "price_fair": 111.62,
            "eps_avg_yearly": 3.19,
            "eps_latest_yearly": 1.48,
            "eps_growth_yearly": 291.06
        },
        "20181": {
            "year_quarter": 20181,
            "year": 2018,
            "quarter": 1,
            "eps": -0.04,
            "eps_growth_year": null,
            "eps_4q": 0.46,
            "eps_4q_growth_year": -35.43,
            "roe": -0.15,
            "roe_4q": 1.58,
            "gross_profit": 74438,
            "gross_margin": 22.58,
            "gross_margin_4q_avg": 28.78,
            "net_income": -16344,
            "net_income_4q": null,
            "revenue": 329613,
            "revenue_4q": null,
            "common_shares": 3700000,
            "book_valuer_per_share": 29,
            "book_valuer_per_share_4q_avg": 27.86,
            "equity": 10728488,
            "current_ratio": 298.22,
            "debt_ratio": 25.11,
            "inventory_turnover_ratio": 0.05,
            "account_receivable_turnover_ratio": 1.56,
            "reinvestment_rate": -6.93,
            "research_to_sale_ratio": 1.05,
            "price_fair": 113.12,
            "eps_avg_yearly": 3.23,
            "eps_latest_yearly": 1.48,
            "eps_growth_yearly": 322.87
        },
        "20182": {
            "year_quarter": 20182,
            "year": 2018,
            "quarter": 2,
            "eps": 0.15,
            "eps_growth_year": 66.67,
            "eps_4q": 0.52,
            "eps_4q_growth_year": -26.54,
            "roe": 0.54,
            "roe_4q": 1.7799999999999998,
            "gross_profit": 84766,
            "gross_margin": 23.38,
            "gross_margin_4q_avg": 28.06,
            "net_income": 58096,
            "net_income_4q": null,
            "revenue": 362533,
            "revenue_4q": null,
            "common_shares": 3700000,
            "book_valuer_per_share": 28.96,
            "book_valuer_per_share_4q_avg": 28.63,
            "equity": 10712501,
            "current_ratio": 298.66,
            "debt_ratio": 25.11,
            "inventory_turnover_ratio": 0.05,
            "account_receivable_turnover_ratio": 1.67,
            "reinvestment_rate": -10.69,
            "research_to_sale_ratio": 0.82,
            "price_fair": 74.04,
            "eps_avg_yearly": 2.12,
            "eps_latest_yearly": 1.48,
            "eps_growth_yearly": 189.34
        },
        "20183": {
            "year_quarter": 20183,
            "year": 2018,
            "quarter": 3,
            "eps": 0.41,
            "eps_growth_year": 10.81,
            "eps_4q": 0.52,
            "eps_4q_growth_year": -47.99,
            "roe": 1.39,
            "roe_4q": 1.77,
            "gross_profit": 85129,
            "gross_margin": 25.8,
            "gross_margin_4q_avg": 26.38,
            "net_income": 150312,
            "net_income_4q": null,
            "revenue": 329896,
            "revenue_4q": null,
            "common_shares": 3700000,
            "book_valuer_per_share": 29.63,
            "book_valuer_per_share_4q_avg": 29.03,
            "equity": 10922245,
            "current_ratio": 303.71,
            "debt_ratio": 24.87,
            "inventory_turnover_ratio": 0.04,
            "account_receivable_turnover_ratio": 1.6,
            "reinvestment_rate": -17.08,
            "research_to_sale_ratio": 0.95,
            "price_fair": 53.67,
            "eps_avg_yearly": 1.53,
            "eps_latest_yearly": 1.64,
            "eps_growth_yearly": 287.8
        },
        "20184": {
            "year_quarter": 20184,
            "year": 2018,
            "quarter": 4,
            "eps": 0.07,
            "eps_growth_year": null,
            "eps_4q": 0.61,
            "eps_4q_growth_year": 22.92,
            "roe": 0.22,
            "roe_4q": 2,
            "gross_profit": 86147,
            "gross_margin": 24.49,
            "gross_margin_4q_avg": 24.06,
            "net_income": 23731,
            "net_income_4q": null,
            "revenue": 351776,
            "revenue_4q": null,
            "common_shares": 3700000,
            "book_valuer_per_share": 29.39,
            "book_valuer_per_share_4q_avg": 29.25,
            "equity": 10358922,
            "current_ratio": 278.68,
            "debt_ratio": 26.66,
            "inventory_turnover_ratio": 0.05,
            "account_receivable_turnover_ratio": 1.88,
            "reinvestment_rate": -22.4,
            "research_to_sale_ratio": 0.99,
            "price_fair": 41.69,
            "eps_avg_yearly": 1.19,
            "eps_latest_yearly": 0.28,
            "eps_growth_yearly": 273.68
        },
        "20191": {
            "year_quarter": 20191,
            "year": 2019,
            "quarter": 1,
            "eps": 0.11,
            "eps_growth_year": null,
            "eps_4q": 0.77,
            "eps_4q_growth_year": 66.45,
            "roe": 0.36,
            "roe_4q": 2.51,
            "gross_profit": 120719,
            "gross_margin": 23.03,
            "gross_margin_4q_avg": 24.18,
            "net_income": 38117,
            "net_income_4q": null,
            "revenue": 524139,
            "revenue_4q": null,
            "common_shares": 3500000,
            "book_valuer_per_share": 30.13,
            "book_valuer_per_share_4q_avg": 29.53,
            "equity": 10545905,
            "current_ratio": 296.99,
            "debt_ratio": 25.26,
            "inventory_turnover_ratio": 0.07,
            "account_receivable_turnover_ratio": 3.05,
            "reinvestment_rate": -27.63,
            "research_to_sale_ratio": 0.61,
            "price_fair": 32.51,
            "eps_avg_yearly": 0.93,
            "eps_latest_yearly": 0.44,
            "eps_growth_yearly": 306.49
        },
        "20192": {
            "year_quarter": 20192,
            "year": 2019,
            "quarter": 2,
            "eps": 0.46,
            "eps_growth_year": 206.67,
            "eps_4q": 1.07,
            "eps_4q_growth_year": 106.34,
            "roe": 1.53,
            "roe_4q": 3.5,
            "gross_profit": 172920,
            "gross_margin": 17.98,
            "gross_margin_4q_avg": 22.83,
            "net_income": 162493,
            "net_income_4q": null,
            "revenue": 961630,
            "revenue_4q": null,
            "common_shares": 3500000,
            "book_valuer_per_share": 30.37,
            "book_valuer_per_share_4q_avg": 29.88,
            "equity": 10627691,
            "current_ratio": 346.2,
            "debt_ratio": 21.55,
            "inventory_turnover_ratio": 0.15,
            "account_receivable_turnover_ratio": 4.88,
            "reinvestment_rate": -23.04,
            "research_to_sale_ratio": 0.41,
            "price_fair": 35.7,
            "eps_avg_yearly": 1.02,
            "eps_latest_yearly": 1.84,
            "eps_growth_yearly": 403.11
        },
        "20193": {
            "year_quarter": 20193,
            "year": 2019,
            "quarter": 3,
            "eps": 0.71,
            "eps_growth_year": 73.17,
            "eps_4q": 1.35,
            "eps_4q_growth_year": 160.68,
            "roe": 2.34,
            "roe_4q": 4.45,
            "gross_profit": 221742,
            "gross_margin": 39.67,
            "gross_margin_4q_avg": 26.29,
            "net_income": 248263,
            "net_income_4q": null,
            "revenue": 558983,
            "revenue_4q": null,
            "common_shares": 3500000,
            "book_valuer_per_share": 30.28,
            "book_valuer_per_share_4q_avg": 30.04,
            "equity": 10598427,
            "current_ratio": 425.59,
            "debt_ratio": 17.6,
            "inventory_turnover_ratio": 0.07,
            "account_receivable_turnover_ratio": 2.73,
            "reinvestment_rate": -21.65,
            "research_to_sale_ratio": 0.54,
            "price_fair": 41.49,
            "eps_avg_yearly": 1.19,
            "eps_latest_yearly": 2.84,
            "eps_growth_yearly": 386.23
        },
        "20194": {
            "year_quarter": 20194,
            "year": 2019,
            "quarter": 4,
            "eps": 0.26,
            "eps_growth_year": 282.15,
            "eps_4q": 1.54,
            "eps_4q_growth_year": 151.5,
            "roe": 0.84,
            "roe_4q": 5.07,
            "gross_profit": 146307,
            "gross_margin": 22.27,
            "gross_margin_4q_avg": 25.74,
            "net_income": 90077,
            "net_income_4q": null,
            "revenue": 657025,
            "revenue_4q": null,
            "common_shares": 3500000,
            "book_valuer_per_share": 30.88,
            "book_valuer_per_share_4q_avg": 30.42,
            "equity": 10805622,
            "current_ratio": 446.75,
            "debt_ratio": 16.75,
            "inventory_turnover_ratio": 0.11,
            "account_receivable_turnover_ratio": 4.32,
            "reinvestment_rate": -31.45,
            "research_to_sale_ratio": 0.44,
            "price_fair": 39.71,
            "eps_avg_yearly": 1.13,
            "eps_latest_yearly": 1.04,
            "eps_growth_yearly": 371.02
        },
        "20201": {
            "year_quarter": 20201,
            "year": 2020,
            "quarter": 1,
            "eps": 0.73,
            "eps_growth_year": 563.64,
            "eps_4q": 2.17,
            "eps_4q_growth_year": 180.82,
            "roe": 2.38,
            "roe_4q": 7.09,
            "gross_profit": 339754,
            "gross_margin": 34.85,
            "gross_margin_4q_avg": 28.69,
            "net_income": 253665,
            "net_income_4q": null,
            "revenue": 974809,
            "revenue_4q": null,
            "common_shares": 3500000,
            "book_valuer_per_share": 30.24,
            "book_valuer_per_share_4q_avg": 30.44,
            "equity": 10519478,
            "current_ratio": 562.81,
            "debt_ratio": 13.5,
            "inventory_turnover_ratio": 0.14,
            "account_receivable_turnover_ratio": 7.24,
            "reinvestment_rate": -27.87,
            "research_to_sale_ratio": 0.26,
            "price_fair": 48.36,
            "eps_avg_yearly": 1.38,
            "eps_latest_yearly": 2.92,
            "eps_growth_yearly": 468.57
        },
        "20202": {
            "year_quarter": 20202,
            "year": 2020,
            "quarter": 2,
            "eps": 0.49,
            "eps_growth_year": 6.52,
            "eps_4q": 2.23,
            "eps_4q_growth_year": 108.3,
            "roe": 1.63,
            "roe_4q": 7.1899999999999995,
            "gross_profit": 150734,
            "gross_margin": 26.11,
            "gross_margin_4q_avg": 30.73,
            "net_income": 171288,
            "net_income_4q": null,
            "revenue": 577263,
            "revenue_4q": null,
            "common_shares": 3423260,
            "book_valuer_per_share": 30.67,
            "book_valuer_per_share_4q_avg": 30.52,
            "equity": 10497761,
            "current_ratio": 530.67,
            "debt_ratio": 14.24,
            "inventory_turnover_ratio": 0.1,
            "account_receivable_turnover_ratio": 4.26,
            "reinvestment_rate": -23.81,
            "research_to_sale_ratio": 0.39,
            "price_fair": 53.45,
            "eps_avg_yearly": 1.53,
            "eps_latest_yearly": 1.96,
            "eps_growth_yearly": 427.53
        },
        "20203": {
            "year_quarter": 20203,
            "year": 2020,
            "quarter": 3,
            "eps": 1.09,
            "eps_growth_year": 53.52,
            "eps_4q": 2.6,
            "eps_4q_growth_year": 92.69,
            "roe": 3.53,
            "roe_4q": 8.38,
            "gross_profit": 363478,
            "gross_margin": 41.35,
            "gross_margin_4q_avg": 31.15,
            "net_income": 375659,
            "net_income_4q": null,
            "revenue": 879032,
            "revenue_4q": null,
            "common_shares": 3423260,
            "book_valuer_per_share": 31.56,
            "book_valuer_per_share_4q_avg": 30.84,
            "equity": 10803145,
            "current_ratio": 914.2,
            "debt_ratio": 9.08,
            "inventory_turnover_ratio": 0.14,
            "account_receivable_turnover_ratio": 5.55,
            "reinvestment_rate": -18.68,
            "research_to_sale_ratio": 0.26,
            "price_fair": 65.42,
            "eps_avg_yearly": 1.87,
            "eps_latest_yearly": 4.36,
            "eps_growth_yearly": 447.81
        },
        "20204": {
            "year_quarter": 20204,
            "year": 2020,
            "quarter": 4,
            "eps": 0.3,
            "eps_growth_year": 14.75,
            "eps_4q": 2.63,
            "eps_4q_growth_year": 71.06,
            "roe": 0.92,
            "roe_4q": 8.46,
            "gross_profit": 208321,
            "gross_margin": 24.48,
            "gross_margin_4q_avg": 31.7,
            "net_income": 101104,
            "net_income_4q": null,
            "revenue": 851151,
            "revenue_4q": null,
            "common_shares": 3423260,
            "book_valuer_per_share": 32.67,
            "book_valuer_per_share_4q_avg": 31.29,
            "equity": 11182259,
            "current_ratio": 971.28,
            "debt_ratio": 8.77,
            "inventory_turnover_ratio": 0.19,
            "account_receivable_turnover_ratio": 3.99,
            "reinvestment_rate": -18.43,
            "research_to_sale_ratio": 0.33,
            "price_fair": 63.64,
            "eps_avg_yearly": 1.82,
            "eps_latest_yearly": 1.2,
            "eps_growth_yearly": 351.15
        },
        "20211": {
            "year_quarter": 20211,
            "year": 2021,
            "quarter": 1,
            "eps": 0.63,
            "eps_growth_year": -13.7,
            "eps_4q": 2.52,
            "eps_4q_growth_year": 16.34,
            "roe": 1.89,
            "roe_4q": 7.97,
            "gross_profit": 310089,
            "gross_margin": 33.19,
            "gross_margin_4q_avg": 31.28,
            "net_income": 215570,
            "net_income_4q": null,
            "revenue": 934413,
            "revenue_4q": null,
            "common_shares": 3423260,
            "book_valuer_per_share": 33.98,
            "book_valuer_per_share_4q_avg": 32.22,
            "equity": 11632252,
            "current_ratio": 1194.85,
            "debt_ratio": 7.62,
            "inventory_turnover_ratio": 0.21,
            "account_receivable_turnover_ratio": 4.31,
            "reinvestment_rate": -17.39,
            "research_to_sale_ratio": 0.26,
            "price_fair": 65.68,
            "eps_avg_yearly": 1.88,
            "eps_latest_yearly": 2.52,
            "eps_growth_yearly": 358.56
        },
        "20212": {
            "year_quarter": 20212,
            "year": 2021,
            "quarter": 2,
            "eps": 0.44,
            "eps_growth_year": -10.2,
            "eps_4q": 2.47,
            "eps_4q_growth_year": 10.61,
            "roe": 1.29,
            "roe_4q": 7.629999999999999,
            "gross_profit": 213119,
            "gross_margin": 36.86,
            "gross_margin_4q_avg": 33.97,
            "net_income": 151937,
            "net_income_4q": null,
            "revenue": 578177,
            "revenue_4q": null,
            "common_shares": 3423260,
            "book_valuer_per_share": 34.6,
            "book_valuer_per_share_4q_avg": 33.2,
            "equity": 11844791,
            "current_ratio": 1385.1,
            "debt_ratio": 6.93,
            "inventory_turnover_ratio": 0.14,
            "account_receivable_turnover_ratio": 3.46,
            "reinvestment_rate": -8.82,
            "research_to_sale_ratio": 0.45,
            "price_fair": 65.37,
            "eps_avg_yearly": 1.87,
            "eps_latest_yearly": 1.76,
            "eps_growth_yearly": 321.7
        },
        "20213": {
            "year_quarter": 20213,
            "year": 2021,
            "quarter": 3,
            "eps": 0.6,
            "eps_growth_year": -44.95,
            "eps_4q": 1.97,
            "eps_4q_growth_year": -24.23,
            "roe": 1.76,
            "roe_4q": 5.859999999999999,
            "gross_profit": 131385,
            "gross_margin": 23.01,
            "gross_margin_4q_avg": 29.39,
            "net_income": 206226,
            "net_income_4q": null,
            "revenue": 570981,
            "revenue_4q": null,
            "common_shares": 3423260,
            "book_valuer_per_share": 33.68,
            "book_valuer_per_share_4q_avg": 33.73,
            "equity": 11531079,
            "current_ratio": 757.93,
            "debt_ratio": 11.04,
            "inventory_turnover_ratio": 0.18,
            "account_receivable_turnover_ratio": 3.83,
            "reinvestment_rate": -9.37,
            "research_to_sale_ratio": 0.43,
            "price_fair": 67.85,
            "eps_avg_yearly": 1.94,
            "eps_latest_yearly": 2.4,
            "eps_growth_yearly": 237.16
        },
        "20214": {
            "year_quarter": 20214,
            "year": 2021,
            "quarter": 4,
            "eps": 0.6,
            "eps_growth_year": 101.99,
            "eps_4q": 2.27,
            "eps_4q_growth_year": -13.72,
            "roe": 1.74,
            "roe_4q": 6.68,
            "gross_profit": 229071,
            "gross_margin": 32.2,
            "gross_margin_4q_avg": 31.32,
            "net_income": 204223,
            "net_income_4q": null,
            "revenue": 711313,
            "revenue_4q": null,
            "common_shares": 3423260,
            "book_valuer_per_share": 34.87,
            "book_valuer_per_share_4q_avg": 34.28,
            "equity": 11937826,
            "current_ratio": 952.8,
            "debt_ratio": 8.98,
            "inventory_turnover_ratio": 0.21,
            "account_receivable_turnover_ratio": 4.7,
            "reinvestment_rate": -13.27,
            "research_to_sale_ratio": 0.42,
            "price_fair": 69,
            "eps_avg_yearly": 1.97,
            "eps_latest_yearly": 2.4,
            "eps_growth_yearly": 220.22
        },
        "20221": {
            "year_quarter": 20221,
            "year": 2022,
            "quarter": 1,
            "eps": 0.48,
            "eps_growth_year": -23.81,
            "eps_4q": 2.12,
            "eps_4q_growth_year": -15.85,
            "roe": 1.35,
            "roe_4q": 6.14,
            "gross_profit": 169117,
            "gross_margin": 28.91,
            "gross_margin_4q_avg": 30.25,
            "net_income": 164362,
            "net_income_4q": null,
            "revenue": 584899,
            "revenue_4q": null,
            "common_shares": 3423260,
            "book_valuer_per_share": 36.13,
            "book_valuer_per_share_4q_avg": 34.82,
            "equity": 12368521,
            "current_ratio": 1058.46,
            "debt_ratio": 8.32,
            "inventory_turnover_ratio": 0.19,
            "account_receivable_turnover_ratio": 3.3,
            "reinvestment_rate": -3.6,
            "research_to_sale_ratio": 0.44,
            "price_fair": 68.88,
            "eps_avg_yearly": 1.97,
            "eps_latest_yearly": 1.92,
            "eps_growth_yearly": 200.2
        },
        "20222": {
            "year_quarter": 20222,
            "year": 2022,
            "quarter": 2,
            "eps": 0.63,
            "eps_growth_year": 43.18,
            "eps_4q": 2.31,
            "eps_4q_growth_year": -6.33,
            "roe": 1.78,
            "roe_4q": 6.63,
            "gross_profit": 203003,
            "gross_margin": 38.71,
            "gross_margin_4q_avg": 30.71,
            "net_income": 216057,
            "net_income_4q": null,
            "revenue": 524388,
            "revenue_4q": null,
            "common_shares": 3423260,
            "book_valuer_per_share": 34.6,
            "book_valuer_per_share_4q_avg": 34.82,
            "equity": 11844095,
            "current_ratio": 647.25,
            "debt_ratio": 12.49,
            "inventory_turnover_ratio": 0.14,
            "account_receivable_turnover_ratio": 2.64,
            "reinvestment_rate": -4.17,
            "research_to_sale_ratio": 0.41,
            "price_fair": 70.09,
            "eps_avg_yearly": 2,
            "eps_latest_yearly": 2.52,
            "eps_growth_yearly": 195.5
        },
        "20223": {
            "year_quarter": 20223,
            "year": 2022,
            "quarter": 3,
            "eps": 0.94,
            "eps_growth_year": 56.67,
            "eps_4q": 2.68,
            "eps_4q_growth_year": 35.97,
            "roe": 2.69,
            "roe_4q": 7.5600000000000005,
            "gross_profit": 115813,
            "gross_margin": 29.93,
            "gross_margin_4q_avg": 32.44,
            "net_income": 319520,
            "net_income_4q": null,
            "revenue": 386913,
            "revenue_4q": null,
            "common_shares": 3423260,
            "book_valuer_per_share": 35.2,
            "book_valuer_per_share_4q_avg": 35.2,
            "equity": 11874206,
            "current_ratio": 785.19,
            "debt_ratio": 10.67,
            "inventory_turnover_ratio": 0.12,
            "account_receivable_turnover_ratio": 2.2,
            "reinvestment_rate": -3.77,
            "research_to_sale_ratio": 0.58,
            "price_fair": 74.73,
            "eps_avg_yearly": 2.14,
            "eps_latest_yearly": 3.76,
            "eps_growth_yearly": 164.47
        },
        "20224": {
            "year_quarter": 20224,
            "year": 2022,
            "quarter": 4,
            "eps": 0.03,
            "eps_growth_year": -94.16,
            "eps_4q": 2.11,
            "eps_4q_growth_year": -7.16,
            "roe": 0.1,
            "roe_4q": 5.92,
            "gross_profit": 137276,
            "gross_margin": 31.13,
            "gross_margin_4q_avg": 32.17,
            "net_income": 11745,
            "net_income_4q": null,
            "revenue": 441043,
            "revenue_4q": null,
            "common_shares": 3373260,
            "book_valuer_per_share": 35.17,
            "book_valuer_per_share_4q_avg": 35.28,
            "equity": 11862585,
            "current_ratio": 582.08,
            "debt_ratio": 13.78,
            "inventory_turnover_ratio": 0.11,
            "account_receivable_turnover_ratio": 2.76,
            "reinvestment_rate": -3.6,
            "research_to_sale_ratio": 0.61,
            "price_fair": 74.38,
            "eps_avg_yearly": 2.13,
            "eps_latest_yearly": 0.12,
            "eps_growth_yearly": 161
        },
        "20231": {
            "year_quarter": 20231,
            "year": 2023,
            "quarter": 1,
            "eps": 0.15,
            "eps_growth_year": -68.75,
            "eps_4q": 1.77,
            "eps_4q_growth_year": -16.42,
            "roe": 0.43,
            "roe_4q": 5,
            "gross_profit": 107010,
            "gross_margin": 31.77,
            "gross_margin_4q_avg": 32.89,
            "net_income": 51223,
            "net_income_4q": null,
            "revenue": 336851,
            "revenue_4q": null,
            "common_shares": 3373260,
            "book_valuer_per_share": 35.81,
            "book_valuer_per_share_4q_avg": 35.2,
            "equity": 12080240,
            "current_ratio": 573.29,
            "debt_ratio": 13.6,
            "inventory_turnover_ratio": 0.07,
            "account_receivable_turnover_ratio": 2.08,
            "reinvestment_rate": -3.34,
            "research_to_sale_ratio": 0.56,
            "price_fair": 74.73,
            "eps_avg_yearly": 2.14,
            "eps_latest_yearly": 0.6,
            "eps_growth_yearly": 246.72
        },
        "20232": {
            "year_quarter": 20232,
            "year": 2023,
            "quarter": 2,
            "eps": 0.75,
            "eps_growth_year": 19.05,
            "eps_4q": 1.89,
            "eps_4q_growth_year": -18.34,
            "roe": 2.1,
            "roe_4q": 5.32,
            "gross_profit": 123796,
            "gross_margin": 29.41,
            "gross_margin_4q_avg": 30.56,
            "net_income": 253879,
            "net_income_4q": null,
            "revenue": 420961,
            "revenue_4q": null,
            "common_shares": 3373260,
            "book_valuer_per_share": 35.84,
            "book_valuer_per_share_4q_avg": 35.51,
            "equity": 12090930,
            "current_ratio": 437.57,
            "debt_ratio": 17.39,
            "inventory_turnover_ratio": 0.1,
            "account_receivable_turnover_ratio": 2.77,
            "reinvestment_rate": -4.09,
            "research_to_sale_ratio": 0.63,
            "price_fair": 77.26,
            "eps_avg_yearly": 2.21,
            "eps_latest_yearly": 3,
            "eps_growth_yearly": 267.17
        },
        "20233": {
            "year_quarter": 20233,
            "year": 2023,
            "quarter": 3,
            "eps": 0.65,
            "eps_growth_year": -30.85,
            "eps_4q": 1.73,
            "eps_4q_growth_year": -35.6,
            "roe": 1.72,
            "roe_4q": 4.35,
            "gross_profit": 91774,
            "gross_margin": 30.9,
            "gross_margin_4q_avg": 30.8,
            "net_income": 207224,
            "net_income_4q": null,
            "revenue": 296960,
            "revenue_4q": null,
            "common_shares": 3035934,
            "book_valuer_per_share": 39.7,
            "book_valuer_per_share_4q_avg": 36.63,
            "equity": 12053558,
            "current_ratio": 524.88,
            "debt_ratio": 14.59,
            "inventory_turnover_ratio": 0.07,
            "account_receivable_turnover_ratio": 2.39,
            "reinvestment_rate": -3.79,
            "research_to_sale_ratio": 0.81,
            "price_fair": 76.74,
            "eps_avg_yearly": 2.19,
            "eps_latest_yearly": 2.6,
            "eps_growth_yearly": 250.25
        }
    },
    "months": {
        "2001-06": {
            "month": "2001-06",
            "price": "6.52",
            "revenue": 105361
        },
        "2001-07": {
            "month": "2001-07",
            "price": "5.98",
            "revenue": 100116
        },
        "2001-08": {
            "month": "2001-08",
            "price": "6.79",
            "revenue": 94936
        },
        "2001-09": {
            "month": "2001-09",
            "price": "5.95",
            "revenue": 82758
        },
        "2001-10": {
            "month": "2001-10",
            "price": "5.26",
            "revenue": 87453
        },
        "2001-11": {
            "month": "2001-11",
            "price": "5.07",
            "revenue": 91543
        },
        "2001-12": {
            "month": "2001-12",
            "price": "7.05",
            "revenue": 91970
        },
        "2002-01": {
            "month": "2002-01",
            "price": "8.86",
            "revenue": 78762
        },
        "2002-02": {
            "month": "2002-02",
            "price": "7.76",
            "revenue": 67090
        },
        "2002-03": {
            "month": "2002-03",
            "price": "7.94",
            "revenue": 109995
        },
        "2002-04": {
            "month": "2002-04",
            "price": "9.08",
            "revenue": 127562
        },
        "2002-05": {
            "month": "2002-05",
            "price": "8.74",
            "revenue": 116606
        },
        "2002-06": {
            "month": "2002-06",
            "price": "9.76",
            "revenue": 104235
        },
        "2002-07": {
            "month": "2002-07",
            "price": "10.04",
            "revenue": 93598
        },
        "2002-08": {
            "month": "2002-08",
            "price": "9.06",
            "revenue": 86474
        },
        "2002-09": {
            "month": "2002-09",
            "price": "7.61",
            "revenue": 351561
        },
        "2002-10": {
            "month": "2002-10",
            "price": "7.17",
            "revenue": 70718
        },
        "2002-11": {
            "month": "2002-11",
            "price": "8.35",
            "revenue": 85496
        },
        "2002-12": {
            "month": "2002-12",
            "price": "8.33",
            "revenue": 97680
        },
        "2003-01": {
            "month": "2003-01",
            "price": "9.38",
            "revenue": 90470
        },
        "2003-02": {
            "month": "2003-02",
            "price": "8.50",
            "revenue": 78630
        },
        "2003-03": {
            "month": "2003-03",
            "price": "7.83",
            "revenue": 106455
        },
        "2003-04": {
            "month": "2003-04",
            "price": "7.76",
            "revenue": 95460
        },
        "2003-05": {
            "month": "2003-05",
            "price": "7.22",
            "revenue": 87399
        },
        "2003-06": {
            "month": "2003-06",
            "price": "8.15",
            "revenue": 74098
        },
        "2003-07": {
            "month": "2003-07",
            "price": "8.93",
            "revenue": 87838
        },
        "2003-08": {
            "month": "2003-08",
            "price": "8.81",
            "revenue": 79632
        },
        "2003-09": {
            "month": "2003-09",
            "price": "9.44",
            "revenue": 81101
        },
        "2003-10": {
            "month": "2003-10",
            "price": "10.30",
            "revenue": 82495
        },
        "2003-11": {
            "month": "2003-11",
            "price": "9.94",
            "revenue": 84831
        },
        "2003-12": {
            "month": "2003-12",
            "price": "9.34",
            "revenue": 85834
        },
        "2004-01": {
            "month": "2004-01",
            "price": "11.11",
            "revenue": 71235
        },
        "2004-02": {
            "month": "2004-02",
            "price": "16.51",
            "revenue": 95914
        },
        "2004-03": {
            "month": "2004-03",
            "price": "16.27",
            "revenue": 110975
        },
        "2004-04": {
            "month": "2004-04",
            "price": "14.97",
            "revenue": 95310
        },
        "2004-05": {
            "month": "2004-05",
            "price": "12.67",
            "revenue": 96989
        },
        "2004-06": {
            "month": "2004-06",
            "price": "13.36",
            "revenue": 96275
        },
        "2004-07": {
            "month": "2004-07",
            "price": "13.19",
            "revenue": 88931
        },
        "2004-08": {
            "month": "2004-08",
            "price": "11.89",
            "revenue": 84146
        },
        "2004-09": {
            "month": "2004-09",
            "price": "13.20",
            "revenue": 80681
        },
        "2004-10": {
            "month": "2004-10",
            "price": "13.89",
            "revenue": 89671
        },
        "2004-11": {
            "month": "2004-11",
            "price": "13.23",
            "revenue": 99206
        },
        "2004-12": {
            "month": "2004-12",
            "price": "13.93",
            "revenue": 94585
        },
        "2005-01": {
            "month": "2005-01",
            "price": "15.37",
            "revenue": 96395
        },
        "2005-02": {
            "month": "2005-02",
            "price": "14.72",
            "revenue": 75439
        },
        "2005-03": {
            "month": "2005-03",
            "price": "15.13",
            "revenue": 104977
        },
        "2005-04": {
            "month": "2005-04",
            "price": "12.84",
            "revenue": 95831
        },
        "2005-05": {
            "month": "2005-05",
            "price": "12.49",
            "revenue": 93575
        },
        "2005-06": {
            "month": "2005-06",
            "price": "14.05",
            "revenue": 90533
        },
        "2005-07": {
            "month": "2005-07",
            "price": "13.92",
            "revenue": 91079
        },
        "2005-08": {
            "month": "2005-08",
            "price": "14.07",
            "revenue": 81763
        },
        "2005-09": {
            "month": "2005-09",
            "price": "12.54",
            "revenue": 91448
        },
        "2005-10": {
            "month": "2005-10",
            "price": "12.00",
            "revenue": 93590
        },
        "2005-11": {
            "month": "2005-11",
            "price": "11.83",
            "revenue": 92420
        },
        "2005-12": {
            "month": "2005-12",
            "price": "12.45",
            "revenue": 90960
        },
        "2006-01": {
            "month": "2006-01",
            "price": "12.50",
            "revenue": 78243
        },
        "2006-02": {
            "month": "2006-02",
            "price": "12.50",
            "revenue": 92402
        },
        "2006-03": {
            "month": "2006-03",
            "price": "13.08",
            "revenue": 117233
        },
        "2006-04": {
            "month": "2006-04",
            "price": "14.61",
            "revenue": 101156
        },
        "2006-05": {
            "month": "2006-05",
            "price": "16.45",
            "revenue": 108119
        },
        "2006-06": {
            "month": "2006-06",
            "price": "15.05",
            "revenue": 99632
        },
        "2006-07": {
            "month": "2006-07",
            "price": "15.34",
            "revenue": 97305
        },
        "2006-08": {
            "month": "2006-08",
            "price": "14.40",
            "revenue": 94176
        },
        "2006-09": {
            "month": "2006-09",
            "price": "13.97",
            "revenue": 96567
        },
        "2006-10": {
            "month": "2006-10",
            "price": "16.18",
            "revenue": 99828
        },
        "2006-11": {
            "month": "2006-11",
            "price": "18.27",
            "revenue": 114441
        },
        "2006-12": {
            "month": "2006-12",
            "price": "23.21",
            "revenue": 130635
        },
        "2007-01": {
            "month": "2007-01",
            "price": "21.95",
            "revenue": 105298
        },
        "2007-02": {
            "month": "2007-02",
            "price": "21.80",
            "revenue": 86182
        },
        "2007-03": {
            "month": "2007-03",
            "price": "23.98",
            "revenue": 132659
        },
        "2007-04": {
            "month": "2007-04",
            "price": "23.71",
            "revenue": 122005
        },
        "2007-05": {
            "month": "2007-05",
            "price": "23.06",
            "revenue": 133816
        },
        "2007-06": {
            "month": "2007-06",
            "price": "23.30",
            "revenue": 329355
        },
        "2007-07": {
            "month": "2007-07",
            "price": "25.19",
            "revenue": 209148
        },
        "2007-08": {
            "month": "2007-08",
            "price": "20.66",
            "revenue": 209823
        },
        "2007-09": {
            "month": "2007-09",
            "price": "20.42",
            "revenue": 169300
        },
        "2007-10": {
            "month": "2007-10",
            "price": "20.84",
            "revenue": 205177
        },
        "2007-11": {
            "month": "2007-11",
            "price": "18.35",
            "revenue": 247846
        },
        "2007-12": {
            "month": "2007-12",
            "price": "16.23",
            "revenue": 175987
        },
        "2008-01": {
            "month": "2008-01",
            "price": "19.09",
            "revenue": 169400
        },
        "2008-02": {
            "month": "2008-02",
            "price": "21.55",
            "revenue": 239320
        },
        "2008-03": {
            "month": "2008-03",
            "price": "21.90",
            "revenue": 210259
        },
        "2008-04": {
            "month": "2008-04",
            "price": "22.80",
            "revenue": 233734
        },
        "2008-05": {
            "month": "2008-05",
            "price": "22.98",
            "revenue": 268646
        },
        "2008-06": {
            "month": "2008-06",
            "price": "19.33",
            "revenue": 171952
        },
        "2008-07": {
            "month": "2008-07",
            "price": "16.04",
            "revenue": 310708
        },
        "2008-08": {
            "month": "2008-08",
            "price": "15.98",
            "revenue": 265971
        },
        "2008-09": {
            "month": "2008-09",
            "price": "13.27",
            "revenue": 203276
        },
        "2008-10": {
            "month": "2008-10",
            "price": "10.99",
            "revenue": 287663
        },
        "2008-11": {
            "month": "2008-11",
            "price": "10.90",
            "revenue": 351912
        },
        "2008-12": {
            "month": "2008-12",
            "price": "11.67",
            "revenue": 263705
        },
        "2009-01": {
            "month": "2009-01",
            "price": "11.61",
            "revenue": 267002
        },
        "2009-02": {
            "month": "2009-02",
            "price": "11.15",
            "revenue": 193373
        },
        "2009-03": {
            "month": "2009-03",
            "price": "12.00",
            "revenue": 272196
        },
        "2009-04": {
            "month": "2009-04",
            "price": "14.99",
            "revenue": 249054
        },
        "2009-05": {
            "month": "2009-05",
            "price": "18.32",
            "revenue": 226381
        },
        "2009-06": {
            "month": "2009-06",
            "price": "18.89",
            "revenue": 214953
        },
        "2009-07": {
            "month": "2009-07",
            "price": "19.84",
            "revenue": 277207
        },
        "2009-08": {
            "month": "2009-08",
            "price": "19.35",
            "revenue": 253740
        },
        "2009-09": {
            "month": "2009-09",
            "price": "19.48",
            "revenue": 275125
        },
        "2009-10": {
            "month": "2009-10",
            "price": "24.52",
            "revenue": 352974
        },
        "2009-11": {
            "month": "2009-11",
            "price": "25.19",
            "revenue": 212871
        },
        "2009-12": {
            "month": "2009-12",
            "price": "27.91",
            "revenue": 562427
        },
        "2010-01": {
            "month": "2010-01",
            "price": "30.27",
            "revenue": 294673
        },
        "2010-02": {
            "month": "2010-02",
            "price": "25.02",
            "revenue": 311386
        },
        "2010-03": {
            "month": "2010-03",
            "price": "26.90",
            "revenue": 331346
        },
        "2010-04": {
            "month": "2010-04",
            "price": "27.85",
            "revenue": 389524
        },
        "2010-05": {
            "month": "2010-05",
            "price": "23.73",
            "revenue": 306339
        },
        "2010-06": {
            "month": "2010-06",
            "price": "22.98",
            "revenue": 389960
        },
        "2010-07": {
            "month": "2010-07",
            "price": "23.60",
            "revenue": 298374
        },
        "2010-08": {
            "month": "2010-08",
            "price": "24.46",
            "revenue": 311478
        },
        "2010-09": {
            "month": "2010-09",
            "price": "24.05",
            "revenue": 332035
        },
        "2010-10": {
            "month": "2010-10",
            "price": "24.58",
            "revenue": 361879
        },
        "2010-11": {
            "month": "2010-11",
            "price": "27.08",
            "revenue": 494305
        },
        "2010-12": {
            "month": "2010-12",
            "price": "31.07",
            "revenue": 562359
        },
        "2011-01": {
            "month": "2011-01",
            "price": "31.14",
            "revenue": 272973
        },
        "2011-02": {
            "month": "2011-02",
            "price": "28.46",
            "revenue": 183468
        },
        "2011-03": {
            "month": "2011-03",
            "price": "27.10",
            "revenue": 570705
        },
        "2011-04": {
            "month": "2011-04",
            "price": "28.85",
            "revenue": 453237
        },
        "2011-05": {
            "month": "2011-05",
            "price": "29.31",
            "revenue": 367759
        },
        "2011-06": {
            "month": "2011-06",
            "price": "29.43",
            "revenue": 342105
        },
        "2011-07": {
            "month": "2011-07",
            "price": "28.20",
            "revenue": 218295
        },
        "2011-08": {
            "month": "2011-08",
            "price": "25.31",
            "revenue": 195180
        },
        "2011-09": {
            "month": "2011-09",
            "price": "22.60",
            "revenue": 196709
        },
        "2011-10": {
            "month": "2011-10",
            "price": "21.06",
            "revenue": 124288
        },
        "2011-11": {
            "month": "2011-11",
            "price": "19.93",
            "revenue": 367699
        },
        "2011-12": {
            "month": "2011-12",
            "price": "17.84",
            "revenue": 364566
        },
        "2012-01": {
            "month": "2012-01",
            "price": "18.23",
            "revenue": 118642
        },
        "2012-02": {
            "month": "2012-02",
            "price": "21.04",
            "revenue": 116824
        },
        "2012-03": {
            "month": "2012-03",
            "price": "21.67",
            "revenue": 175531
        },
        "2012-04": {
            "month": "2012-04",
            "price": "19.56",
            "revenue": 224154
        },
        "2012-05": {
            "month": "2012-05",
            "price": "19.08",
            "revenue": 275405
        },
        "2012-06": {
            "month": "2012-06",
            "price": "19.03",
            "revenue": 843294
        },
        "2012-07": {
            "month": "2012-07",
            "price": "19.30",
            "revenue": 411429
        },
        "2012-08": {
            "month": "2012-08",
            "price": "19.13",
            "revenue": 249242
        },
        "2012-09": {
            "month": "2012-09",
            "price": "20.79",
            "revenue": 184458
        },
        "2012-10": {
            "month": "2012-10",
            "price": "20.30",
            "revenue": 345558
        },
        "2012-11": {
            "month": "2012-11",
            "price": "20.09",
            "revenue": 256215
        },
        "2012-12": {
            "month": "2012-12",
            "price": "20.55",
            "revenue": 222656
        },
        "2013-01": {
            "month": "2013-01",
            "price": "21.21",
            "revenue": 115693
        },
        "2013-02": {
            "month": "2013-02",
            "price": "21.86",
            "revenue": 82190
        },
        "2013-03": {
            "month": "2013-03",
            "price": "21.90",
            "revenue": 405531
        },
        "2013-04": {
            "month": "2013-04",
            "price": "22.88",
            "revenue": 497930
        },
        "2013-05": {
            "month": "2013-05",
            "price": "24.12",
            "revenue": 561542
        },
        "2013-06": {
            "month": "2013-06",
            "price": "24.36",
            "revenue": 551894
        },
        "2013-07": {
            "month": "2013-07",
            "price": "23.53",
            "revenue": 307114
        },
        "2013-08": {
            "month": "2013-08",
            "price": "23.90",
            "revenue": 251228
        },
        "2013-09": {
            "month": "2013-09",
            "price": "24.22",
            "revenue": 384385
        },
        "2013-10": {
            "month": "2013-10",
            "price": "26.54",
            "revenue": 438388
        },
        "2013-11": {
            "month": "2013-11",
            "price": "28.03",
            "revenue": 238633
        },
        "2013-12": {
            "month": "2013-12",
            "price": "28.34",
            "revenue": 285603
        },
        "2014-01": {
            "month": "2014-01",
            "price": "28.51",
            "revenue": 191776
        },
        "2014-02": {
            "month": "2014-02",
            "price": "28.39",
            "revenue": 468354
        },
        "2014-03": {
            "month": "2014-03",
            "price": "29.53",
            "revenue": 161389
        },
        "2014-04": {
            "month": "2014-04",
            "price": "29.17",
            "revenue": 719464
        },
        "2014-05": {
            "month": "2014-05",
            "price": "29.33",
            "revenue": 1032312
        },
        "2014-06": {
            "month": "2014-06",
            "price": "29.32",
            "revenue": 860366
        },
        "2014-07": {
            "month": "2014-07",
            "price": "28.14",
            "revenue": 445011
        },
        "2014-08": {
            "month": "2014-08",
            "price": "30.47",
            "revenue": 255128
        },
        "2014-09": {
            "month": "2014-09",
            "price": "32.72",
            "revenue": 548442
        },
        "2014-10": {
            "month": "2014-10",
            "price": "32.62",
            "revenue": 331489
        },
        "2014-11": {
            "month": "2014-11",
            "price": "32.98",
            "revenue": 417934
        },
        "2014-12": {
            "month": "2014-12",
            "price": "32.95",
            "revenue": 117902
        },
        "2015-01": {
            "month": "2015-01",
            "price": "32.55",
            "revenue": 433607
        },
        "2015-02": {
            "month": "2015-02",
            "price": "32.42",
            "revenue": 76341
        },
        "2015-03": {
            "month": "2015-03",
            "price": "31.72",
            "revenue": 244118
        },
        "2015-04": {
            "month": "2015-04",
            "price": "32.34",
            "revenue": 115120
        },
        "2015-05": {
            "month": "2015-05",
            "price": "31.74",
            "revenue": 195748
        },
        "2015-06": {
            "month": "2015-06",
            "price": "29.00",
            "revenue": 256441
        },
        "2015-07": {
            "month": "2015-07",
            "price": "23.52",
            "revenue": 115627
        },
        "2015-08": {
            "month": "2015-08",
            "price": "20.18",
            "revenue": 118508
        },
        "2015-09": {
            "month": "2015-09",
            "price": "18.32",
            "revenue": 113402
        },
        "2015-10": {
            "month": "2015-10",
            "price": "18.39",
            "revenue": 281194
        },
        "2015-11": {
            "month": "2015-11",
            "price": "17.91",
            "revenue": 154049
        },
        "2015-12": {
            "month": "2015-12",
            "price": "16.61",
            "revenue": 186786
        },
        "2016-01": {
            "month": "2016-01",
            "price": "16.23",
            "revenue": 109417
        },
        "2016-02": {
            "month": "2016-02",
            "price": "16.93",
            "revenue": 91482
        },
        "2016-03": {
            "month": "2016-03",
            "price": "17.82",
            "revenue": 161535
        },
        "2016-04": {
            "month": "2016-04",
            "price": "17.19",
            "revenue": 119150
        },
        "2016-05": {
            "month": "2016-05",
            "price": "16.05",
            "revenue": 133670
        },
        "2016-06": {
            "month": "2016-06",
            "price": "15.90",
            "revenue": 121136
        },
        "2016-07": {
            "month": "2016-07",
            "price": "15.24",
            "revenue": 127153
        },
        "2016-08": {
            "month": "2016-08",
            "price": "15.01",
            "revenue": 110883
        },
        "2016-09": {
            "month": "2016-09",
            "price": "14.96",
            "revenue": 163402
        },
        "2016-10": {
            "month": "2016-10",
            "price": "15.13",
            "revenue": 154937
        },
        "2016-11": {
            "month": "2016-11",
            "price": "14.32",
            "revenue": 190326
        },
        "2016-12": {
            "month": "2016-12",
            "price": "15.51",
            "revenue": 224281
        },
        "2017-01": {
            "month": "2017-01",
            "price": "15.94",
            "revenue": 89648
        },
        "2017-02": {
            "month": "2017-02",
            "price": "17.18",
            "revenue": 151428
        },
        "2017-03": {
            "month": "2017-03",
            "price": "17.27",
            "revenue": 227361
        },
        "2017-04": {
            "month": "2017-04",
            "price": "16.92",
            "revenue": 105338
        },
        "2017-05": {
            "month": "2017-05",
            "price": "16.59",
            "revenue": 105686
        },
        "2017-06": {
            "month": "2017-06",
            "price": "15.82",
            "revenue": 160346
        },
        "2017-07": {
            "month": "2017-07",
            "price": "15.32",
            "revenue": 173691
        },
        "2017-08": {
            "month": "2017-08",
            "price": "14.84",
            "revenue": 119961
        },
        "2017-09": {
            "month": "2017-09",
            "price": "15.26",
            "revenue": 153061
        },
        "2017-10": {
            "month": "2017-10",
            "price": "15.00",
            "revenue": 201407
        },
        "2017-11": {
            "month": "2017-11",
            "price": "14.79",
            "revenue": 159855
        },
        "2017-12": {
            "month": "2017-12",
            "price": "15.16",
            "revenue": 95564
        },
        "2018-01": {
            "month": "2018-01",
            "price": "16.24",
            "revenue": 120825
        },
        "2018-02": {
            "month": "2018-02",
            "price": "15.53",
            "revenue": 69374
        },
        "2018-03": {
            "month": "2018-03",
            "price": "15.13",
            "revenue": 139414
        },
        "2018-04": {
            "month": "2018-04",
            "price": "15.04",
            "revenue": 127061
        },
        "2018-05": {
            "month": "2018-05",
            "price": "14.96",
            "revenue": 123442
        },
        "2018-06": {
            "month": "2018-06",
            "price": "15.08",
            "revenue": 112030
        },
        "2018-07": {
            "month": "2018-07",
            "price": "14.11",
            "revenue": 111957
        },
        "2018-08": {
            "month": "2018-08",
            "price": "14.07",
            "revenue": 119082
        },
        "2018-09": {
            "month": "2018-09",
            "price": "14.79",
            "revenue": 98856
        },
        "2018-10": {
            "month": "2018-10",
            "price": "14.57",
            "revenue": 117190
        },
        "2018-11": {
            "month": "2018-11",
            "price": "14.82",
            "revenue": 117069
        },
        "2018-12": {
            "month": "2018-12",
            "price": "15.36",
            "revenue": 117518
        },
        "2019-01": {
            "month": "2019-01",
            "price": "15.39",
            "revenue": 210728
        },
        "2019-02": {
            "month": "2019-02",
            "price": "16.18",
            "revenue": 144949
        },
        "2019-03": {
            "month": "2019-03",
            "price": "17.54",
            "revenue": 168462
        },
        "2019-04": {
            "month": "2019-04",
            "price": "17.41",
            "revenue": 255919
        },
        "2019-05": {
            "month": "2019-05",
            "price": "17.51",
            "revenue": 387778
        },
        "2019-06": {
            "month": "2019-06",
            "price": "17.97",
            "revenue": 317933
        },
        "2019-07": {
            "month": "2019-07",
            "price": "19.22",
            "revenue": 212098
        },
        "2019-08": {
            "month": "2019-08",
            "price": "18.46",
            "revenue": 171178
        },
        "2019-09": {
            "month": "2019-09",
            "price": "18.77",
            "revenue": 175707
        },
        "2019-10": {
            "month": "2019-10",
            "price": "18.58",
            "revenue": 186680
        },
        "2019-11": {
            "month": "2019-11",
            "price": "18.95",
            "revenue": 166767
        },
        "2019-12": {
            "month": "2019-12",
            "price": "18.82",
            "revenue": 303578
        },
        "2020-01": {
            "month": "2020-01",
            "price": "19.00",
            "revenue": 313471
        },
        "2020-02": {
            "month": "2020-02",
            "price": "18.45",
            "revenue": 164564
        },
        "2020-03": {
            "month": "2020-03",
            "price": "15.96",
            "revenue": 496774
        },
        "2020-04": {
            "month": "2020-04",
            "price": "16.83",
            "revenue": 157148
        },
        "2020-05": {
            "month": "2020-05",
            "price": "17.95",
            "revenue": 214228
        },
        "2020-06": {
            "month": "2020-06",
            "price": "18.10",
            "revenue": 205887
        },
        "2020-07": {
            "month": "2020-07",
            "price": "17.68",
            "revenue": 226746
        },
        "2020-08": {
            "month": "2020-08",
            "price": "18.40",
            "revenue": 428307
        },
        "2020-09": {
            "month": "2020-09",
            "price": "20.79",
            "revenue": 223979
        },
        "2020-10": {
            "month": "2020-10",
            "price": "20.18",
            "revenue": 129137
        },
        "2020-11": {
            "month": "2020-11",
            "price": "22.54",
            "revenue": 154713
        },
        "2020-12": {
            "month": "2020-12",
            "price": "24.68",
            "revenue": 567302
        },
        "2021-01": {
            "month": "2021-01",
            "price": "23.78",
            "revenue": 468682
        },
        "2021-02": {
            "month": "2021-02",
            "price": "23.43",
            "revenue": 150753
        },
        "2021-03": {
            "month": "2021-03",
            "price": "24.62",
            "revenue": 314978
        },
        "2021-04": {
            "month": "2021-04",
            "price": "26.31",
            "revenue": 232755
        },
        "2021-05": {
            "month": "2021-05",
            "price": "24.42",
            "revenue": 246796
        },
        "2021-06": {
            "month": "2021-06",
            "price": "24.64",
            "revenue": 98626
        },
        "2021-07": {
            "month": "2021-07",
            "price": "24.52",
            "revenue": 177282
        },
        "2021-08": {
            "month": "2021-08",
            "price": "23.37",
            "revenue": 179715
        },
        "2021-09": {
            "month": "2021-09",
            "price": "22.19",
            "revenue": 213984
        },
        "2021-10": {
            "month": "2021-10",
            "price": "22.70",
            "revenue": 269104
        },
        "2021-11": {
            "month": "2021-11",
            "price": "22.80",
            "revenue": 170384
        },
        "2021-12": {
            "month": "2021-12",
            "price": "22.67",
            "revenue": 271825
        },
        "2022-01": {
            "month": "2022-01",
            "price": "22.54",
            "revenue": 121750
        },
        "2022-02": {
            "month": "2022-02",
            "price": "22.31",
            "revenue": 280837
        },
        "2022-03": {
            "month": "2022-03",
            "price": "22.12",
            "revenue": 182312
        },
        "2022-04": {
            "month": "2022-04",
            "price": "22.42",
            "revenue": 227984
        },
        "2022-05": {
            "month": "2022-05",
            "price": "21.71",
            "revenue": 173282
        },
        "2022-06": {
            "month": "2022-06",
            "price": "21.55",
            "revenue": 123122
        },
        "2022-07": {
            "month": "2022-07",
            "price": "20.37",
            "revenue": 116397
        },
        "2022-08": {
            "month": "2022-08",
            "price": "21.50",
            "revenue": 162774
        },
        "2022-09": {
            "month": "2022-09",
            "price": "21.17",
            "revenue": 107742
        },
        "2022-10": {
            "month": "2022-10",
            "price": "19.94",
            "revenue": 131999
        },
        "2022-11": {
            "month": "2022-11",
            "price": "21.12",
            "revenue": 167383
        },
        "2022-12": {
            "month": "2022-12",
            "price": "21.87",
            "revenue": 143552
        },
        "2023-01": {
            "month": "2023-01",
            "price": "21.91",
            "revenue": 85633
        },
        "2023-02": {
            "month": "2023-02",
            "price": "22.08",
            "revenue": 102803
        },
        "2023-03": {
            "month": "2023-03",
            "price": "22.36",
            "revenue": 148400
        },
        "2023-04": {
            "month": "2023-04",
            "price": "21.88",
            "revenue": 103282
        },
        "2023-05": {
            "month": "2023-05",
            "price": "21.83",
            "revenue": 100579
        },
        "2023-06": {
            "month": "2023-06",
            "price": "22.08",
            "revenue": 217115
        },
        "2023-07": {
            "month": "2023-07",
            "price": "21.07",
            "revenue": 89909
        },
        "2023-08": {
            "month": "2023-08",
            "price": "21.42",
            "revenue": 115631
        },
        "2023-09": {
            "month": "2023-09",
            "price": "22.62",
            "revenue": 91419
        },
        "2023-10": {
            "month": "2023-10",
            "price": "23.33",
            "revenue": 92685
        },
        "2023-11": {
            "month": "2023-11",
            "price": "23.48",
            "revenue": 85956
        },
        "2023-12": {
            "month": "2023-12",
            "price": "23.62",
            "revenue": 127631
        }
    }
}
