{
    "summary": {
        "stock_name": "南帝",
        "stock_id": "2108",
        "category": "橡膠",
        "main_business": "乳膠製造買賣<br>橡膠製造買賣、熱可塑性橡膠製造買賣<br>鞋中底製造買賣",
        "website_url": "http://www.nantex.com.tw",
        "ceo": "許建祝",
        "pe_ratio": 24,
        "report_year_from": 2001,
        "report_year_to": 2023,
        "age": 22,
        "eps_negative_percentage": 0,
        "eps_growth_avg": {
            "last_all": 13.54,
            "last_2y": 38.74,
            "last_4y": 37.4,
            "last_8y": 24.32,
            "last_12y": 14.64,
            "last_16y": 14.88,
            "last_20y": 13.54,
            "at_2006_last_3y": 13.17,
            "at_2007_last_3y": 51.57,
            "at_2008_last_3y": 43.78,
            "at_2009_last_3y": 15.68,
            "at_2010_last_3y": 10.61,
            "at_2011_last_3y": 1.45,
            "at_2012_last_3y": -5.78,
            "at_2013_last_3y": -7.14,
            "at_2014_last_3y": -12.15,
            "at_2015_last_3y": -2.99,
            "at_2016_last_3y": 3.23,
            "at_2017_last_3y": 7.97,
            "at_2018_last_3y": 35.71,
            "at_2019_last_3y": 8.8,
            "at_2020_last_3y": 42.98,
            "at_2021_last_3y": 67.69,
            "at_2022_last_3y": 27.14,
            "at_2023_last_3y": 27.14,
            "at_2006_last_all": 7.82,
            "at_2007_last_all": 23.19,
            "at_2008_last_all": 15.2,
            "at_2009_last_all": 11.75,
            "at_2010_last_all": 9.06,
            "at_2011_last_all": 14.49,
            "at_2012_last_all": 7.57,
            "at_2013_last_all": 5.46,
            "at_2014_last_all": 2.53,
            "at_2015_last_all": 9.5,
            "at_2016_last_all": 6.41,
            "at_2017_last_all": 6.09,
            "at_2018_last_all": 10.34,
            "at_2019_last_all": 9.34,
            "at_2020_last_all": 14.11,
            "at_2021_last_all": 18.41,
            "at_2022_last_all": 13.54,
            "at_2023_last_all": 13.54
        },
        "latest_eps": 1.61,
        "latest_price": 38.35,
        "latest_roe": 6.85,
        "latest_gross_margin": 23.68,
        "latest_equity": 14545951,
        "latest_revenue": 2238084,
        "latest_gross_profit": 530035,
        "latest_net_income": 221566,
        "latest_debt_ratio": 15.27,
        "latest_current_ratio": 597.4,
        "latest_account_receivable_turnover_ratio": 2.77,
        "latest_inventory_turnover_ratio": 1.06,
        "latest_reinvestment_rate": 2.44,
        "latest_research_to_sale_ratio": 0.88
    },
    "eps_dividends": {
        "1990": {
            "cash": 0,
            "stock": 1.5,
            "eps": 0
        },
        "1991": {
            "cash": 0,
            "stock": 1,
            "eps": 0
        },
        "1992": {
            "cash": 0,
            "stock": 2,
            "eps": 0
        },
        "1993": {
            "cash": 0,
            "stock": 2,
            "eps": 0
        },
        "1994": {
            "cash": 0,
            "stock": 2,
            "eps": 0
        },
        "1995": {
            "cash": 0,
            "stock": 1.5,
            "eps": 0
        },
        "1996": {
            "cash": 0,
            "stock": 0.7,
            "eps": 0
        },
        "1997": {
            "cash": 0,
            "stock": 0.7,
            "eps": 0
        },
        "1999": {
            "cash": 0,
            "stock": 1.45,
            "eps": 0
        },
        "2000": {
            "cash": 0,
            "stock": 0.9,
            "eps": 0
        },
        "2001": {
            "cash": 0.4,
            "stock": 0.3,
            "eps": 1.62
        },
        "2002": {
            "cash": 0,
            "stock": 1,
            "eps": 1.4
        },
        "2003": {
            "cash": 0.6,
            "stock": 0.5,
            "eps": 0.65
        },
        "2004": {
            "cash": 0.3,
            "stock": 0.3,
            "eps": 0.64
        },
        "2005": {
            "cash": 0.25,
            "stock": 0.25,
            "eps": 1.41
        },
        "2006": {
            "cash": 0.6,
            "stock": 0.6,
            "eps": 1.52
        },
        "2007": {
            "cash": 0.8,
            "stock": 0.5,
            "eps": 3.12
        },
        "2008": {
            "cash": 1,
            "stock": 1,
            "eps": 2.1
        },
        "2009": {
            "cash": 0.8,
            "stock": 0.8,
            "eps": 1.84
        },
        "2010": {
            "cash": 0.8,
            "stock": 0.8,
            "eps": 1.61
        },
        "2011": {
            "cash": 2.4,
            "stock": 1.1,
            "eps": 2.63
        },
        "2012": {
            "cash": 0,
            "stock": 0,
            "eps": 1.01
        },
        "2013": {
            "cash": 0.5,
            "stock": 0.5,
            "eps": 0.83
        },
        "2014": {
            "cash": 0.4,
            "stock": 0.4,
            "eps": 0.56
        },
        "2015": {
            "cash": 0.25,
            "stock": 0.25,
            "eps": 2.75
        },
        "2016": {
            "cash": 2,
            "stock": 0.5,
            "eps": 1.74
        },
        "2017": {
            "cash": 1,
            "stock": 0.5,
            "eps": 1.76
        },
        "2018": {
            "cash": 1,
            "stock": 0.5,
            "eps": 3.14
        },
        "2019": {
            "cash": 1.8,
            "stock": 0,
            "eps": 2.9
        },
        "2020": {
            "cash": 2.1,
            "stock": 0,
            "eps": 7.2
        },
        "2021": {
            "cash": 4,
            "stock": 0,
            "eps": 14.92
        },
        "2022": {
            "cash": 7,
            "stock": 0,
            "eps": 2.42
        },
        "2023": {
            "cash": 2,
            "stock": 0,
            "eps": 0.36
        }
    },
    "dividends": {
        "1990-01-25": {
            "cash": 0,
            "stock": 1.5
        },
        "1991-05-29": {
            "cash": 0,
            "stock": 1
        },
        "1992-03-20": {
            "cash": 0,
            "stock": 2
        },
        "1993-06-09": {
            "cash": 0,
            "stock": 2
        },
        "1994-06-09": {
            "cash": 0,
            "stock": 2
        },
        "1995-06-08": {
            "cash": 0,
            "stock": 1.5
        },
        "1996-06-07": {
            "cash": 0,
            "stock": 0.7
        },
        "1997-06-05": {
            "cash": 0,
            "stock": 0.7
        },
        "1999-05-26": {
            "cash": 0,
            "stock": 1.45
        },
        "2000-06-12": {
            "cash": 0,
            "stock": 0.9
        },
        "2001-06-14": {
            "cash": 0.4,
            "stock": 0.3
        },
        "2002-05-29": {
            "cash": 0,
            "stock": 1
        },
        "2003-03-12": {
            "cash": 0.6,
            "stock": 0.5
        },
        "2004-03-17": {
            "cash": 0.3,
            "stock": 0.3
        },
        "2005-03-18": {
            "cash": 0.25,
            "stock": 0.25
        },
        "2006-03-17": {
            "cash": 0.6,
            "stock": 0.6
        },
        "2007-03-21": {
            "cash": 0.8,
            "stock": 0.5
        },
        "2008-03-18": {
            "cash": 1,
            "stock": 1
        },
        "2009-03-18": {
            "cash": 0.8,
            "stock": 0.8
        },
        "2010-06-21": {
            "cash": 0.8,
            "stock": 0.8
        },
        "2011-01-01": {
            "cash": 1.5,
            "stock": 0.5
        },
        "2011-03-17": {
            "cash": 0.9,
            "stock": 0.6
        },
        "2013-03-21": {
            "cash": 0.5,
            "stock": 0.5
        },
        "2014-09-05": {
            "cash": 0.4,
            "stock": 0.4
        },
        "2015-09-04": {
            "cash": 0.25,
            "stock": 0.25
        },
        "2016-09-06": {
            "cash": 2,
            "stock": 0.5
        },
        "2017-09-05": {
            "cash": 1,
            "stock": 0.5
        },
        "2018-09-07": {
            "cash": 1,
            "stock": 0.5
        },
        "2019-09-10": {
            "cash": 1.8,
            "stock": 0
        },
        "2020-08-11": {
            "cash": 2.1,
            "stock": 0
        },
        "2021-05-07": {
            "cash": 4,
            "stock": 0
        },
        "2022-04-25": {
            "cash": 7,
            "stock": 0
        },
        "2023-04-28": {
            "cash": 2,
            "stock": 0
        }
    },
    "prices": {
        "200101": "8.36",
        "200102": "9.41",
        "200103": "10.68",
        "200104": "9.21",
        "200105": "8.16",
        "200106": "8.17",
        "200107": "8.53",
        "200108": "9.94",
        "200109": "9.39",
        "200110": "10.17",
        "200111": "11.07",
        "200112": "13.12",
        "200201": "14.01",
        "200202": "14.58",
        "200203": "15.37",
        "200204": "16.17",
        "200205": "17.24",
        "200206": "18.25",
        "200207": "17.87",
        "200208": "15.25",
        "200209": "13.31",
        "200210": "12.21",
        "200211": "14.00",
        "200212": "15.68",
        "200301": "15.85",
        "200302": "14.00",
        "200303": "12.95",
        "200304": "13.19",
        "200305": "12.66",
        "200306": "13.47",
        "200307": "13.07",
        "200308": "12.43",
        "200309": "11.95",
        "200310": "12.26",
        "200311": "12.60",
        "200312": "12.60",
        "200401": "12.86",
        "200402": "13.79",
        "200403": "13.38",
        "200404": "12.37",
        "200405": "10.66",
        "200406": "10.41",
        "200407": "10.40",
        "200408": "10.11",
        "200409": "10.46",
        "200410": "10.46",
        "200411": "10.21",
        "200412": "10.36",
        "200501": "10.79",
        "200502": "10.94",
        "200503": "11.07",
        "200504": "11.12",
        "200505": "11.75",
        "200506": "12.32",
        "200507": "13.29",
        "200508": "13.50",
        "200509": "13.17",
        "200510": "13.52",
        "200511": "13.17",
        "200512": "13.34",
        "200601": "13.14",
        "200602": "12.95",
        "200603": "12.97",
        "200604": "13.75",
        "200605": "14.95",
        "200606": "13.72",
        "200607": "14.34",
        "200608": "14.56",
        "200609": "13.81",
        "200610": "15.73",
        "200611": "17.55",
        "200612": "19.62",
        "200701": "19.40",
        "200702": "19.38",
        "200703": "18.42",
        "200704": "20.32",
        "200705": "20.79",
        "200706": "25.87",
        "200707": "30.59",
        "200708": "30.97",
        "200709": "36.30",
        "200710": "34.18",
        "200711": "29.66",
        "200712": "27.33",
        "200801": "27.35",
        "200802": "27.64",
        "200803": "30.48",
        "200804": "33.38",
        "200805": "36.93",
        "200806": "35.38",
        "200807": "30.78",
        "200808": "27.30",
        "200809": "24.42",
        "200810": "19.11",
        "200811": "17.97",
        "200812": "16.22",
        "200901": "16.81",
        "200902": "15.64",
        "200903": "17.76",
        "200904": "22.82",
        "200905": "24.92",
        "200906": "23.14",
        "200907": "23.89",
        "200908": "24.47",
        "200909": "23.64",
        "200910": "22.89",
        "200911": "20.94",
        "200912": "23.05",
        "201001": "22.61",
        "201002": "20.69",
        "201003": "22.23",
        "201004": "23.26",
        "201005": "21.36",
        "201006": "21.21",
        "201007": "21.50",
        "201008": "21.23",
        "201009": "20.96",
        "201010": "21.26",
        "201011": "20.67",
        "201012": "21.10",
        "201101": "25.76",
        "201102": "26.16",
        "201103": "25.09",
        "201104": "28.80",
        "201105": "28.32",
        "201106": "27.83",
        "201107": "31.72",
        "201108": "31.18",
        "201109": "28.42",
        "201110": "25.53",
        "201111": "25.34",
        "201112": "23.52",
        "201201": "23.98",
        "201202": "26.31",
        "201203": "27.01",
        "201204": "25.31",
        "201205": "25.14",
        "201206": "25.83",
        "201207": "26.23",
        "201208": "25.49",
        "201209": "22.48",
        "201210": "19.98",
        "201211": "17.33",
        "201212": "18.04",
        "201301": "19.16",
        "201302": "20.07",
        "201303": "19.52",
        "201304": "19.95",
        "201305": "20.20",
        "201306": "19.73",
        "201307": "19.39",
        "201308": "18.81",
        "201309": "19.97",
        "201310": "21.68",
        "201311": "19.63",
        "201312": "19.20",
        "201401": "19.59",
        "201402": "19.24",
        "201403": "18.81",
        "201404": "19.16",
        "201405": "18.67",
        "201406": "18.00",
        "201407": "17.71",
        "201408": "16.67",
        "201409": "16.47",
        "201410": "15.64",
        "201411": "15.40",
        "201412": "15.76",
        "201501": "16.34",
        "201502": "16.07",
        "201503": "16.72",
        "201504": "19.16",
        "201505": "23.45",
        "201506": "26.61",
        "201507": "25.85",
        "201508": "23.69",
        "201509": "25.52",
        "201510": "28.10",
        "201511": "27.60",
        "201512": "24.94",
        "201601": "23.13",
        "201602": "23.98",
        "201603": "26.11",
        "201604": "27.74",
        "201605": "26.08",
        "201606": "25.98",
        "201607": "26.85",
        "201608": "23.83",
        "201609": "22.94",
        "201610": "23.15",
        "201611": "21.86",
        "201612": "21.93",
        "201701": "22.36",
        "201702": "23.56",
        "201703": "24.93",
        "201704": "23.81",
        "201705": "23.53",
        "201706": "23.67",
        "201707": "24.05",
        "201708": "22.06",
        "201709": "22.01",
        "201710": "21.86",
        "201711": "22.71",
        "201712": "23.27",
        "201801": "23.38",
        "201802": "22.57",
        "201803": "23.16",
        "201804": "24.84",
        "201805": "25.78",
        "201806": "28.34",
        "201807": "29.08",
        "201808": "31.20",
        "201809": "31.00",
        "201810": "29.12",
        "201811": "29.01",
        "201812": "28.45",
        "201901": "28.87",
        "201902": "31.23",
        "201903": "34.46",
        "201904": "32.44",
        "201905": "34.54",
        "201906": "35.86",
        "201907": "35.68",
        "201908": "32.10",
        "201909": "32.10",
        "201910": "31.67",
        "201911": "30.37",
        "201912": "29.56",
        "202001": "30.17",
        "202002": "29.94",
        "202003": "26.75",
        "202004": "28.69",
        "202005": "35.78",
        "202006": "37.90",
        "202007": "37.10",
        "202008": "39.71",
        "202009": "48.93",
        "202010": "61.22",
        "202011": "64.50",
        "202012": "60.51",
        "202101": "59.48",
        "202102": "60.78",
        "202103": "79.04",
        "202104": "139.05",
        "202105": "131.12",
        "202106": "144.26",
        "202107": "128.34",
        "202108": "115.32",
        "202109": "100.16",
        "202110": "85.11",
        "202111": "82.26",
        "202112": "83.51",
        "202201": "84.92",
        "202202": "80.77",
        "202203": "73.33",
        "202204": "56.69",
        "202205": "50.57",
        "202206": "47.92",
        "202207": "41.78",
        "202208": "41.93",
        "202209": "39.28",
        "202210": "35.08",
        "202211": "36.19",
        "202212": "38.03",
        "202301": "38.82",
        "202302": "41.45",
        "202303": "42.71",
        "202304": "39.21",
        "202305": "38.97",
        "202306": "38.14"
    },
    "quarters": {
        "20011": {
            "year_quarter": 20011,
            "year": 2001,
            "quarter": 1,
            "eps": 0.08,
            "eps_growth_year": -52.94,
            "eps_4q": 0.63,
            "eps_4q_growth_year": -25.02,
            "roe": 0.68,
            "roe_4q": 0.68,
            "gross_profit": 130062,
            "gross_margin": 23.49,
            "gross_margin_4q_avg": 23.49,
            "net_income": 15868,
            "revenue": 553652,
            "common_shares": 1903739,
            "book_valuer_per_share": 12.33,
            "book_valuer_per_share_4q_avg": 12.33,
            "equity": 2347966,
            "current_ratio": 211.28,
            "debt_ratio": 23.5,
            "inventory_turnover_ratio": 1.28,
            "account_receivable_turnover_ratio": null,
            "reinvestment_rate": null,
            "research_to_sale_ratio": null,
            "price_fair": 0,
            "eps_avg_yearly": 0,
            "eps_latest_yearly": 0,
            "eps_growth_yearly": 0
        },
        "20012": {
            "year_quarter": 20012,
            "year": 2001,
            "quarter": 2,
            "eps": 0.42,
            "eps_growth_year": 425,
            "eps_4q": 1,
            "eps_4q_growth_year": 62.31,
            "roe": 3.43,
            "roe_4q": 4.11,
            "gross_profit": 165735,
            "gross_margin": 30.47,
            "gross_margin_4q_avg": 26.98,
            "net_income": 80461,
            "revenue": 543985,
            "common_shares": 1903739,
            "book_valuer_per_share": 12.32,
            "book_valuer_per_share_4q_avg": 12.33,
            "equity": 2346128,
            "current_ratio": 178.05,
            "debt_ratio": 27.9,
            "inventory_turnover_ratio": 1.28,
            "account_receivable_turnover_ratio": null,
            "reinvestment_rate": null,
            "research_to_sale_ratio": null,
            "price_fair": 0,
            "eps_avg_yearly": 0,
            "eps_latest_yearly": 0,
            "eps_growth_yearly": 0
        },
        "20013": {
            "year_quarter": 20013,
            "year": 2001,
            "quarter": 3,
            "eps": 0.47,
            "eps_growth_year": 235.71,
            "eps_4q": 1.32,
            "eps_4q_growth_year": 181.27,
            "roe": 3.84,
            "roe_4q": 7.949999999999999,
            "gross_profit": 208281,
            "gross_margin": 35.14,
            "gross_margin_4q_avg": 29.7,
            "net_income": 92052,
            "revenue": 592796,
            "common_shares": 1960852,
            "book_valuer_per_share": 12.48,
            "book_valuer_per_share_4q_avg": 12.38,
            "equity": 2446351,
            "current_ratio": 249.63,
            "debt_ratio": 20.5,
            "inventory_turnover_ratio": 1.17,
            "account_receivable_turnover_ratio": null,
            "reinvestment_rate": null,
            "research_to_sale_ratio": null,
            "price_fair": 0,
            "eps_avg_yearly": 0,
            "eps_latest_yearly": 0,
            "eps_growth_yearly": 0
        },
        "20014": {
            "year_quarter": 20014,
            "year": 2001,
            "quarter": 4,
            "eps": 0.65,
            "eps_growth_year": 80.56,
            "eps_4q": 1.61,
            "eps_4q_growth_year": 122.03,
            "roe": 5.09,
            "roe_4q": 13.04,
            "gross_profit": 261001,
            "gross_margin": 39.66,
            "gross_margin_4q_avg": 32.19,
            "net_income": 127783,
            "revenue": 658178,
            "common_shares": 1960852,
            "book_valuer_per_share": 13.12,
            "book_valuer_per_share_4q_avg": 12.56,
            "equity": 2573434,
            "current_ratio": 251.31,
            "debt_ratio": 20.3,
            "inventory_turnover_ratio": 1.17,
            "account_receivable_turnover_ratio": null,
            "reinvestment_rate": null,
            "research_to_sale_ratio": null,
            "price_fair": 0,
            "eps_avg_yearly": 0,
            "eps_latest_yearly": 0,
            "eps_growth_yearly": 0
        },
        "20021": {
            "year_quarter": 20021,
            "year": 2002,
            "quarter": 1,
            "eps": 0.45,
            "eps_growth_year": 462.5,
            "eps_4q": 1.97,
            "eps_4q_growth_year": 211.62,
            "roe": 3.39,
            "roe_4q": 15.75,
            "gross_profit": 223546,
            "gross_margin": 40.92,
            "gross_margin_4q_avg": 36.55,
            "net_income": 88829,
            "revenue": 546242,
            "common_shares": 1960852,
            "book_valuer_per_share": 13.59,
            "book_valuer_per_share_4q_avg": 12.88,
            "equity": 2664590,
            "current_ratio": 224.75,
            "debt_ratio": 21.84,
            "inventory_turnover_ratio": 0.93,
            "account_receivable_turnover_ratio": null,
            "reinvestment_rate": null,
            "research_to_sale_ratio": null,
            "price_fair": 5.4,
            "eps_avg_yearly": 1.8,
            "eps_latest_yearly": 1.8,
            "eps_growth_yearly": -123.08
        },
        "20022": {
            "year_quarter": 20022,
            "year": 2002,
            "quarter": 2,
            "eps": 0.35,
            "eps_growth_year": -16.67,
            "eps_4q": 1.94,
            "eps_4q_growth_year": 93.47,
            "roe": 2.53,
            "roe_4q": 14.85,
            "gross_profit": 187591,
            "gross_margin": 32.29,
            "gross_margin_4q_avg": 37,
            "net_income": 68039,
            "revenue": 580949,
            "common_shares": 1960852,
            "book_valuer_per_share": 13.86,
            "book_valuer_per_share_4q_avg": 13.26,
            "equity": 2716808,
            "current_ratio": 302.75,
            "debt_ratio": 16.65,
            "inventory_turnover_ratio": 1.03,
            "account_receivable_turnover_ratio": null,
            "reinvestment_rate": null,
            "research_to_sale_ratio": null,
            "price_fair": 4.8,
            "eps_avg_yearly": 1.6,
            "eps_latest_yearly": 1.4,
            "eps_growth_yearly": -105.98
        },
        "20023": {
            "year_quarter": 20023,
            "year": 2002,
            "quarter": 3,
            "eps": 0.31,
            "eps_growth_year": -34.04,
            "eps_4q": 1.61,
            "eps_4q_growth_year": 22.73,
            "roe": 2.46,
            "roe_4q": 13.47,
            "gross_profit": 168157,
            "gross_margin": 29.64,
            "gross_margin_4q_avg": 35.63,
            "net_income": 67666,
            "revenue": 567280,
            "common_shares": 2156937,
            "book_valuer_per_share": 12.94,
            "book_valuer_per_share_4q_avg": 13.38,
            "equity": 2791196,
            "current_ratio": 320.18,
            "debt_ratio": 15.92,
            "inventory_turnover_ratio": 0.99,
            "account_receivable_turnover_ratio": null,
            "reinvestment_rate": null,
            "research_to_sale_ratio": null,
            "price_fair": 4.44,
            "eps_avg_yearly": 1.48,
            "eps_latest_yearly": 1.24,
            "eps_growth_yearly": -85.89
        },
        "20024": {
            "year_quarter": 20024,
            "year": 2002,
            "quarter": 4,
            "eps": 0.29,
            "eps_growth_year": -55.38,
            "eps_4q": 1.34,
            "eps_4q_growth_year": -16.4,
            "roe": 2.19,
            "roe_4q": 10.57,
            "gross_profit": 182545,
            "gross_margin": 27.72,
            "gross_margin_4q_avg": 32.64,
            "net_income": 61753,
            "revenue": 658499,
            "common_shares": 2156937,
            "book_valuer_per_share": 13.22,
            "book_valuer_per_share_4q_avg": 13.4,
            "equity": 2852157,
            "current_ratio": 339.9,
            "debt_ratio": 16.27,
            "inventory_turnover_ratio": 1.21,
            "account_receivable_turnover_ratio": null,
            "reinvestment_rate": 36.53,
            "research_to_sale_ratio": null,
            "price_fair": 4.2,
            "eps_avg_yearly": 1.4,
            "eps_latest_yearly": 1.16,
            "eps_growth_yearly": -70.87
        },
        "20031": {
            "year_quarter": 20031,
            "year": 2003,
            "quarter": 1,
            "eps": 0.18,
            "eps_growth_year": -60,
            "eps_4q": 1.11,
            "eps_4q_growth_year": -43.73,
            "roe": 1.33,
            "roe_4q": 8.51,
            "gross_profit": 147124,
            "gross_margin": 24.61,
            "gross_margin_4q_avg": 28.57,
            "net_income": 38250,
            "revenue": 597791,
            "common_shares": 2156937,
            "book_valuer_per_share": 13.4,
            "book_valuer_per_share_4q_avg": 13.36,
            "equity": 2890410,
            "current_ratio": 330.95,
            "debt_ratio": 15.28,
            "inventory_turnover_ratio": 1.26,
            "account_receivable_turnover_ratio": null,
            "reinvestment_rate": -1.96,
            "research_to_sale_ratio": null,
            "price_fair": 3.79,
            "eps_avg_yearly": 1.26,
            "eps_latest_yearly": 0.72,
            "eps_growth_yearly": -87.04
        },
        "20032": {
            "year_quarter": 20032,
            "year": 2003,
            "quarter": 2,
            "eps": 0.14,
            "eps_growth_year": -60,
            "eps_4q": 0.92,
            "eps_4q_growth_year": -52.27,
            "roe": 1.06,
            "roe_4q": 7.04,
            "gross_profit": 140019,
            "gross_margin": 22.72,
            "gross_margin_4q_avg": 26.17,
            "net_income": 29906,
            "revenue": 616249,
            "common_shares": 2156937,
            "book_valuer_per_share": 12.87,
            "book_valuer_per_share_4q_avg": 13.11,
            "equity": 2776558,
            "current_ratio": 211.5,
            "debt_ratio": 20.39,
            "inventory_turnover_ratio": 1.38,
            "account_receivable_turnover_ratio": null,
            "reinvestment_rate": -9.3,
            "research_to_sale_ratio": null,
            "price_fair": 3.44,
            "eps_avg_yearly": 1.15,
            "eps_latest_yearly": 0.56,
            "eps_growth_yearly": -87.35
        },
        "20033": {
            "year_quarter": 20033,
            "year": 2003,
            "quarter": 3,
            "eps": 0.16,
            "eps_growth_year": -48.39,
            "eps_4q": 0.73,
            "eps_4q_growth_year": -54.49,
            "roe": 1.3,
            "roe_4q": 5.880000000000001,
            "gross_profit": 155837,
            "gross_margin": 25.57,
            "gross_margin_4q_avg": 25.16,
            "net_income": 36178,
            "revenue": 609467,
            "common_shares": 2264784,
            "book_valuer_per_share": 12.37,
            "book_valuer_per_share_4q_avg": 12.97,
            "equity": 2800617,
            "current_ratio": 254.23,
            "debt_ratio": 16.66,
            "inventory_turnover_ratio": 1.41,
            "account_receivable_turnover_ratio": null,
            "reinvestment_rate": -12.37,
            "research_to_sale_ratio": null,
            "price_fair": 3.22,
            "eps_avg_yearly": 1.07,
            "eps_latest_yearly": 0.64,
            "eps_growth_yearly": -66.71
        },
        "20034": {
            "year_quarter": 20034,
            "year": 2003,
            "quarter": 4,
            "eps": 0.17,
            "eps_growth_year": -41.38,
            "eps_4q": 0.62,
            "eps_4q_growth_year": -53.76,
            "roe": 1.39,
            "roe_4q": 5.08,
            "gross_profit": 166216,
            "gross_margin": 25.19,
            "gross_margin_4q_avg": 24.52,
            "net_income": 39267,
            "revenue": 659812,
            "common_shares": 2264784,
            "book_valuer_per_share": 12.58,
            "book_valuer_per_share_4q_avg": 12.81,
            "equity": 2848905,
            "current_ratio": 179.01,
            "debt_ratio": 23.9,
            "inventory_turnover_ratio": 1.39,
            "account_receivable_turnover_ratio": null,
            "reinvestment_rate": 55.9,
            "research_to_sale_ratio": null,
            "price_fair": 3.08,
            "eps_avg_yearly": 1.03,
            "eps_latest_yearly": 0.68,
            "eps_growth_yearly": -55.24
        },
        "20041": {
            "year_quarter": 20041,
            "year": 2004,
            "quarter": 1,
            "eps": 0.16,
            "eps_growth_year": -11.11,
            "eps_4q": 0.63,
            "eps_4q_growth_year": -42.93,
            "roe": 1.25,
            "roe_4q": 5,
            "gross_profit": 153296,
            "gross_margin": 23.03,
            "gross_margin_4q_avg": 24.13,
            "net_income": 35633,
            "revenue": 665546,
            "common_shares": 2264784,
            "book_valuer_per_share": 12.65,
            "book_valuer_per_share_4q_avg": 12.62,
            "equity": 2864827,
            "current_ratio": 246.59,
            "debt_ratio": 18.96,
            "inventory_turnover_ratio": 1.46,
            "account_receivable_turnover_ratio": null,
            "reinvestment_rate": -26.48,
            "research_to_sale_ratio": null,
            "price_fair": 2.95,
            "eps_avg_yearly": 0.98,
            "eps_latest_yearly": 0.64,
            "eps_growth_yearly": -51.72
        },
        "20042": {
            "year_quarter": 20042,
            "year": 2004,
            "quarter": 2,
            "eps": 0.07,
            "eps_growth_year": -50,
            "eps_4q": 0.55,
            "eps_4q_growth_year": -40.31,
            "roe": 0.57,
            "roe_4q": 4.51,
            "gross_profit": 135224,
            "gross_margin": 19.55,
            "gross_margin_4q_avg": 23.34,
            "net_income": 16130,
            "revenue": 691747,
            "common_shares": 2264784,
            "book_valuer_per_share": 12.44,
            "book_valuer_per_share_4q_avg": 12.51,
            "equity": 2816434,
            "current_ratio": 192.7,
            "debt_ratio": 24.25,
            "inventory_turnover_ratio": 1.63,
            "account_receivable_turnover_ratio": null,
            "reinvestment_rate": -30.69,
            "research_to_sale_ratio": null,
            "price_fair": 2.74,
            "eps_avg_yearly": 0.91,
            "eps_latest_yearly": 0.28,
            "eps_growth_yearly": -69.05
        },
        "20043": {
            "year_quarter": 20043,
            "year": 2004,
            "quarter": 3,
            "eps": 0.17,
            "eps_growth_year": 6.25,
            "eps_4q": 0.56,
            "eps_4q_growth_year": -23.68,
            "roe": 1.4,
            "roe_4q": 4.609999999999999,
            "gross_profit": 137671,
            "gross_margin": 20.55,
            "gross_margin_4q_avg": 22.08,
            "net_income": 39622,
            "revenue": 669774,
            "common_shares": 2332727,
            "book_valuer_per_share": 12.26,
            "book_valuer_per_share_4q_avg": 12.48,
            "equity": 2859591,
            "current_ratio": 292.72,
            "debt_ratio": 16.7,
            "inventory_turnover_ratio": 1.36,
            "account_receivable_turnover_ratio": null,
            "reinvestment_rate": -30.82,
            "research_to_sale_ratio": null,
            "price_fair": 2.67,
            "eps_avg_yearly": 0.89,
            "eps_latest_yearly": 0.68,
            "eps_growth_yearly": -10.82
        },
        "20044": {
            "year_quarter": 20044,
            "year": 2004,
            "quarter": 4,
            "eps": 0.24,
            "eps_growth_year": 41.18,
            "eps_4q": 0.64,
            "eps_4q_growth_year": 2.52,
            "roe": 1.93,
            "roe_4q": 5.15,
            "gross_profit": 166207,
            "gross_margin": 22.09,
            "gross_margin_4q_avg": 21.31,
            "net_income": 55196,
            "revenue": 752301,
            "common_shares": 2332727,
            "book_valuer_per_share": 12.3,
            "book_valuer_per_share_4q_avg": 12.41,
            "equity": 2868396,
            "current_ratio": 196.5,
            "debt_ratio": 26.17,
            "inventory_turnover_ratio": 1.35,
            "account_receivable_turnover_ratio": null,
            "reinvestment_rate": 32.86,
            "research_to_sale_ratio": null,
            "price_fair": 12.38,
            "eps_avg_yearly": 0.9,
            "eps_latest_yearly": 0.96,
            "eps_growth_yearly": 3.8
        },
        "20051": {
            "year_quarter": 20051,
            "year": 2005,
            "quarter": 1,
            "eps": 0.32,
            "eps_growth_year": 100,
            "eps_4q": 0.8,
            "eps_4q_growth_year": 25.59,
            "roe": 2.55,
            "roe_4q": 6.449999999999999,
            "gross_profit": 160694,
            "gross_margin": 23.74,
            "gross_margin_4q_avg": 21.48,
            "net_income": 74738,
            "revenue": 676794,
            "common_shares": 2332727,
            "book_valuer_per_share": 12.85,
            "book_valuer_per_share_4q_avg": 12.46,
            "equity": 2997659,
            "current_ratio": 308.42,
            "debt_ratio": 14.93,
            "inventory_turnover_ratio": 1.23,
            "account_receivable_turnover_ratio": null,
            "reinvestment_rate": -35.19,
            "research_to_sale_ratio": null,
            "price_fair": 22.01,
            "eps_avg_yearly": 0.93,
            "eps_latest_yearly": 1.28,
            "eps_growth_yearly": 13.77
        },
        "20052": {
            "year_quarter": 20052,
            "year": 2005,
            "quarter": 2,
            "eps": 0.47,
            "eps_growth_year": 571.43,
            "eps_4q": 1.2,
            "eps_4q_growth_year": 117.88,
            "roe": 3.6,
            "roe_4q": 9.48,
            "gross_profit": 166372,
            "gross_margin": 22.83,
            "gross_margin_4q_avg": 22.3,
            "net_income": 108752,
            "revenue": 728876,
            "common_shares": 2332727,
            "book_valuer_per_share": 13.05,
            "book_valuer_per_share_4q_avg": 12.62,
            "equity": 3045037,
            "current_ratio": 254.6,
            "debt_ratio": 17.44,
            "inventory_turnover_ratio": 1.45,
            "account_receivable_turnover_ratio": null,
            "reinvestment_rate": -39.46,
            "research_to_sale_ratio": null,
            "price_fair": 34.8,
            "eps_avg_yearly": 0.99,
            "eps_latest_yearly": 1.88,
            "eps_growth_yearly": 26.18
        },
        "20053": {
            "year_quarter": 20053,
            "year": 2005,
            "quarter": 3,
            "eps": 0.36,
            "eps_growth_year": 111.76,
            "eps_4q": 1.35,
            "eps_4q_growth_year": 140.37,
            "roe": 2.8,
            "roe_4q": 10.879999999999999,
            "gross_profit": 139177,
            "gross_margin": 20.28,
            "gross_margin_4q_avg": 22.24,
            "net_income": 87020,
            "revenue": 686316,
            "common_shares": 2391045,
            "book_valuer_per_share": 13.28,
            "book_valuer_per_share_4q_avg": 12.87,
            "equity": 3175918,
            "current_ratio": 249.62,
            "debt_ratio": 16.24,
            "inventory_turnover_ratio": 1.14,
            "account_receivable_turnover_ratio": null,
            "reinvestment_rate": -38.58,
            "research_to_sale_ratio": null,
            "price_fair": 28.87,
            "eps_avg_yearly": 1.02,
            "eps_latest_yearly": 1.44,
            "eps_growth_yearly": 18.19
        },
        "20054": {
            "year_quarter": 20054,
            "year": 2005,
            "quarter": 4,
            "eps": 0.26,
            "eps_growth_year": 8.33,
            "eps_4q": 1.38,
            "eps_4q_growth_year": 116.65,
            "roe": 1.95,
            "roe_4q": 10.899999999999999,
            "gross_profit": 172924,
            "gross_margin": 21.93,
            "gross_margin_4q_avg": 22.2,
            "net_income": 62749,
            "revenue": 788370,
            "common_shares": 2391045,
            "book_valuer_per_share": 13.6,
            "book_valuer_per_share_4q_avg": 13.2,
            "equity": 3250816,
            "current_ratio": 226.83,
            "debt_ratio": 22.5,
            "inventory_turnover_ratio": 0.91,
            "account_receivable_turnover_ratio": null,
            "reinvestment_rate": 47.52,
            "research_to_sale_ratio": null,
            "price_fair": 20.61,
            "eps_avg_yearly": 1.03,
            "eps_latest_yearly": 1.04,
            "eps_growth_yearly": 10.11
        },
        "20061": {
            "year_quarter": 20061,
            "year": 2006,
            "quarter": 1,
            "eps": 0.7,
            "eps_growth_year": 118.75,
            "eps_4q": 1.78,
            "eps_4q_growth_year": 124.48,
            "roe": 4.89,
            "roe_4q": 13.24,
            "gross_profit": 168526,
            "gross_margin": 22.41,
            "gross_margin_4q_avg": 21.86,
            "net_income": 166838,
            "revenue": 752031,
            "common_shares": 2391045,
            "book_valuer_per_share": 14.92,
            "book_valuer_per_share_4q_avg": 13.71,
            "equity": 3567388,
            "current_ratio": 335.36,
            "debt_ratio": 13.88,
            "inventory_turnover_ratio": 0.89,
            "account_receivable_turnover_ratio": null,
            "reinvestment_rate": -34.16,
            "research_to_sale_ratio": null,
            "price_fair": 38.06,
            "eps_avg_yearly": 1.09,
            "eps_latest_yearly": 2.8,
            "eps_growth_yearly": 60.11
        },
        "20062": {
            "year_quarter": 20062,
            "year": 2006,
            "quarter": 2,
            "eps": 0.37,
            "eps_growth_year": -21.28,
            "eps_4q": 1.69,
            "eps_4q_growth_year": 40.48,
            "roe": 2.51,
            "roe_4q": 12.149999999999999,
            "gross_profit": 172859,
            "gross_margin": 21.73,
            "gross_margin_4q_avg": 21.59,
            "net_income": 88772,
            "revenue": 795595,
            "common_shares": 2391045,
            "book_valuer_per_share": 14.66,
            "book_valuer_per_share_4q_avg": 14.12,
            "equity": 3505202,
            "current_ratio": 244.91,
            "debt_ratio": 18.2,
            "inventory_turnover_ratio": 1.32,
            "account_receivable_turnover_ratio": null,
            "reinvestment_rate": -34.46,
            "research_to_sale_ratio": null,
            "price_fair": 38.24,
            "eps_avg_yearly": 1.09,
            "eps_latest_yearly": 1.48,
            "eps_growth_yearly": 53.88
        },
        "20063": {
            "year_quarter": 20063,
            "year": 2006,
            "quarter": 3,
            "eps": 0.24,
            "eps_growth_year": -33.33,
            "eps_4q": 1.52,
            "eps_4q_growth_year": 12.97,
            "roe": 1.68,
            "roe_4q": 11.029999999999998,
            "gross_profit": 142823,
            "gross_margin": 17.56,
            "gross_margin_4q_avg": 20.91,
            "net_income": 59592,
            "revenue": 813396,
            "common_shares": 2534508,
            "book_valuer_per_share": 14.13,
            "book_valuer_per_share_4q_avg": 14.33,
            "equity": 3582160,
            "current_ratio": 324.63,
            "debt_ratio": 14.16,
            "inventory_turnover_ratio": 1.44,
            "account_receivable_turnover_ratio": null,
            "reinvestment_rate": -31.92,
            "research_to_sale_ratio": null,
            "price_fair": 37.63,
            "eps_avg_yearly": 1.08,
            "eps_latest_yearly": 0.96,
            "eps_growth_yearly": 47.95
        },
        "20064": {
            "year_quarter": 20064,
            "year": 2006,
            "quarter": 4,
            "eps": 0.21,
            "eps_growth_year": -19.23,
            "eps_4q": 1.46,
            "eps_4q_growth_year": 6.03,
            "roe": 1.46,
            "roe_4q": 10.54,
            "gross_profit": 144087,
            "gross_margin": 16.23,
            "gross_margin_4q_avg": 19.48,
            "net_income": 52778,
            "revenue": 887588,
            "common_shares": 2534508,
            "book_valuer_per_share": 14.39,
            "book_valuer_per_share_4q_avg": 14.53,
            "equity": 3646849,
            "current_ratio": 192.88,
            "debt_ratio": 24.67,
            "inventory_turnover_ratio": 1.05,
            "account_receivable_turnover_ratio": null,
            "reinvestment_rate": 57.58,
            "research_to_sale_ratio": null,
            "price_fair": 36.93,
            "eps_avg_yearly": 1.06,
            "eps_latest_yearly": 0.84,
            "eps_growth_yearly": 46.44
        },
        "20071": {
            "year_quarter": 20071,
            "year": 2007,
            "quarter": 1,
            "eps": 0.98,
            "eps_growth_year": 40,
            "eps_4q": 1.77,
            "eps_4q_growth_year": -0.59,
            "roe": 6.69,
            "roe_4q": 12.34,
            "gross_profit": 162696,
            "gross_margin": 18.17,
            "gross_margin_4q_avg": 18.42,
            "net_income": 248210,
            "revenue": 895612,
            "common_shares": 2534508,
            "book_valuer_per_share": 14.88,
            "book_valuer_per_share_4q_avg": 14.52,
            "equity": 3771903,
            "current_ratio": 273.28,
            "debt_ratio": 14.82,
            "inventory_turnover_ratio": 1.03,
            "account_receivable_turnover_ratio": null,
            "reinvestment_rate": -22.84,
            "research_to_sale_ratio": null,
            "price_fair": 43.93,
            "eps_avg_yearly": 1.26,
            "eps_latest_yearly": 3.92,
            "eps_growth_yearly": 147.59
        },
        "20072": {
            "year_quarter": 20072,
            "year": 2007,
            "quarter": 2,
            "eps": 0.59,
            "eps_growth_year": 59.46,
            "eps_4q": 2.01,
            "eps_4q_growth_year": 18.99,
            "roe": 3.98,
            "roe_4q": 13.809999999999999,
            "gross_profit": 208661,
            "gross_margin": 20.68,
            "gross_margin_4q_avg": 18.16,
            "net_income": 149761,
            "revenue": 1008882,
            "common_shares": 2534508,
            "book_valuer_per_share": 14.83,
            "book_valuer_per_share_4q_avg": 14.56,
            "equity": 3757846,
            "current_ratio": 194.95,
            "debt_ratio": 20.2,
            "inventory_turnover_ratio": 1.89,
            "account_receivable_turnover_ratio": null,
            "reinvestment_rate": -19.44,
            "research_to_sale_ratio": null,
            "price_fair": 47.86,
            "eps_avg_yearly": 1.37,
            "eps_latest_yearly": 2.36,
            "eps_growth_yearly": 143.2
        },
        "20073": {
            "year_quarter": 20073,
            "year": 2007,
            "quarter": 3,
            "eps": 0.71,
            "eps_growth_year": 195.83,
            "eps_4q": 2.41,
            "eps_4q_growth_year": 58.06,
            "roe": 4.85,
            "roe_4q": 16.98,
            "gross_profit": 200253,
            "gross_margin": 22.37,
            "gross_margin_4q_avg": 19.36,
            "net_income": 188713,
            "revenue": 895369,
            "common_shares": 2661233,
            "book_valuer_per_share": 15.15,
            "book_valuer_per_share_4q_avg": 14.81,
            "equity": 4030890,
            "current_ratio": 214.47,
            "debt_ratio": 19.01,
            "inventory_turnover_ratio": 1.84,
            "account_receivable_turnover_ratio": null,
            "reinvestment_rate": -16.17,
            "research_to_sale_ratio": null,
            "price_fair": 52.68,
            "eps_avg_yearly": 1.51,
            "eps_latest_yearly": 2.84,
            "eps_growth_yearly": 144.71
        },
        "20074": {
            "year_quarter": 20074,
            "year": 2007,
            "quarter": 4,
            "eps": 0.84,
            "eps_growth_year": 300,
            "eps_4q": 3.04,
            "eps_4q_growth_year": 107.92,
            "roe": 5.42,
            "roe_4q": 20.94,
            "gross_profit": 220819,
            "gross_margin": 22.46,
            "gross_margin_4q_avg": 20.92,
            "net_income": 223575,
            "revenue": 983000,
            "common_shares": 2661233,
            "book_valuer_per_share": 15.84,
            "book_valuer_per_share_4q_avg": 15.18,
            "equity": 4216508,
            "current_ratio": 238.92,
            "debt_ratio": 24,
            "inventory_turnover_ratio": 1.35,
            "account_receivable_turnover_ratio": null,
            "reinvestment_rate": 23.9,
            "research_to_sale_ratio": null,
            "price_fair": 58.54,
            "eps_avg_yearly": 1.67,
            "eps_latest_yearly": 3.36,
            "eps_growth_yearly": 147.72
        },
        "20081": {
            "year_quarter": 20081,
            "year": 2008,
            "quarter": 1,
            "eps": 0.75,
            "eps_growth_year": -23.47,
            "eps_4q": 2.86,
            "eps_4q_growth_year": 61.21,
            "roe": 4.69,
            "roe_4q": 18.939999999999998,
            "gross_profit": 425634,
            "gross_margin": 25.68,
            "gross_margin_4q_avg": 22.8,
            "net_income": 199761,
            "revenue": 1657709,
            "common_shares": 2661233,
            "book_valuer_per_share": 16.18,
            "book_valuer_per_share_4q_avg": 15.5,
            "equity": 4305710,
            "current_ratio": 241.39,
            "debt_ratio": 25.89,
            "inventory_turnover_ratio": 1.48,
            "account_receivable_turnover_ratio": null,
            "reinvestment_rate": 58.58,
            "research_to_sale_ratio": null,
            "price_fair": 63.7,
            "eps_avg_yearly": 1.82,
            "eps_latest_yearly": 3,
            "eps_growth_yearly": 146.52
        },
        "20082": {
            "year_quarter": 20082,
            "year": 2008,
            "quarter": 2,
            "eps": 0.72,
            "eps_growth_year": 22.03,
            "eps_4q": 3.02,
            "eps_4q_growth_year": 50.09,
            "roe": 4.52,
            "roe_4q": 19.48,
            "gross_profit": 435459,
            "gross_margin": 23.81,
            "gross_margin_4q_avg": 23.58,
            "net_income": 191796,
            "revenue": 1828711,
            "common_shares": 2661233,
            "book_valuer_per_share": 15.7,
            "book_valuer_per_share_4q_avg": 15.72,
            "equity": 4177552,
            "current_ratio": 195.45,
            "debt_ratio": 32.19,
            "inventory_turnover_ratio": 1.45,
            "account_receivable_turnover_ratio": null,
            "reinvestment_rate": 59.08,
            "research_to_sale_ratio": null,
            "price_fair": 69.39,
            "eps_avg_yearly": 1.98,
            "eps_latest_yearly": 2.88,
            "eps_growth_yearly": 159.58
        },
        "20083": {
            "year_quarter": 20083,
            "year": 2008,
            "quarter": 3,
            "eps": 0.68,
            "eps_growth_year": -4.23,
            "eps_4q": 2.77,
            "eps_4q_growth_year": 15.32,
            "roe": 4.6,
            "roe_4q": 19.229999999999997,
            "gross_profit": 392037,
            "gross_margin": 20.67,
            "gross_margin_4q_avg": 23.16,
            "net_income": 199707,
            "revenue": 1896253,
            "common_shares": 2927356,
            "book_valuer_per_share": 15.4,
            "book_valuer_per_share_4q_avg": 15.78,
            "equity": 4508815,
            "current_ratio": 219.37,
            "debt_ratio": 29.47,
            "inventory_turnover_ratio": 1.29,
            "account_receivable_turnover_ratio": null,
            "reinvestment_rate": 61.09,
            "research_to_sale_ratio": null,
            "price_fair": 73.85,
            "eps_avg_yearly": 2.11,
            "eps_latest_yearly": 2.72,
            "eps_growth_yearly": 122.48
        },
        "20084": {
            "year_quarter": 20084,
            "year": 2008,
            "quarter": 4,
            "eps": -0.05,
            "eps_growth_year": -105.95,
            "eps_4q": 1.97,
            "eps_4q_growth_year": -35.29,
            "roe": -0.33,
            "roe_4q": 13.48,
            "gross_profit": 68524,
            "gross_margin": 5.18,
            "gross_margin_4q_avg": 18.84,
            "net_income": -14746,
            "revenue": 1322401,
            "common_shares": 2927356,
            "book_valuer_per_share": 15.22,
            "book_valuer_per_share_4q_avg": 15.63,
            "equity": 4456463,
            "current_ratio": 338.69,
            "debt_ratio": 19.08,
            "inventory_turnover_ratio": 1.1,
            "account_receivable_turnover_ratio": 4.36,
            "reinvestment_rate": 39.44,
            "research_to_sale_ratio": null,
            "price_fair": 76.53,
            "eps_avg_yearly": 2.19,
            "eps_latest_yearly": 2.72,
            "eps_growth_yearly": 119.66
        },
        "20091": {
            "year_quarter": 20091,
            "year": 2009,
            "quarter": 1,
            "eps": 0.47,
            "eps_growth_year": -37.33,
            "eps_4q": 1.75,
            "eps_4q_growth_year": -38.74,
            "roe": 3.01,
            "roe_4q": 11.799999999999999,
            "gross_profit": 301966,
            "gross_margin": 26.14,
            "gross_margin_4q_avg": 18.95,
            "net_income": 138101,
            "revenue": 1155345,
            "common_shares": 2927356,
            "book_valuer_per_share": 16.12,
            "book_valuer_per_share_4q_avg": 15.61,
            "equity": 4719600,
            "current_ratio": 377.16,
            "debt_ratio": 18.16,
            "inventory_turnover_ratio": 1.04,
            "account_receivable_turnover_ratio": 2.12,
            "reinvestment_rate": 68.35,
            "research_to_sale_ratio": null,
            "price_fair": 78.8,
            "eps_avg_yearly": 2.25,
            "eps_latest_yearly": 2.72,
            "eps_growth_yearly": 118.68
        },
        "20092": {
            "year_quarter": 20092,
            "year": 2009,
            "quarter": 2,
            "eps": 0.62,
            "eps_growth_year": -13.89,
            "eps_4q": 1.73,
            "eps_4q_growth_year": -42.77,
            "roe": 3.86,
            "roe_4q": 11.139999999999999,
            "gross_profit": 413123,
            "gross_margin": 31.13,
            "gross_margin_4q_avg": 20.78,
            "net_income": 180931,
            "revenue": 1327077,
            "common_shares": 2927356,
            "book_valuer_per_share": 15.91,
            "book_valuer_per_share_4q_avg": 15.66,
            "equity": 4656675,
            "current_ratio": 309.2,
            "debt_ratio": 21.76,
            "inventory_turnover_ratio": 1.31,
            "account_receivable_turnover_ratio": 2.65,
            "reinvestment_rate": 63.22,
            "research_to_sale_ratio": null,
            "price_fair": 80.3,
            "eps_avg_yearly": 2.29,
            "eps_latest_yearly": 2.48,
            "eps_growth_yearly": 114.41
        },
        "20093": {
            "year_quarter": 20093,
            "year": 2009,
            "quarter": 3,
            "eps": 0.36,
            "eps_growth_year": -47.06,
            "eps_4q": 1.32,
            "eps_4q_growth_year": -52.53,
            "roe": 2.44,
            "roe_4q": 8.979999999999999,
            "gross_profit": 322211,
            "gross_margin": 23.03,
            "gross_margin_4q_avg": 21.37,
            "net_income": 114471,
            "revenue": 1399272,
            "common_shares": 3161545,
            "book_valuer_per_share": 14.95,
            "book_valuer_per_share_4q_avg": 15.55,
            "equity": 4725022,
            "current_ratio": 361.64,
            "debt_ratio": 19.46,
            "inventory_turnover_ratio": 1.55,
            "account_receivable_turnover_ratio": 2.57,
            "reinvestment_rate": 61.62,
            "research_to_sale_ratio": null,
            "price_fair": 80.3,
            "eps_avg_yearly": 2.29,
            "eps_latest_yearly": 1.44,
            "eps_growth_yearly": 109.12
        },
        "20094": {
            "year_quarter": 20094,
            "year": 2009,
            "quarter": 4,
            "eps": 0.39,
            "eps_growth_year": null,
            "eps_4q": 1.76,
            "eps_4q_growth_year": -10.8,
            "roe": 2.55,
            "roe_4q": 11.86,
            "gross_profit": 265215,
            "gross_margin": 17.34,
            "gross_margin_4q_avg": 24.41,
            "net_income": 122069,
            "revenue": 1529407,
            "common_shares": 3161545,
            "book_valuer_per_share": 15.28,
            "book_valuer_per_share_4q_avg": 15.57,
            "equity": 4832027,
            "current_ratio": 409.46,
            "debt_ratio": 18.35,
            "inventory_turnover_ratio": 1.82,
            "account_receivable_turnover_ratio": 4.93,
            "reinvestment_rate": 31.11,
            "research_to_sale_ratio": null,
            "price_fair": 81.6,
            "eps_avg_yearly": 2.33,
            "eps_latest_yearly": 1.56,
            "eps_growth_yearly": 119.43
        },
        "20101": {
            "year_quarter": 20101,
            "year": 2010,
            "quarter": 1,
            "eps": 0.33,
            "eps_growth_year": -29.79,
            "eps_4q": 1.65,
            "eps_4q_growth_year": -5.87,
            "roe": 2.13,
            "roe_4q": 10.979999999999999,
            "gross_profit": 280208,
            "gross_margin": 16.07,
            "gross_margin_4q_avg": 21.89,
            "net_income": 104008,
            "revenue": 1743471,
            "common_shares": 3161545,
            "book_valuer_per_share": 15.54,
            "book_valuer_per_share_4q_avg": 15.42,
            "equity": 4913749,
            "current_ratio": 386.61,
            "debt_ratio": 19.55,
            "inventory_turnover_ratio": 1.62,
            "account_receivable_turnover_ratio": 2.61,
            "reinvestment_rate": 65.25,
            "research_to_sale_ratio": 0.74,
            "price_fair": 77.9,
            "eps_avg_yearly": 2.23,
            "eps_latest_yearly": 1.32,
            "eps_growth_yearly": 66.69
        },
        "20102": {
            "year_quarter": 20102,
            "year": 2010,
            "quarter": 2,
            "eps": 0.44,
            "eps_growth_year": -29.5,
            "eps_4q": 1.43,
            "eps_4q_growth_year": -16.94,
            "roe": 3.06,
            "roe_4q": 10.18,
            "gross_profit": 297180,
            "gross_margin": 15.74,
            "gross_margin_4q_avg": 18.05,
            "net_income": 149253,
            "revenue": 1888652,
            "common_shares": 3161545,
            "book_valuer_per_share": 15.34,
            "book_valuer_per_share_4q_avg": 15.28,
            "equity": 4848308,
            "current_ratio": 333.51,
            "debt_ratio": 21.21,
            "inventory_turnover_ratio": 1.37,
            "account_receivable_turnover_ratio": 2.65,
            "reinvestment_rate": 65.58,
            "research_to_sale_ratio": 0.74,
            "price_fair": 78.6,
            "eps_avg_yearly": 2.25,
            "eps_latest_yearly": 1.76,
            "eps_growth_yearly": 89.68
        },
        "20103": {
            "year_quarter": 20103,
            "year": 2010,
            "quarter": 3,
            "eps": 0.3,
            "eps_growth_year": -16.27,
            "eps_4q": 1.4,
            "eps_4q_growth_year": 6.36,
            "roe": 2.11,
            "roe_4q": 9.85,
            "gross_profit": 273015,
            "gross_margin": 13.76,
            "gross_margin_4q_avg": 15.73,
            "net_income": 102918,
            "revenue": 1984811,
            "common_shares": 3414469,
            "book_valuer_per_share": 14.42,
            "book_valuer_per_share_4q_avg": 15.15,
            "equity": 4923451,
            "current_ratio": 510.46,
            "debt_ratio": 15.51,
            "inventory_turnover_ratio": 1.48,
            "account_receivable_turnover_ratio": 2.75,
            "reinvestment_rate": 62.17,
            "research_to_sale_ratio": 0.74,
            "price_fair": 79.2,
            "eps_avg_yearly": 2.26,
            "eps_latest_yearly": 1.2,
            "eps_growth_yearly": 90.63
        },
        "20104": {
            "year_quarter": 20104,
            "year": 2010,
            "quarter": 4,
            "eps": 0.54,
            "eps_growth_year": 38.89,
            "eps_4q": 1.58,
            "eps_4q_growth_year": -9.81,
            "roe": 3.74,
            "roe_4q": 11.04,
            "gross_profit": 459945,
            "gross_margin": 19.24,
            "gross_margin_4q_avg": 16.2,
            "net_income": 184949,
            "revenue": 2391065,
            "common_shares": 3414469,
            "book_valuer_per_share": 14.54,
            "book_valuer_per_share_4q_avg": 14.96,
            "equity": 4965083,
            "current_ratio": 460.37,
            "debt_ratio": 17.33,
            "inventory_turnover_ratio": 1.8,
            "account_receivable_turnover_ratio": 3.13,
            "reinvestment_rate": 7.95,
            "research_to_sale_ratio": 0.56,
            "price_fair": 82.5,
            "eps_avg_yearly": 2.36,
            "eps_latest_yearly": 2.16,
            "eps_growth_yearly": 117.06
        },
        "20111": {
            "year_quarter": 20111,
            "year": 2011,
            "quarter": 1,
            "eps": 0.71,
            "eps_growth_year": 115.15,
            "eps_4q": 1.99,
            "eps_4q_growth_year": 20.42,
            "roe": 4.73,
            "roe_4q": 13.64,
            "gross_profit": 491450,
            "gross_margin": 18.73,
            "gross_margin_4q_avg": 16.87,
            "net_income": 241091,
            "revenue": 2623951,
            "common_shares": 3414469,
            "book_valuer_per_share": 15.32,
            "book_valuer_per_share_4q_avg": 14.91,
            "equity": 5230068,
            "current_ratio": 378.83,
            "debt_ratio": 20.52,
            "inventory_turnover_ratio": 1.93,
            "account_receivable_turnover_ratio": 3.01,
            "reinvestment_rate": 57.02,
            "research_to_sale_ratio": 0.6,
            "price_fair": 71.34,
            "eps_avg_yearly": 2.28,
            "eps_latest_yearly": 2.84,
            "eps_growth_yearly": 21.29
        },
        "20112": {
            "year_quarter": 20112,
            "year": 2011,
            "quarter": 2,
            "eps": 0.79,
            "eps_growth_year": 81.43,
            "eps_4q": 2.25,
            "eps_4q_growth_year": 57.17,
            "roe": 5.52,
            "roe_4q": 16.1,
            "gross_profit": 566103,
            "gross_margin": 18.18,
            "gross_margin_4q_avg": 17.48,
            "net_income": 287040,
            "revenue": 3113095,
            "common_shares": 3414469,
            "book_valuer_per_share": 15.16,
            "book_valuer_per_share_4q_avg": 14.86,
            "equity": 5176825,
            "current_ratio": 280.83,
            "debt_ratio": 26.53,
            "inventory_turnover_ratio": 2.16,
            "account_receivable_turnover_ratio": 3.3,
            "reinvestment_rate": 56.48,
            "research_to_sale_ratio": 0.67,
            "price_fair": 81.8,
            "eps_avg_yearly": 2.34,
            "eps_latest_yearly": 3.16,
            "eps_growth_yearly": 35.88
        },
        "20113": {
            "year_quarter": 20113,
            "year": 2011,
            "quarter": 3,
            "eps": 0.73,
            "eps_growth_year": 143.79,
            "eps_4q": 2.71,
            "eps_4q_growth_year": 93.13,
            "roe": 4.91,
            "roe_4q": 18.9,
            "gross_profit": 472942,
            "gross_margin": 16.06,
            "gross_margin_4q_avg": 18.05,
            "net_income": 265959,
            "revenue": 2944613,
            "common_shares": 3619337,
            "book_valuer_per_share": 15.65,
            "book_valuer_per_share_4q_avg": 15.17,
            "equity": 5664866,
            "current_ratio": 303.76,
            "debt_ratio": 24.25,
            "inventory_turnover_ratio": 1.74,
            "account_receivable_turnover_ratio": 3.08,
            "reinvestment_rate": 65.02,
            "research_to_sale_ratio": 0.68,
            "price_fair": 82,
            "eps_avg_yearly": 2.34,
            "eps_latest_yearly": 2.92,
            "eps_growth_yearly": 27.9
        },
        "20114": {
            "year_quarter": 20114,
            "year": 2011,
            "quarter": 4,
            "eps": 0.4,
            "eps_growth_year": -26.55,
            "eps_4q": 2.59,
            "eps_4q_growth_year": 63.55,
            "roe": 2.51,
            "roe_4q": 17.67,
            "gross_profit": 293730,
            "gross_margin": 11.05,
            "gross_margin_4q_avg": 16.01,
            "net_income": 144000,
            "revenue": 2657422,
            "common_shares": 3619337,
            "book_valuer_per_share": 16.04,
            "book_valuer_per_share_4q_avg": 15.54,
            "equity": 5805197,
            "current_ratio": 427.87,
            "debt_ratio": 16.9,
            "inventory_turnover_ratio": 1.78,
            "account_receivable_turnover_ratio": 2.79,
            "reinvestment_rate": 27.03,
            "research_to_sale_ratio": 0.83,
            "price_fair": 43.79,
            "eps_avg_yearly": 2.22,
            "eps_latest_yearly": 1.6,
            "eps_growth_yearly": 9.75
        },
        "20121": {
            "year_quarter": 20121,
            "year": 2012,
            "quarter": 1,
            "eps": 0.42,
            "eps_growth_year": -40.85,
            "eps_4q": 2.34,
            "eps_4q_growth_year": 17.98,
            "roe": 2.59,
            "roe_4q": 15.53,
            "gross_profit": 384058,
            "gross_margin": 14.83,
            "gross_margin_4q_avg": 15.03,
            "net_income": 151157,
            "revenue": 2589206,
            "common_shares": 3619337,
            "book_valuer_per_share": 16.24,
            "book_valuer_per_share_4q_avg": 15.77,
            "equity": 5878905,
            "current_ratio": 294.87,
            "debt_ratio": 23.18,
            "inventory_turnover_ratio": 1.58,
            "account_receivable_turnover_ratio": 2.97,
            "reinvestment_rate": 32.31,
            "research_to_sale_ratio": 0.72,
            "price_fair": 51.46,
            "eps_avg_yearly": 2.12,
            "eps_latest_yearly": 1.68,
            "eps_growth_yearly": 14.24
        },
        "20122": {
            "year_quarter": 20122,
            "year": 2012,
            "quarter": 2,
            "eps": 0.06,
            "eps_growth_year": -92.05,
            "eps_4q": 1.54,
            "eps_4q_growth_year": -31.71,
            "roe": 0.43,
            "roe_4q": 10.44,
            "gross_profit": 172378,
            "gross_margin": 7.17,
            "gross_margin_4q_avg": 12.28,
            "net_income": 23965,
            "revenue": 2405290,
            "common_shares": 3619337,
            "book_valuer_per_share": 14.86,
            "book_valuer_per_share_4q_avg": 15.7,
            "equity": 5379427,
            "current_ratio": 244.66,
            "debt_ratio": 25.79,
            "inventory_turnover_ratio": 1.37,
            "account_receivable_turnover_ratio": 3.01,
            "reinvestment_rate": 34.64,
            "research_to_sale_ratio": 1,
            "price_fair": 5.8,
            "eps_avg_yearly": 1.93,
            "eps_latest_yearly": 0.24,
            "eps_growth_yearly": -9.11
        },
        "20123": {
            "year_quarter": 20123,
            "year": 2012,
            "quarter": 3,
            "eps": 0.18,
            "eps_growth_year": -75.96,
            "eps_4q": 1.02,
            "eps_4q_growth_year": -62.43,
            "roe": 1.25,
            "roe_4q": 6.779999999999999,
            "gross_profit": 251584,
            "gross_margin": 10.19,
            "gross_margin_4q_avg": 10.81,
            "net_income": 67121,
            "revenue": 2469110,
            "common_shares": 3800304,
            "book_valuer_per_share": 14.15,
            "book_valuer_per_share_4q_avg": 15.32,
            "equity": 5379194,
            "current_ratio": 257.16,
            "debt_ratio": 24.08,
            "inventory_turnover_ratio": 1.62,
            "account_receivable_turnover_ratio": 3.19,
            "reinvestment_rate": 33.71,
            "research_to_sale_ratio": 0.94,
            "price_fair": 62.7,
            "eps_avg_yearly": 1.79,
            "eps_latest_yearly": 0.72,
            "eps_growth_yearly": 49.62
        },
        "20124": {
            "year_quarter": 20124,
            "year": 2012,
            "quarter": 4,
            "eps": 0.35,
            "eps_growth_year": -10.82,
            "eps_4q": 0.99,
            "eps_4q_growth_year": -61.72,
            "roe": 2.43,
            "roe_4q": 6.7,
            "gross_profit": 487060,
            "gross_margin": 18.65,
            "gross_margin_4q_avg": 12.71,
            "net_income": 134839,
            "revenue": 2611569,
            "common_shares": 3800304,
            "book_valuer_per_share": 14.67,
            "book_valuer_per_share_4q_avg": 14.98,
            "equity": 5725553,
            "current_ratio": 288.38,
            "debt_ratio": 20.3,
            "inventory_turnover_ratio": 1.48,
            "account_receivable_turnover_ratio": 3.32,
            "reinvestment_rate": 41.48,
            "research_to_sale_ratio": 2.72,
            "price_fair": 61.79,
            "eps_avg_yearly": 1.77,
            "eps_latest_yearly": 1.4,
            "eps_growth_yearly": 71.5
        },
        "20131": {
            "year_quarter": 20131,
            "year": 2013,
            "quarter": 1,
            "eps": 0.4,
            "eps_growth_year": -4.76,
            "eps_4q": 1,
            "eps_4q_growth_year": -57.49,
            "roe": 2.66,
            "roe_4q": 6.77,
            "gross_profit": 379701,
            "gross_margin": 15.61,
            "gross_margin_4q_avg": 12.91,
            "net_income": 153571,
            "revenue": 2432726,
            "common_shares": 3800304,
            "book_valuer_per_share": 14.94,
            "book_valuer_per_share_4q_avg": 14.66,
            "equity": 5823285,
            "current_ratio": 261.21,
            "debt_ratio": 24.76,
            "inventory_turnover_ratio": 1.27,
            "account_receivable_turnover_ratio": 2.86,
            "reinvestment_rate": 45.09,
            "research_to_sale_ratio": 0.99,
            "price_fair": 61.43,
            "eps_avg_yearly": 1.76,
            "eps_latest_yearly": 1.6,
            "eps_growth_yearly": 70.6
        },
        "20132": {
            "year_quarter": 20132,
            "year": 2013,
            "quarter": 2,
            "eps": 0.23,
            "eps_growth_year": 264.73,
            "eps_4q": 1.11,
            "eps_4q_growth_year": -27.65,
            "roe": 1.54,
            "roe_4q": 7.880000000000001,
            "gross_profit": 299378,
            "gross_margin": 13.59,
            "gross_margin_4q_avg": 14.51,
            "net_income": 89414,
            "revenue": 2202762,
            "common_shares": 3800304,
            "book_valuer_per_share": 14.82,
            "book_valuer_per_share_4q_avg": 14.65,
            "equity": 5779319,
            "current_ratio": 246.5,
            "debt_ratio": 26.2,
            "inventory_turnover_ratio": 1.17,
            "account_receivable_turnover_ratio": 2.68,
            "reinvestment_rate": 50.54,
            "research_to_sale_ratio": 1.2,
            "price_fair": 58.01,
            "eps_avg_yearly": 1.66,
            "eps_latest_yearly": 0.92,
            "eps_growth_yearly": 52
        },
        "20133": {
            "year_quarter": 20133,
            "year": 2013,
            "quarter": 3,
            "eps": 0.01,
            "eps_growth_year": -94.34,
            "eps_4q": 0.96,
            "eps_4q_growth_year": -5.64,
            "roe": 0.12,
            "roe_4q": 6.75,
            "gross_profit": 212756,
            "gross_margin": 10.81,
            "gross_margin_4q_avg": 14.67,
            "net_income": 7065,
            "revenue": 1967791,
            "common_shares": 3990319,
            "book_valuer_per_share": 14.04,
            "book_valuer_per_share_4q_avg": 14.62,
            "equity": 5749012,
            "current_ratio": 257.83,
            "debt_ratio": 26,
            "inventory_turnover_ratio": 1.2,
            "account_receivable_turnover_ratio": 2.31,
            "reinvestment_rate": 49.2,
            "research_to_sale_ratio": 1.09,
            "price_fair": 54.95,
            "eps_avg_yearly": 1.57,
            "eps_latest_yearly": 0.04,
            "eps_growth_yearly": 38.57
        },
        "20134": {
            "year_quarter": 20134,
            "year": 2013,
            "quarter": 4,
            "eps": 0.19,
            "eps_growth_year": -45.48,
            "eps_4q": 0.81,
            "eps_4q_growth_year": -17.91,
            "roe": 1.3,
            "roe_4q": 5.62,
            "gross_profit": 295798,
            "gross_margin": 15.32,
            "gross_margin_4q_avg": 13.83,
            "net_income": 75418,
            "revenue": 1930874,
            "common_shares": 3990319,
            "book_valuer_per_share": 14.39,
            "book_valuer_per_share_4q_avg": 14.55,
            "equity": 5887375,
            "current_ratio": 266.28,
            "debt_ratio": 25.22,
            "inventory_turnover_ratio": 1.16,
            "account_receivable_turnover_ratio": 2.24,
            "reinvestment_rate": 44.43,
            "research_to_sale_ratio": 1.27,
            "price_fair": 53.2,
            "eps_avg_yearly": 1.52,
            "eps_latest_yearly": 0.76,
            "eps_growth_yearly": 486.49
        },
        "20141": {
            "year_quarter": 20141,
            "year": 2014,
            "quarter": 1,
            "eps": 0.06,
            "eps_growth_year": -85,
            "eps_4q": 0.49,
            "eps_4q_growth_year": -50.63,
            "roe": 0.46,
            "roe_4q": 3.42,
            "gross_profit": 202320,
            "gross_margin": 11.49,
            "gross_margin_4q_avg": 12.8,
            "net_income": 27050,
            "revenue": 1761393,
            "common_shares": 3990319,
            "book_valuer_per_share": 14.42,
            "book_valuer_per_share_4q_avg": 14.42,
            "equity": 5904890,
            "current_ratio": 309.15,
            "debt_ratio": 22.4,
            "inventory_turnover_ratio": 1.02,
            "account_receivable_turnover_ratio": 2.16,
            "reinvestment_rate": 43.27,
            "research_to_sale_ratio": 1.26,
            "price_fair": 50.84,
            "eps_avg_yearly": 1.45,
            "eps_latest_yearly": 0.24,
            "eps_growth_yearly": 473.23
        },
        "20142": {
            "year_quarter": 20142,
            "year": 2014,
            "quarter": 2,
            "eps": 0.04,
            "eps_growth_year": -82.61,
            "eps_4q": 0.29,
            "eps_4q_growth_year": -73.73,
            "roe": 0.37,
            "roe_4q": 2.25,
            "gross_profit": 230498,
            "gross_margin": 11.06,
            "gross_margin_4q_avg": 12.17,
            "net_income": 21747,
            "revenue": 2084088,
            "common_shares": 3990319,
            "book_valuer_per_share": 13.9,
            "book_valuer_per_share_4q_avg": 14.19,
            "equity": 5704341,
            "current_ratio": 278.64,
            "debt_ratio": 24.28,
            "inventory_turnover_ratio": 1.31,
            "account_receivable_turnover_ratio": 2.27,
            "reinvestment_rate": 38.88,
            "research_to_sale_ratio": 1.05,
            "price_fair": 47.34,
            "eps_avg_yearly": 1.35,
            "eps_latest_yearly": 0.16,
            "eps_growth_yearly": 456.56
        },
        "20143": {
            "year_quarter": 20143,
            "year": 2014,
            "quarter": 3,
            "eps": 0.19,
            "eps_growth_year": 1800,
            "eps_4q": 0.47,
            "eps_4q_growth_year": -50.83,
            "roe": 1.54,
            "roe_4q": 3.67,
            "gross_profit": 318685,
            "gross_margin": 14.58,
            "gross_margin_4q_avg": 13.11,
            "net_income": 89377,
            "revenue": 2185532,
            "common_shares": 4149932,
            "book_valuer_per_share": 13.76,
            "book_valuer_per_share_4q_avg": 14.12,
            "equity": 5875407,
            "current_ratio": 341.02,
            "debt_ratio": 20.99,
            "inventory_turnover_ratio": 1.6,
            "account_receivable_turnover_ratio": 2.22,
            "reinvestment_rate": 40.28,
            "research_to_sale_ratio": 1.04,
            "price_fair": 46.38,
            "eps_avg_yearly": 1.33,
            "eps_latest_yearly": 0.76,
            "eps_growth_yearly": 558.26
        },
        "20144": {
            "year_quarter": 20144,
            "year": 2014,
            "quarter": 4,
            "eps": 0.27,
            "eps_growth_year": 39.78,
            "eps_4q": 0.56,
            "eps_4q_growth_year": -31.75,
            "roe": 1.99,
            "roe_4q": 4.36,
            "gross_profit": 357338,
            "gross_margin": 16.48,
            "gross_margin_4q_avg": 13.4,
            "net_income": 119162,
            "revenue": 2168160,
            "common_shares": 4149932,
            "book_valuer_per_share": 14.31,
            "book_valuer_per_share_4q_avg": 14.1,
            "equity": 6111695,
            "current_ratio": 333.01,
            "debt_ratio": 21.72,
            "inventory_turnover_ratio": 1.72,
            "account_receivable_turnover_ratio": 2.29,
            "reinvestment_rate": 45.52,
            "research_to_sale_ratio": 1.17,
            "price_fair": 44.01,
            "eps_avg_yearly": 1.26,
            "eps_latest_yearly": 1.08,
            "eps_growth_yearly": 548.79
        },
        "20151": {
            "year_quarter": 20151,
            "year": 2015,
            "quarter": 1,
            "eps": 0.54,
            "eps_growth_year": 800,
            "eps_4q": 1.03,
            "eps_4q_growth_year": 110.13,
            "roe": 3.71,
            "roe_4q": 7.61,
            "gross_profit": 479763,
            "gross_margin": 22.51,
            "gross_margin_4q_avg": 16.16,
            "net_income": 230463,
            "revenue": 2130874,
            "common_shares": 4149932,
            "book_valuer_per_share": 14.76,
            "book_valuer_per_share_4q_avg": 14.18,
            "equity": 6309726,
            "current_ratio": 437.76,
            "debt_ratio": 18.01,
            "inventory_turnover_ratio": 1.71,
            "account_receivable_turnover_ratio": 2.44,
            "reinvestment_rate": 37.87,
            "research_to_sale_ratio": 0.91,
            "price_fair": 42.53,
            "eps_avg_yearly": 1.22,
            "eps_latest_yearly": 2.16,
            "eps_growth_yearly": 565.92
        },
        "20152": {
            "year_quarter": 20152,
            "year": 2015,
            "quarter": 2,
            "eps": 0.74,
            "eps_growth_year": 1750,
            "eps_4q": 1.71,
            "eps_4q_growth_year": 484.54,
            "roe": 5.08,
            "roe_4q": 12.32,
            "gross_profit": 677932,
            "gross_margin": 25.99,
            "gross_margin_4q_avg": 19.89,
            "net_income": 324938,
            "revenue": 2607986,
            "common_shares": 4149932,
            "book_valuer_per_share": 15.15,
            "book_valuer_per_share_4q_avg": 14.5,
            "equity": 6479091,
            "current_ratio": 432.84,
            "debt_ratio": 18.39,
            "inventory_turnover_ratio": 2.22,
            "account_receivable_turnover_ratio": 2.75,
            "reinvestment_rate": 29.36,
            "research_to_sale_ratio": 0.8,
            "price_fair": 42.09,
            "eps_avg_yearly": 1.2,
            "eps_latest_yearly": 2.96,
            "eps_growth_yearly": 572.36
        },
        "20153": {
            "year_quarter": 20153,
            "year": 2015,
            "quarter": 3,
            "eps": 0.82,
            "eps_growth_year": 331.58,
            "eps_4q": 2.34,
            "eps_4q_growth_year": 396.45,
            "roe": 5.33,
            "roe_4q": 16.11,
            "gross_profit": 681357,
            "gross_margin": 26.19,
            "gross_margin_4q_avg": 22.79,
            "net_income": 358570,
            "revenue": 2601254,
            "common_shares": 4253680,
            "book_valuer_per_share": 15.95,
            "book_valuer_per_share_4q_avg": 15.04,
            "equity": 6971885,
            "current_ratio": 430.31,
            "debt_ratio": 18.61,
            "inventory_turnover_ratio": 2.1,
            "account_receivable_turnover_ratio": 2.29,
            "reinvestment_rate": 17.22,
            "research_to_sale_ratio": 0.97,
            "price_fair": 42.88,
            "eps_avg_yearly": 1.23,
            "eps_latest_yearly": 3.28,
            "eps_growth_yearly": 576.96
        },
        "20154": {
            "year_quarter": 20154,
            "year": 2015,
            "quarter": 4,
            "eps": 0.65,
            "eps_growth_year": 139.16,
            "eps_4q": 2.72,
            "eps_4q_growth_year": 389.96,
            "roe": 3.98,
            "roe_4q": 18.1,
            "gross_profit": 613712,
            "gross_margin": 26.39,
            "gross_margin_4q_avg": 25.27,
            "net_income": 280290,
            "revenue": 2325677,
            "common_shares": 4253680,
            "book_valuer_per_share": 16.3,
            "book_valuer_per_share_4q_avg": 15.54,
            "equity": 7126856,
            "current_ratio": 491.24,
            "debt_ratio": 17.37,
            "inventory_turnover_ratio": 1.75,
            "account_receivable_turnover_ratio": 2.16,
            "reinvestment_rate": -0.53,
            "research_to_sale_ratio": 1.2,
            "price_fair": 45.06,
            "eps_avg_yearly": 1.29,
            "eps_latest_yearly": 2.6,
            "eps_growth_yearly": 583.08
        },
        "20161": {
            "year_quarter": 20161,
            "year": 2016,
            "quarter": 1,
            "eps": 0.53,
            "eps_growth_year": -1.85,
            "eps_4q": 2.73,
            "eps_4q_growth_year": 163.9,
            "roe": 3.21,
            "roe_4q": 17.6,
            "gross_profit": 596822,
            "gross_margin": 26.51,
            "gross_margin_4q_avg": 26.27,
            "net_income": 231832,
            "revenue": 2251307,
            "common_shares": 4253680,
            "book_valuer_per_share": 16.76,
            "book_valuer_per_share_4q_avg": 16.04,
            "equity": 7328560,
            "current_ratio": 609.78,
            "debt_ratio": 14.94,
            "inventory_turnover_ratio": 1.86,
            "account_receivable_turnover_ratio": 2.35,
            "reinvestment_rate": -7.06,
            "research_to_sale_ratio": 1.02,
            "price_fair": 46.03,
            "eps_avg_yearly": 1.32,
            "eps_latest_yearly": 2.12,
            "eps_growth_yearly": 577.22
        },
        "20162": {
            "year_quarter": 20162,
            "year": 2016,
            "quarter": 2,
            "eps": 0.63,
            "eps_growth_year": -14.86,
            "eps_4q": 2.53,
            "eps_4q_growth_year": 47.6,
            "roe": 4.13,
            "roe_4q": 16.65,
            "gross_profit": 565861,
            "gross_margin": 24.06,
            "gross_margin_4q_avg": 25.79,
            "net_income": 289848,
            "revenue": 2351756,
            "common_shares": 4253680,
            "book_valuer_per_share": 15.26,
            "book_valuer_per_share_4q_avg": 16.07,
            "equity": 6699754,
            "current_ratio": 315.88,
            "debt_ratio": 24.6,
            "inventory_turnover_ratio": 2.2,
            "account_receivable_turnover_ratio": 2.24,
            "reinvestment_rate": -13.25,
            "research_to_sale_ratio": 0.9,
            "price_fair": 51.01,
            "eps_avg_yearly": 1.46,
            "eps_latest_yearly": 2.52,
            "eps_growth_yearly": 603.36
        },
        "20163": {
            "year_quarter": 20163,
            "year": 2016,
            "quarter": 3,
            "eps": 0.25,
            "eps_growth_year": -69.51,
            "eps_4q": 2,
            "eps_4q_growth_year": -14.75,
            "roe": 1.79,
            "roe_4q": 13.11,
            "gross_profit": 450068,
            "gross_margin": 19.49,
            "gross_margin_4q_avg": 24.11,
            "net_income": 119927,
            "revenue": 2309020,
            "common_shares": 4466364,
            "book_valuer_per_share": 14.53,
            "book_valuer_per_share_4q_avg": 15.71,
            "equity": 6694354,
            "current_ratio": 509.33,
            "debt_ratio": 16.83,
            "inventory_turnover_ratio": 2.18,
            "account_receivable_turnover_ratio": 1.95,
            "reinvestment_rate": -18.34,
            "research_to_sale_ratio": 0.92,
            "price_fair": 51.63,
            "eps_avg_yearly": 1.48,
            "eps_latest_yearly": 1,
            "eps_growth_yearly": 538.28
        },
        "20164": {
            "year_quarter": 20164,
            "year": 2016,
            "quarter": 4,
            "eps": 0.33,
            "eps_growth_year": -48.66,
            "eps_4q": 1.71,
            "eps_4q_growth_year": -37.15,
            "roe": 2.37,
            "roe_4q": 11.5,
            "gross_profit": 387124,
            "gross_margin": 14.95,
            "gross_margin_4q_avg": 21.25,
            "net_income": 160309,
            "revenue": 2589968,
            "common_shares": 4466364,
            "book_valuer_per_share": 14.8,
            "book_valuer_per_share_4q_avg": 15.34,
            "equity": 6824379,
            "current_ratio": 493.72,
            "debt_ratio": 17.82,
            "inventory_turnover_ratio": 2.3,
            "account_receivable_turnover_ratio": 2.08,
            "reinvestment_rate": -32.23,
            "research_to_sale_ratio": 1.02,
            "price_fair": 51.45,
            "eps_avg_yearly": 1.47,
            "eps_latest_yearly": 1.32,
            "eps_growth_yearly": 522.67
        },
        "20171": {
            "year_quarter": 20171,
            "year": 2017,
            "quarter": 1,
            "eps": 0.37,
            "eps_growth_year": -30.19,
            "eps_4q": 1.58,
            "eps_4q_growth_year": -42.18,
            "roe": 2.59,
            "roe_4q": 10.879999999999999,
            "gross_profit": 554926,
            "gross_margin": 18.63,
            "gross_margin_4q_avg": 19.28,
            "net_income": 177085,
            "revenue": 2978570,
            "common_shares": 4466364,
            "book_valuer_per_share": 14.8,
            "book_valuer_per_share_4q_avg": 14.85,
            "equity": 6837382,
            "current_ratio": 516.98,
            "debt_ratio": 16.99,
            "inventory_turnover_ratio": 2.05,
            "account_receivable_turnover_ratio": 2.19,
            "reinvestment_rate": -36.71,
            "research_to_sale_ratio": 0.73,
            "price_fair": 51.19,
            "eps_avg_yearly": 1.46,
            "eps_latest_yearly": 1.48,
            "eps_growth_yearly": 522.13
        },
        "20172": {
            "year_quarter": 20172,
            "year": 2017,
            "quarter": 2,
            "eps": 0.27,
            "eps_growth_year": -57.14,
            "eps_4q": 1.17,
            "eps_4q_growth_year": -53.54,
            "roe": 2.11,
            "roe_4q": 8.86,
            "gross_profit": 394243,
            "gross_margin": 15.31,
            "gross_margin_4q_avg": 17.1,
            "net_income": 141754,
            "revenue": 2574381,
            "common_shares": 4466364,
            "book_valuer_per_share": 14.2,
            "book_valuer_per_share_4q_avg": 14.58,
            "equity": 6585340,
            "current_ratio": 384.68,
            "debt_ratio": 20.88,
            "inventory_turnover_ratio": 1.73,
            "account_receivable_turnover_ratio": 2,
            "reinvestment_rate": -36.81,
            "research_to_sale_ratio": 0.8,
            "price_fair": 51.54,
            "eps_avg_yearly": 1.47,
            "eps_latest_yearly": 1.08,
            "eps_growth_yearly": 526
        },
        "20173": {
            "year_quarter": 20173,
            "year": 2017,
            "quarter": 3,
            "eps": 0.44,
            "eps_growth_year": 76,
            "eps_4q": 1.37,
            "eps_4q_growth_year": -31.25,
            "roe": 3.28,
            "roe_4q": 10.35,
            "gross_profit": 535083,
            "gross_margin": 18.65,
            "gross_margin_4q_avg": 16.89,
            "net_income": 220579,
            "revenue": 2868699,
            "common_shares": 4689683,
            "book_valuer_per_share": 14.04,
            "book_valuer_per_share_4q_avg": 14.46,
            "equity": 6844580,
            "current_ratio": 476.63,
            "debt_ratio": 17.73,
            "inventory_turnover_ratio": 2.2,
            "account_receivable_turnover_ratio": 2.31,
            "reinvestment_rate": -30.52,
            "research_to_sale_ratio": 0.66,
            "price_fair": 55.3,
            "eps_avg_yearly": 1.58,
            "eps_latest_yearly": 1.76,
            "eps_growth_yearly": 565.65
        },
        "20174": {
            "year_quarter": 20174,
            "year": 2017,
            "quarter": 4,
            "eps": 0.68,
            "eps_growth_year": 104.7,
            "eps_4q": 1.74,
            "eps_4q_growth_year": 1.38,
            "roe": 4.82,
            "roe_4q": 12.799999999999999,
            "gross_profit": 741136,
            "gross_margin": 22.97,
            "gross_margin_4q_avg": 18.89,
            "net_income": 338483,
            "revenue": 3225953,
            "common_shares": 4689683,
            "book_valuer_per_share": 14.75,
            "book_valuer_per_share_4q_avg": 14.45,
            "equity": 7194142,
            "current_ratio": 457.76,
            "debt_ratio": 18.46,
            "inventory_turnover_ratio": 2.69,
            "account_receivable_turnover_ratio": 2.29,
            "reinvestment_rate": -29.55,
            "research_to_sale_ratio": 0.69,
            "price_fair": 59.59,
            "eps_avg_yearly": 1.7,
            "eps_latest_yearly": 2.72,
            "eps_growth_yearly": 129.29
        },
        "20181": {
            "year_quarter": 20181,
            "year": 2018,
            "quarter": 1,
            "eps": 0.57,
            "eps_growth_year": 54.05,
            "eps_4q": 1.96,
            "eps_4q_growth_year": 24.14,
            "roe": 3.85,
            "roe_4q": 14.059999999999999,
            "gross_profit": 744787,
            "gross_margin": 24.33,
            "gross_margin_4q_avg": 20.32,
            "net_income": 283091,
            "revenue": 3060932,
            "common_shares": 4689683,
            "book_valuer_per_share": 15.36,
            "book_valuer_per_share_4q_avg": 14.59,
            "equity": 7495417,
            "current_ratio": 535.12,
            "debt_ratio": 16.95,
            "inventory_turnover_ratio": 2.36,
            "account_receivable_turnover_ratio": 2.2,
            "reinvestment_rate": -33.11,
            "research_to_sale_ratio": 0.65,
            "price_fair": 64.05,
            "eps_avg_yearly": 1.83,
            "eps_latest_yearly": 2.28,
            "eps_growth_yearly": 142.35
        },
        "20182": {
            "year_quarter": 20182,
            "year": 2018,
            "quarter": 2,
            "eps": 0.88,
            "eps_growth_year": 225.93,
            "eps_4q": 2.49,
            "eps_4q_growth_year": 112.24,
            "roe": 5.99,
            "roe_4q": 17.94,
            "gross_profit": 758460,
            "gross_margin": 23.05,
            "gross_margin_4q_avg": 22.25,
            "net_income": 449295,
            "revenue": 3290774,
            "common_shares": 4689683,
            "book_valuer_per_share": 15.33,
            "book_valuer_per_share_4q_avg": 14.87,
            "equity": 7498500,
            "current_ratio": 382.96,
            "debt_ratio": 22.07,
            "inventory_turnover_ratio": 2.45,
            "account_receivable_turnover_ratio": 2.29,
            "reinvestment_rate": -27.03,
            "research_to_sale_ratio": 0.61,
            "price_fair": 71.4,
            "eps_avg_yearly": 2.04,
            "eps_latest_yearly": 3.52,
            "eps_growth_yearly": 164.28
        },
        "20183": {
            "year_quarter": 20183,
            "year": 2018,
            "quarter": 3,
            "eps": 0.95,
            "eps_growth_year": 115.91,
            "eps_4q": 3.02,
            "eps_4q_growth_year": 120.15,
            "roe": 6.22,
            "roe_4q": 20.880000000000003,
            "gross_profit": 871690,
            "gross_margin": 22.1,
            "gross_margin_4q_avg": 23.11,
            "net_income": 477847,
            "revenue": 3945198,
            "common_shares": 4924167,
            "book_valuer_per_share": 15.33,
            "book_valuer_per_share_4q_avg": 15.19,
            "equity": 7865626,
            "current_ratio": 452.9,
            "debt_ratio": 19.24,
            "inventory_turnover_ratio": 2.82,
            "account_receivable_turnover_ratio": 2.39,
            "reinvestment_rate": -24.27,
            "research_to_sale_ratio": 0.64,
            "price_fair": 78.05,
            "eps_avg_yearly": 2.23,
            "eps_latest_yearly": 3.8,
            "eps_growth_yearly": 72.52
        },
        "20184": {
            "year_quarter": 20184,
            "year": 2018,
            "quarter": 4,
            "eps": 0.74,
            "eps_growth_year": 9.41,
            "eps_4q": 3.12,
            "eps_4q_growth_year": 79.6,
            "roe": 4.72,
            "roe_4q": 20.78,
            "gross_profit": 879670,
            "gross_margin": 25.04,
            "gross_margin_4q_avg": 23.63,
            "net_income": 381497,
            "revenue": 3512928,
            "common_shares": 4924167,
            "book_valuer_per_share": 16.16,
            "book_valuer_per_share_4q_avg": 15.55,
            "equity": 8292979,
            "current_ratio": 482.52,
            "debt_ratio": 18.35,
            "inventory_turnover_ratio": 2.4,
            "account_receivable_turnover_ratio": 2.04,
            "reinvestment_rate": -21.48,
            "research_to_sale_ratio": 0.67,
            "price_fair": 82.16,
            "eps_avg_yearly": 2.35,
            "eps_latest_yearly": 2.96,
            "eps_growth_yearly": 56.47
        },
        "20191": {
            "year_quarter": 20191,
            "year": 2019,
            "quarter": 1,
            "eps": 0.91,
            "eps_growth_year": 59.65,
            "eps_4q": 3.48,
            "eps_4q_growth_year": 77.87,
            "roe": 5.41,
            "roe_4q": 22.339999999999996,
            "gross_profit": 904950,
            "gross_margin": 28.52,
            "gross_margin_4q_avg": 24.68,
            "net_income": 463606,
            "revenue": 3172773,
            "common_shares": 4924167,
            "book_valuer_per_share": 17.23,
            "book_valuer_per_share_4q_avg": 16.01,
            "equity": 8832768,
            "current_ratio": 585.82,
            "debt_ratio": 16.52,
            "inventory_turnover_ratio": 2.01,
            "account_receivable_turnover_ratio": 2.07,
            "reinvestment_rate": -18.7,
            "research_to_sale_ratio": 0.75,
            "price_fair": 85.4,
            "eps_avg_yearly": 2.44,
            "eps_latest_yearly": 3.64,
            "eps_growth_yearly": 37.21
        },
        "20192": {
            "year_quarter": 20192,
            "year": 2019,
            "quarter": 2,
            "eps": 0.82,
            "eps_growth_year": -6.82,
            "eps_4q": 3.42,
            "eps_4q_growth_year": 37.23,
            "roe": 4.86,
            "roe_4q": 21.209999999999997,
            "gross_profit": 815593,
            "gross_margin": 26.88,
            "gross_margin_4q_avg": 25.64,
            "net_income": 416277,
            "revenue": 3033885,
            "common_shares": 4924167,
            "book_valuer_per_share": 16.16,
            "book_valuer_per_share_4q_avg": 16.22,
            "equity": 8301340,
            "current_ratio": 369.06,
            "debt_ratio": 23.72,
            "inventory_turnover_ratio": 1.85,
            "account_receivable_turnover_ratio": 2.17,
            "reinvestment_rate": -17.53,
            "research_to_sale_ratio": 0.74,
            "price_fair": 86.1,
            "eps_avg_yearly": 2.46,
            "eps_latest_yearly": 3.28,
            "eps_growth_yearly": 25.48
        },
        "20193": {
            "year_quarter": 20193,
            "year": 2019,
            "quarter": 3,
            "eps": 0.55,
            "eps_growth_year": -42.11,
            "eps_4q": 3.02,
            "eps_4q_growth_year": -0.01,
            "roe": 3.36,
            "roe_4q": 18.35,
            "gross_profit": 741950,
            "gross_margin": 23.13,
            "gross_margin_4q_avg": 25.89,
            "net_income": 282342,
            "revenue": 3207949,
            "common_shares": 4924167,
            "book_valuer_per_share": 16.52,
            "book_valuer_per_share_4q_avg": 16.52,
            "equity": 8487435,
            "current_ratio": 492.35,
            "debt_ratio": 18.37,
            "inventory_turnover_ratio": 2.42,
            "account_receivable_turnover_ratio": 2.15,
            "reinvestment_rate": -20.38,
            "research_to_sale_ratio": 0.7,
            "price_fair": 58.72,
            "eps_avg_yearly": 2.39,
            "eps_latest_yearly": 2.2,
            "eps_growth_yearly": 14.54
        },
        "20194": {
            "year_quarter": 20194,
            "year": 2019,
            "quarter": 4,
            "eps": 0.62,
            "eps_growth_year": -16.54,
            "eps_4q": 2.9,
            "eps_4q_growth_year": -7.05,
            "roe": 3.7,
            "roe_4q": 17.330000000000002,
            "gross_profit": 758223,
            "gross_margin": 25.47,
            "gross_margin_4q_avg": 26,
            "net_income": 319227,
            "revenue": 2977229,
            "common_shares": 4924167,
            "book_valuer_per_share": 17.01,
            "book_valuer_per_share_4q_avg": 16.73,
            "equity": 8745659,
            "current_ratio": 496.42,
            "debt_ratio": 18.04,
            "inventory_turnover_ratio": 2.51,
            "account_receivable_turnover_ratio": 1.95,
            "reinvestment_rate": -18.5,
            "research_to_sale_ratio": 0.79,
            "price_fair": 78.49,
            "eps_avg_yearly": 2.39,
            "eps_latest_yearly": 2.48,
            "eps_growth_yearly": 22.91
        },
        "20201": {
            "year_quarter": 20201,
            "year": 2020,
            "quarter": 1,
            "eps": 0.73,
            "eps_growth_year": -19.78,
            "eps_4q": 2.72,
            "eps_4q_growth_year": -21.83,
            "roe": 4.21,
            "roe_4q": 16.13,
            "gross_profit": 740589,
            "gross_margin": 27.97,
            "gross_margin_4q_avg": 25.86,
            "net_income": 375888,
            "revenue": 2647984,
            "common_shares": 4924167,
            "book_valuer_per_share": 17.72,
            "book_valuer_per_share_4q_avg": 16.85,
            "equity": 9110261,
            "current_ratio": 593.44,
            "debt_ratio": 15.82,
            "inventory_turnover_ratio": 1.98,
            "account_receivable_turnover_ratio": 2.01,
            "reinvestment_rate": -16.46,
            "research_to_sale_ratio": 0.82,
            "price_fair": 85.23,
            "eps_avg_yearly": 2.44,
            "eps_latest_yearly": 2.92,
            "eps_growth_yearly": 31.96
        },
        "20202": {
            "year_quarter": 20202,
            "year": 2020,
            "quarter": 2,
            "eps": 0.85,
            "eps_growth_year": 3.66,
            "eps_4q": 2.76,
            "eps_4q_growth_year": -19.24,
            "roe": 5.01,
            "roe_4q": 16.279999999999998,
            "gross_profit": 943463,
            "gross_margin": 34.81,
            "gross_margin_4q_avg": 27.85,
            "net_income": 438180,
            "revenue": 2710036,
            "common_shares": 4924167,
            "book_valuer_per_share": 16.26,
            "book_valuer_per_share_4q_avg": 16.88,
            "equity": 8388740,
            "current_ratio": 301.77,
            "debt_ratio": 27.01,
            "inventory_turnover_ratio": 1.87,
            "account_receivable_turnover_ratio": 2.4,
            "reinvestment_rate": -14.02,
            "research_to_sale_ratio": 0.9,
            "price_fair": 87.15,
            "eps_avg_yearly": 2.49,
            "eps_latest_yearly": 3.4,
            "eps_growth_yearly": 31.35
        },
        "20203": {
            "year_quarter": 20203,
            "year": 2020,
            "quarter": 3,
            "eps": 1.66,
            "eps_growth_year": 201.82,
            "eps_4q": 3.86,
            "eps_4q_growth_year": 27.93,
            "roe": 9.45,
            "roe_4q": 22.369999999999997,
            "gross_profit": 1582978,
            "gross_margin": 45.9,
            "gross_margin_4q_avg": 33.54,
            "net_income": 832598,
            "revenue": 3448926,
            "common_shares": 4924167,
            "book_valuer_per_share": 17.94,
            "book_valuer_per_share_4q_avg": 17.23,
            "equity": 9232626,
            "current_ratio": 473.57,
            "debt_ratio": 18.37,
            "inventory_turnover_ratio": 2.27,
            "account_receivable_turnover_ratio": 2.72,
            "reinvestment_rate": -8.86,
            "research_to_sale_ratio": 0.79,
            "price_fair": 99.49,
            "eps_avg_yearly": 2.84,
            "eps_latest_yearly": 6.64,
            "eps_growth_yearly": 70.25
        },
        "20204": {
            "year_quarter": 20204,
            "year": 2020,
            "quarter": 4,
            "eps": 3.96,
            "eps_growth_year": 538.68,
            "eps_4q": 7.21,
            "eps_4q_growth_year": 148.74,
            "roe": 19.24,
            "roe_4q": 37.91,
            "gross_profit": 3211429,
            "gross_margin": 57.39,
            "gross_margin_4q_avg": 41.52,
            "net_income": 1973559,
            "revenue": 5595779,
            "common_shares": 4924167,
            "book_valuer_per_share": 22.07,
            "book_valuer_per_share_4q_avg": 18.5,
            "equity": 11287410,
            "current_ratio": 393.16,
            "debt_ratio": 21.67,
            "inventory_turnover_ratio": 2.72,
            "account_receivable_turnover_ratio": 2.9,
            "reinvestment_rate": -3.92,
            "research_to_sale_ratio": 0.71,
            "price_fair": 131.25,
            "eps_avg_yearly": 3.75,
            "eps_latest_yearly": 15.84,
            "eps_growth_yearly": 96.89
        },
        "20211": {
            "year_quarter": 20211,
            "year": 2021,
            "quarter": 1,
            "eps": 5.45,
            "eps_growth_year": 646.58,
            "eps_4q": 11.92,
            "eps_4q_growth_year": 337.98,
            "roe": 23.27,
            "roe_4q": 56.96999999999999,
            "gross_profit": 4270507,
            "gross_margin": 61.42,
            "gross_margin_4q_avg": 49.88,
            "net_income": 2712943,
            "revenue": 6952651,
            "common_shares": 4924167,
            "book_valuer_per_share": 23.51,
            "book_valuer_per_share_4q_avg": 19.95,
            "equity": 12025095,
            "current_ratio": 261.76,
            "debt_ratio": 32.25,
            "inventory_turnover_ratio": 2.53,
            "account_receivable_turnover_ratio": 2.72,
            "reinvestment_rate": -2.87,
            "research_to_sale_ratio": 0.62,
            "price_fair": 175.7,
            "eps_avg_yearly": 5.02,
            "eps_latest_yearly": 21.8,
            "eps_growth_yearly": 103.27
        },
        "20212": {
            "year_quarter": 20212,
            "year": 2021,
            "quarter": 2,
            "eps": 5.15,
            "eps_growth_year": 505.88,
            "eps_4q": 16.22,
            "eps_4q_growth_year": 487.63,
            "roe": 19.33,
            "roe_4q": 71.28999999999999,
            "gross_profit": 3987176,
            "gross_margin": 55.34,
            "gross_margin_4q_avg": 55.01,
            "net_income": 2568046,
            "revenue": 7205177,
            "common_shares": 4924167,
            "book_valuer_per_share": 28.56,
            "book_valuer_per_share_4q_avg": 23.02,
            "equity": 14547023,
            "current_ratio": 399.1,
            "debt_ratio": 21.97,
            "inventory_turnover_ratio": 2.52,
            "account_receivable_turnover_ratio": 2.56,
            "reinvestment_rate": -2,
            "research_to_sale_ratio": 0.46,
            "price_fair": 218.4,
            "eps_avg_yearly": 6.24,
            "eps_latest_yearly": 20.6,
            "eps_growth_yearly": 108.65
        },
        "20213": {
            "year_quarter": 20213,
            "year": 2021,
            "quarter": 3,
            "eps": 3,
            "eps_growth_year": 80.72,
            "eps_4q": 17.56,
            "eps_4q_growth_year": 354.4,
            "roe": 9.94,
            "roe_4q": 71.77999999999999,
            "gross_profit": 2496588,
            "gross_margin": 45.77,
            "gross_margin_4q_avg": 54.98,
            "net_income": 1520691,
            "revenue": 5454948,
            "common_shares": 4924167,
            "book_valuer_per_share": 31.54,
            "book_valuer_per_share_4q_avg": 26.42,
            "equity": 16037347,
            "current_ratio": 467.1,
            "debt_ratio": 19.47,
            "inventory_turnover_ratio": 2.21,
            "account_receivable_turnover_ratio": 2.05,
            "reinvestment_rate": -0.99,
            "research_to_sale_ratio": 0.28,
            "price_fair": 240.8,
            "eps_avg_yearly": 6.88,
            "eps_latest_yearly": 12,
            "eps_growth_yearly": 82.47
        },
        "20214": {
            "year_quarter": 20214,
            "year": 2021,
            "quarter": 4,
            "eps": 1.32,
            "eps_growth_year": -66.6,
            "eps_4q": 14.92,
            "eps_4q_growth_year": 107.01,
            "roe": 4.23,
            "roe_4q": 56.769999999999996,
            "gross_profit": 1486245,
            "gross_margin": 38.06,
            "gross_margin_4q_avg": 50.15,
            "net_income": 693127,
            "revenue": 3904964,
            "common_shares": 4924167,
            "book_valuer_per_share": 32.91,
            "book_valuer_per_share_4q_avg": 29.13,
            "equity": 16752733,
            "current_ratio": 468.16,
            "debt_ratio": 19.27,
            "inventory_turnover_ratio": 1.98,
            "account_receivable_turnover_ratio": 1.85,
            "reinvestment_rate": 0.18,
            "research_to_sale_ratio": 0.53,
            "price_fair": 246.4,
            "eps_avg_yearly": 7.04,
            "eps_latest_yearly": 5.28,
            "eps_growth_yearly": 54.84
        },
        "20221": {
            "year_quarter": 20221,
            "year": 2022,
            "quarter": 1,
            "eps": 1.17,
            "eps_growth_year": -78.53,
            "eps_4q": 10.64,
            "eps_4q_growth_year": -10.73,
            "roe": 3.96,
            "roe_4q": 37.46,
            "gross_profit": 1068876,
            "gross_margin": 30.58,
            "gross_margin_4q_avg": 42.44,
            "net_income": 613479,
            "revenue": 3494991,
            "common_shares": 4924167,
            "book_valuer_per_share": 27.65,
            "book_valuer_per_share_4q_avg": 30.17,
            "equity": 14198048,
            "current_ratio": 272.99,
            "debt_ratio": 31.86,
            "inventory_turnover_ratio": 1.96,
            "account_receivable_turnover_ratio": 2.17,
            "reinvestment_rate": 2.14,
            "research_to_sale_ratio": 0.74,
            "price_fair": 251.65,
            "eps_avg_yearly": 7.19,
            "eps_latest_yearly": 4.68,
            "eps_growth_yearly": 56.04
        },
        "20222": {
            "year_quarter": 20222,
            "year": 2022,
            "quarter": 2,
            "eps": 0.75,
            "eps_growth_year": -85.44,
            "eps_4q": 6.25,
            "eps_4q_growth_year": -61.48,
            "roe": 2.89,
            "roe_4q": 21.02,
            "gross_profit": 980456,
            "gross_margin": 28.53,
            "gross_margin_4q_avg": 35.74,
            "net_income": 417419,
            "revenue": 3436622,
            "common_shares": 4924167,
            "book_valuer_per_share": 28.7,
            "book_valuer_per_share_4q_avg": 30.2,
            "equity": 14738282,
            "current_ratio": 667.9,
            "debt_ratio": 13.96,
            "inventory_turnover_ratio": 1.64,
            "account_receivable_turnover_ratio": 2.57,
            "reinvestment_rate": 2.23,
            "research_to_sale_ratio": 0.68,
            "price_fair": 250.51,
            "eps_avg_yearly": 7.16,
            "eps_latest_yearly": 3,
            "eps_growth_yearly": 33.47
        },
        "20223": {
            "year_quarter": 20223,
            "year": 2022,
            "quarter": 3,
            "eps": 0.33,
            "eps_growth_year": -89,
            "eps_4q": 3.58,
            "eps_4q_growth_year": -79.62,
            "roe": 1.43,
            "roe_4q": 12.510000000000002,
            "gross_profit": 537808,
            "gross_margin": 21.39,
            "gross_margin_4q_avg": 29.64,
            "net_income": 214838,
            "revenue": 2514805,
            "common_shares": 4924167,
            "book_valuer_per_share": 29.42,
            "book_valuer_per_share_4q_avg": 29.67,
            "equity": 15275711,
            "current_ratio": 741.97,
            "debt_ratio": 12.88,
            "inventory_turnover_ratio": 1.18,
            "account_receivable_turnover_ratio": 2.23,
            "reinvestment_rate": 2.26,
            "research_to_sale_ratio": 0.95,
            "price_fair": 192.43,
            "eps_avg_yearly": 7,
            "eps_latest_yearly": 1.32,
            "eps_growth_yearly": 17.48
        },
        "20224": {
            "year_quarter": 20224,
            "year": 2022,
            "quarter": 4,
            "eps": 0.17,
            "eps_growth_year": -87.3,
            "eps_4q": 2.42,
            "eps_4q_growth_year": -83.77,
            "roe": 0.85,
            "roe_4q": 9.129999999999999,
            "gross_profit": 494573,
            "gross_margin": 22.26,
            "gross_margin_4q_avg": 25.69,
            "net_income": 130632,
            "revenue": 2222125,
            "common_shares": 4924167,
            "book_valuer_per_share": 29.29,
            "book_valuer_per_share_4q_avg": 28.77,
            "equity": 15318965,
            "current_ratio": 819.09,
            "debt_ratio": 11.94,
            "inventory_turnover_ratio": 1.05,
            "account_receivable_turnover_ratio": 2.48,
            "reinvestment_rate": 2.23,
            "research_to_sale_ratio": 0.92,
            "price_fair": 143.27,
            "eps_avg_yearly": 6.86,
            "eps_latest_yearly": 0.68,
            "eps_growth_yearly": 10.89
        },
        "20231": {
            "year_quarter": 20231,
            "year": 2023,
            "quarter": 1,
            "eps": 0.36,
            "eps_growth_year": -69.23,
            "eps_4q": 1.61,
            "eps_4q_growth_year": -84.85,
            "roe": 1.48,
            "roe_4q": 6.65,
            "gross_profit": 530035,
            "gross_margin": 23.68,
            "gross_margin_4q_avg": 23.97,
            "net_income": 221566,
            "revenue": 2238084,
            "common_shares": 4924167,
            "book_valuer_per_share": 27.63,
            "book_valuer_per_share_4q_avg": 28.76,
            "equity": 14545951,
            "current_ratio": 597.4,
            "debt_ratio": 15.27,
            "inventory_turnover_ratio": 1.06,
            "account_receivable_turnover_ratio": 2.77,
            "reinvestment_rate": 2.44,
            "research_to_sale_ratio": 0.88,
            "price_fair": 235.29,
            "eps_avg_yearly": 6.72,
            "eps_latest_yearly": 1.44,
            "eps_growth_yearly": 33.08
        }
    },
    "months": {
        "2001-06": {
            "month": "2001-06",
            "price": "8.17",
            "revenue": 171519
        },
        "2001-07": {
            "month": "2001-07",
            "price": "8.53",
            "revenue": 204520
        },
        "2001-08": {
            "month": "2001-08",
            "price": "9.94",
            "revenue": 201284
        },
        "2001-09": {
            "month": "2001-09",
            "price": "9.39",
            "revenue": 186993
        },
        "2001-10": {
            "month": "2001-10",
            "price": "10.17",
            "revenue": 212383
        },
        "2001-11": {
            "month": "2001-11",
            "price": "11.07",
            "revenue": 235599
        },
        "2001-12": {
            "month": "2001-12",
            "price": "13.12",
            "revenue": 210197
        },
        "2002-01": {
            "month": "2002-01",
            "price": "14.01",
            "revenue": 212616
        },
        "2002-02": {
            "month": "2002-02",
            "price": "14.58",
            "revenue": 140219
        },
        "2002-03": {
            "month": "2002-03",
            "price": "15.37",
            "revenue": 193407
        },
        "2002-04": {
            "month": "2002-04",
            "price": "16.17",
            "revenue": 196476
        },
        "2002-05": {
            "month": "2002-05",
            "price": "17.24",
            "revenue": 206173
        },
        "2002-06": {
            "month": "2002-06",
            "price": "18.25",
            "revenue": 178299
        },
        "2002-07": {
            "month": "2002-07",
            "price": "17.87",
            "revenue": 190886
        },
        "2002-08": {
            "month": "2002-08",
            "price": "15.25",
            "revenue": 185874
        },
        "2002-09": {
            "month": "2002-09",
            "price": "13.31",
            "revenue": 190520
        },
        "2002-10": {
            "month": "2002-10",
            "price": "12.21",
            "revenue": 229372
        },
        "2002-11": {
            "month": "2002-11",
            "price": "14.00",
            "revenue": 206102
        },
        "2002-12": {
            "month": "2002-12",
            "price": "15.68",
            "revenue": 223025
        },
        "2003-01": {
            "month": "2003-01",
            "price": "15.85",
            "revenue": 195590
        },
        "2003-02": {
            "month": "2003-02",
            "price": "14.00",
            "revenue": 207721
        },
        "2003-03": {
            "month": "2003-03",
            "price": "12.95",
            "revenue": 194480
        },
        "2003-04": {
            "month": "2003-04",
            "price": "13.19",
            "revenue": 229040
        },
        "2003-05": {
            "month": "2003-05",
            "price": "12.66",
            "revenue": 204351
        },
        "2003-06": {
            "month": "2003-06",
            "price": "13.47",
            "revenue": 182859
        },
        "2003-07": {
            "month": "2003-07",
            "price": "13.07",
            "revenue": 208332
        },
        "2003-08": {
            "month": "2003-08",
            "price": "12.43",
            "revenue": 193380
        },
        "2003-09": {
            "month": "2003-09",
            "price": "11.95",
            "revenue": 207755
        },
        "2003-10": {
            "month": "2003-10",
            "price": "12.26",
            "revenue": 221533
        },
        "2003-11": {
            "month": "2003-11",
            "price": "12.60",
            "revenue": 204778
        },
        "2003-12": {
            "month": "2003-12",
            "price": "12.60",
            "revenue": 233501
        },
        "2004-01": {
            "month": "2004-01",
            "price": "12.86",
            "revenue": 171307
        },
        "2004-02": {
            "month": "2004-02",
            "price": "13.79",
            "revenue": 259802
        },
        "2004-03": {
            "month": "2004-03",
            "price": "13.38",
            "revenue": 234438
        },
        "2004-04": {
            "month": "2004-04",
            "price": "12.37",
            "revenue": 238935
        },
        "2004-05": {
            "month": "2004-05",
            "price": "10.66",
            "revenue": 212274
        },
        "2004-06": {
            "month": "2004-06",
            "price": "10.41",
            "revenue": 240538
        },
        "2004-07": {
            "month": "2004-07",
            "price": "10.40",
            "revenue": 224931
        },
        "2004-08": {
            "month": "2004-08",
            "price": "10.11",
            "revenue": 225008
        },
        "2004-09": {
            "month": "2004-09",
            "price": "10.46",
            "revenue": 219835
        },
        "2004-10": {
            "month": "2004-10",
            "price": "10.46",
            "revenue": 247331
        },
        "2004-11": {
            "month": "2004-11",
            "price": "10.21",
            "revenue": 253633
        },
        "2004-12": {
            "month": "2004-12",
            "price": "10.36",
            "revenue": 251336
        },
        "2005-01": {
            "month": "2005-01",
            "price": "10.79",
            "revenue": 221369
        },
        "2005-02": {
            "month": "2005-02",
            "price": "10.94",
            "revenue": 194889
        },
        "2005-03": {
            "month": "2005-03",
            "price": "11.07",
            "revenue": 260537
        },
        "2005-04": {
            "month": "2005-04",
            "price": "11.12",
            "revenue": 252913
        },
        "2005-05": {
            "month": "2005-05",
            "price": "11.75",
            "revenue": 253155
        },
        "2005-06": {
            "month": "2005-06",
            "price": "12.32",
            "revenue": 222807
        },
        "2005-07": {
            "month": "2005-07",
            "price": "13.29",
            "revenue": 189615
        },
        "2005-08": {
            "month": "2005-08",
            "price": "13.50",
            "revenue": 235497
        },
        "2005-09": {
            "month": "2005-09",
            "price": "13.17",
            "revenue": 261204
        },
        "2005-10": {
            "month": "2005-10",
            "price": "13.52",
            "revenue": 256941
        },
        "2005-11": {
            "month": "2005-11",
            "price": "13.17",
            "revenue": 274693
        },
        "2005-12": {
            "month": "2005-12",
            "price": "13.34",
            "revenue": 256736
        },
        "2006-01": {
            "month": "2006-01",
            "price": "13.14",
            "revenue": 238309
        },
        "2006-02": {
            "month": "2006-02",
            "price": "12.95",
            "revenue": 226676
        },
        "2006-03": {
            "month": "2006-03",
            "price": "12.97",
            "revenue": 287045
        },
        "2006-04": {
            "month": "2006-04",
            "price": "13.75",
            "revenue": 261772
        },
        "2006-05": {
            "month": "2006-05",
            "price": "14.95",
            "revenue": 243029
        },
        "2006-06": {
            "month": "2006-06",
            "price": "13.72",
            "revenue": 290793
        },
        "2006-07": {
            "month": "2006-07",
            "price": "14.34",
            "revenue": 259239
        },
        "2006-08": {
            "month": "2006-08",
            "price": "14.56",
            "revenue": 272697
        },
        "2006-09": {
            "month": "2006-09",
            "price": "13.81",
            "revenue": 281460
        },
        "2006-10": {
            "month": "2006-10",
            "price": "15.73",
            "revenue": 298256
        },
        "2006-11": {
            "month": "2006-11",
            "price": "17.55",
            "revenue": 282543
        },
        "2006-12": {
            "month": "2006-12",
            "price": "19.62",
            "revenue": 306789
        },
        "2007-01": {
            "month": "2007-01",
            "price": "19.40",
            "revenue": 302539
        },
        "2007-02": {
            "month": "2007-02",
            "price": "19.38",
            "revenue": 239304
        },
        "2007-03": {
            "month": "2007-03",
            "price": "18.42",
            "revenue": 353769
        },
        "2007-04": {
            "month": "2007-04",
            "price": "20.32",
            "revenue": 348289
        },
        "2007-05": {
            "month": "2007-05",
            "price": "20.79",
            "revenue": 348192
        },
        "2007-06": {
            "month": "2007-06",
            "price": "25.87",
            "revenue": 312402
        },
        "2007-07": {
            "month": "2007-07",
            "price": "30.59",
            "revenue": 271306
        },
        "2007-08": {
            "month": "2007-08",
            "price": "30.97",
            "revenue": 326448
        },
        "2007-09": {
            "month": "2007-09",
            "price": "36.30",
            "revenue": 297616
        },
        "2007-10": {
            "month": "2007-10",
            "price": "34.18",
            "revenue": 325983
        },
        "2007-11": {
            "month": "2007-11",
            "price": "29.66",
            "revenue": 331405
        },
        "2007-12": {
            "month": "2007-12",
            "price": "27.33",
            "revenue": 325611
        },
        "2008-01": {
            "month": "2008-01",
            "price": "27.35",
            "revenue": 350648
        },
        "2008-02": {
            "month": "2008-02",
            "price": "27.64",
            "revenue": 326341
        },
        "2008-03": {
            "month": "2008-03",
            "price": "30.48",
            "revenue": 351594
        },
        "2008-04": {
            "month": "2008-04",
            "price": "33.38",
            "revenue": 352980
        },
        "2008-05": {
            "month": "2008-05",
            "price": "36.93",
            "revenue": 371476
        },
        "2008-06": {
            "month": "2008-06",
            "price": "35.38",
            "revenue": 341853
        },
        "2008-07": {
            "month": "2008-07",
            "price": "30.78",
            "revenue": 361413
        },
        "2008-08": {
            "month": "2008-08",
            "price": "27.30",
            "revenue": 393382
        },
        "2008-09": {
            "month": "2008-09",
            "price": "24.42",
            "revenue": 419655
        },
        "2008-10": {
            "month": "2008-10",
            "price": "19.11",
            "revenue": 380296
        },
        "2008-11": {
            "month": "2008-11",
            "price": "17.97",
            "revenue": 339260
        },
        "2008-12": {
            "month": "2008-12",
            "price": "16.22",
            "revenue": 270965
        },
        "2009-01": {
            "month": "2009-01",
            "price": "16.81",
            "revenue": 187852
        },
        "2009-02": {
            "month": "2009-02",
            "price": "15.64",
            "revenue": 226462
        },
        "2009-03": {
            "month": "2009-03",
            "price": "17.76",
            "revenue": 279194
        },
        "2009-04": {
            "month": "2009-04",
            "price": "22.82",
            "revenue": 292119
        },
        "2009-05": {
            "month": "2009-05",
            "price": "24.92",
            "revenue": 258356
        },
        "2009-06": {
            "month": "2009-06",
            "price": "23.14",
            "revenue": 268464
        },
        "2009-07": {
            "month": "2009-07",
            "price": "23.89",
            "revenue": 276412
        },
        "2009-08": {
            "month": "2009-08",
            "price": "24.47",
            "revenue": 289724
        },
        "2009-09": {
            "month": "2009-09",
            "price": "23.64",
            "revenue": 342944
        },
        "2009-10": {
            "month": "2009-10",
            "price": "22.89",
            "revenue": 328359
        },
        "2009-11": {
            "month": "2009-11",
            "price": "20.94",
            "revenue": 334651
        },
        "2009-12": {
            "month": "2009-12",
            "price": "23.05",
            "revenue": 358334
        },
        "2010-01": {
            "month": "2010-01",
            "price": "22.61",
            "revenue": 343755
        },
        "2010-02": {
            "month": "2010-02",
            "price": "20.69",
            "revenue": 341786
        },
        "2010-03": {
            "month": "2010-03",
            "price": "22.23",
            "revenue": 434807
        },
        "2010-04": {
            "month": "2010-04",
            "price": "23.26",
            "revenue": 437340
        },
        "2010-05": {
            "month": "2010-05",
            "price": "21.36",
            "revenue": 409719
        },
        "2010-06": {
            "month": "2010-06",
            "price": "21.21",
            "revenue": 312910
        },
        "2010-07": {
            "month": "2010-07",
            "price": "21.50",
            "revenue": 369695
        },
        "2010-08": {
            "month": "2010-08",
            "price": "21.23",
            "revenue": 344835
        },
        "2010-09": {
            "month": "2010-09",
            "price": "20.96",
            "revenue": 372549
        },
        "2010-10": {
            "month": "2010-10",
            "price": "21.26",
            "revenue": 431078
        },
        "2010-11": {
            "month": "2010-11",
            "price": "20.67",
            "revenue": 471812
        },
        "2010-12": {
            "month": "2010-12",
            "price": "21.10",
            "revenue": 488955
        },
        "2011-01": {
            "month": "2011-01",
            "price": "25.76",
            "revenue": 517091
        },
        "2011-02": {
            "month": "2011-02",
            "price": "26.16",
            "revenue": 491745
        },
        "2011-03": {
            "month": "2011-03",
            "price": "25.09",
            "revenue": 514585
        },
        "2011-04": {
            "month": "2011-04",
            "price": "28.80",
            "revenue": 564402
        },
        "2011-05": {
            "month": "2011-05",
            "price": "28.32",
            "revenue": 558572
        },
        "2011-06": {
            "month": "2011-06",
            "price": "27.83",
            "revenue": 629649
        },
        "2011-07": {
            "month": "2011-07",
            "price": "31.72",
            "revenue": 600373
        },
        "2011-08": {
            "month": "2011-08",
            "price": "31.18",
            "revenue": 620894
        },
        "2011-09": {
            "month": "2011-09",
            "price": "28.42",
            "revenue": 551042
        },
        "2011-10": {
            "month": "2011-10",
            "price": "25.53",
            "revenue": 586995
        },
        "2011-11": {
            "month": "2011-11",
            "price": "25.34",
            "revenue": 412949
        },
        "2011-12": {
            "month": "2011-12",
            "price": "23.52",
            "revenue": 556627
        },
        "2012-01": {
            "month": "2012-01",
            "price": "23.98",
            "revenue": 451427
        },
        "2012-02": {
            "month": "2012-02",
            "price": "26.31",
            "revenue": 564967
        },
        "2012-03": {
            "month": "2012-03",
            "price": "27.01",
            "revenue": 481635
        },
        "2012-04": {
            "month": "2012-04",
            "price": "25.31",
            "revenue": 500742
        },
        "2012-05": {
            "month": "2012-05",
            "price": "25.14",
            "revenue": 520338
        },
        "2012-06": {
            "month": "2012-06",
            "price": "25.83",
            "revenue": 413293
        },
        "2012-07": {
            "month": "2012-07",
            "price": "26.23",
            "revenue": 434512
        },
        "2012-08": {
            "month": "2012-08",
            "price": "25.49",
            "revenue": 441879
        },
        "2012-09": {
            "month": "2012-09",
            "price": "22.48",
            "revenue": 454294
        },
        "2012-10": {
            "month": "2012-10",
            "price": "19.98",
            "revenue": 413005
        },
        "2012-11": {
            "month": "2012-11",
            "price": "17.33",
            "revenue": 401015
        },
        "2012-12": {
            "month": "2012-12",
            "price": "18.04",
            "revenue": 433646
        },
        "2013-01": {
            "month": "2013-01",
            "price": "19.16",
            "revenue": 928577
        },
        "2013-02": {
            "month": "2013-02",
            "price": "20.07",
            "revenue": 708095
        },
        "2013-03": {
            "month": "2013-03",
            "price": "19.52",
            "revenue": 799276
        },
        "2013-04": {
            "month": "2013-04",
            "price": "19.95",
            "revenue": 785279
        },
        "2013-05": {
            "month": "2013-05",
            "price": "20.20",
            "revenue": 793495
        },
        "2013-06": {
            "month": "2013-06",
            "price": "19.73",
            "revenue": 609543
        },
        "2013-07": {
            "month": "2013-07",
            "price": "19.39",
            "revenue": 569894
        },
        "2013-08": {
            "month": "2013-08",
            "price": "18.81",
            "revenue": 706143
        },
        "2013-09": {
            "month": "2013-09",
            "price": "19.97",
            "revenue": 682841
        },
        "2013-10": {
            "month": "2013-10",
            "price": "21.68",
            "revenue": 677643
        },
        "2013-11": {
            "month": "2013-11",
            "price": "19.63",
            "revenue": 568616
        },
        "2013-12": {
            "month": "2013-12",
            "price": "19.20",
            "revenue": 678572
        },
        "2014-01": {
            "month": "2014-01",
            "price": "19.59",
            "revenue": 554024
        },
        "2014-02": {
            "month": "2014-02",
            "price": "19.24",
            "revenue": 488399
        },
        "2014-03": {
            "month": "2014-03",
            "price": "18.81",
            "revenue": 712125
        },
        "2014-04": {
            "month": "2014-04",
            "price": "19.16",
            "revenue": 739238
        },
        "2014-05": {
            "month": "2014-05",
            "price": "18.67",
            "revenue": 645899
        },
        "2014-06": {
            "month": "2014-06",
            "price": "18.00",
            "revenue": 703803
        },
        "2014-07": {
            "month": "2014-07",
            "price": "17.71",
            "revenue": 677742
        },
        "2014-08": {
            "month": "2014-08",
            "price": "16.67",
            "revenue": 734822
        },
        "2014-09": {
            "month": "2014-09",
            "price": "16.47",
            "revenue": 773631
        },
        "2014-10": {
            "month": "2014-10",
            "price": "15.64",
            "revenue": 696361
        },
        "2014-11": {
            "month": "2014-11",
            "price": "15.40",
            "revenue": 760539
        },
        "2014-12": {
            "month": "2014-12",
            "price": "15.76",
            "revenue": 721557
        },
        "2015-01": {
            "month": "2015-01",
            "price": "16.34",
            "revenue": 705578
        },
        "2015-02": {
            "month": "2015-02",
            "price": "16.07",
            "revenue": 632355
        },
        "2015-03": {
            "month": "2015-03",
            "price": "16.72",
            "revenue": 790147
        },
        "2015-04": {
            "month": "2015-04",
            "price": "19.16",
            "revenue": 872745
        },
        "2015-05": {
            "month": "2015-05",
            "price": "23.45",
            "revenue": 883446
        },
        "2015-06": {
            "month": "2015-06",
            "price": "26.61",
            "revenue": 846501
        },
        "2015-07": {
            "month": "2015-07",
            "price": "25.85",
            "revenue": 829468
        },
        "2015-08": {
            "month": "2015-08",
            "price": "23.69",
            "revenue": 873924
        },
        "2015-09": {
            "month": "2015-09",
            "price": "25.52",
            "revenue": 908208
        },
        "2015-10": {
            "month": "2015-10",
            "price": "28.10",
            "revenue": 829688
        },
        "2015-11": {
            "month": "2015-11",
            "price": "27.60",
            "revenue": 706089
        },
        "2015-12": {
            "month": "2015-12",
            "price": "24.94",
            "revenue": 787029
        },
        "2016-01": {
            "month": "2016-01",
            "price": "23.13",
            "revenue": 753813
        },
        "2016-02": {
            "month": "2016-02",
            "price": "23.98",
            "revenue": 640423
        },
        "2016-03": {
            "month": "2016-03",
            "price": "26.11",
            "revenue": 854589
        },
        "2016-04": {
            "month": "2016-04",
            "price": "27.74",
            "revenue": 765944
        },
        "2016-05": {
            "month": "2016-05",
            "price": "26.08",
            "revenue": 846514
        },
        "2016-06": {
            "month": "2016-06",
            "price": "25.98",
            "revenue": 733787
        },
        "2016-07": {
            "month": "2016-07",
            "price": "26.85",
            "revenue": 716089
        },
        "2016-08": {
            "month": "2016-08",
            "price": "23.83",
            "revenue": 791342
        },
        "2016-09": {
            "month": "2016-09",
            "price": "22.94",
            "revenue": 799631
        },
        "2016-10": {
            "month": "2016-10",
            "price": "23.15",
            "revenue": 849124
        },
        "2016-11": {
            "month": "2016-11",
            "price": "21.86",
            "revenue": 788176
        },
        "2016-12": {
            "month": "2016-12",
            "price": "21.93",
            "revenue": 932321
        },
        "2017-01": {
            "month": "2017-01",
            "price": "22.36",
            "revenue": 952290
        },
        "2017-02": {
            "month": "2017-02",
            "price": "23.56",
            "revenue": 1084535
        },
        "2017-03": {
            "month": "2017-03",
            "price": "24.93",
            "revenue": 947134
        },
        "2017-04": {
            "month": "2017-04",
            "price": "23.81",
            "revenue": 965026
        },
        "2017-05": {
            "month": "2017-05",
            "price": "23.53",
            "revenue": 792531
        },
        "2017-06": {
            "month": "2017-06",
            "price": "23.67",
            "revenue": 810816
        },
        "2017-07": {
            "month": "2017-07",
            "price": "24.05",
            "revenue": 877274
        },
        "2017-08": {
            "month": "2017-08",
            "price": "22.06",
            "revenue": 973628
        },
        "2017-09": {
            "month": "2017-09",
            "price": "22.01",
            "revenue": 1018607
        },
        "2017-10": {
            "month": "2017-10",
            "price": "21.86",
            "revenue": 919987
        },
        "2017-11": {
            "month": "2017-11",
            "price": "22.71",
            "revenue": 988645
        },
        "2017-12": {
            "month": "2017-12",
            "price": "23.27",
            "revenue": 1046304
        },
        "2018-01": {
            "month": "2018-01",
            "price": "23.38",
            "revenue": 1045274
        },
        "2018-02": {
            "month": "2018-02",
            "price": "22.57",
            "revenue": 802695
        },
        "2018-03": {
            "month": "2018-03",
            "price": "23.16",
            "revenue": 1212386
        },
        "2018-04": {
            "month": "2018-04",
            "price": "24.84",
            "revenue": 1020453
        },
        "2018-05": {
            "month": "2018-05",
            "price": "25.78",
            "revenue": 1063921
        },
        "2018-06": {
            "month": "2018-06",
            "price": "28.34",
            "revenue": 1207701
        },
        "2018-07": {
            "month": "2018-07",
            "price": "29.08",
            "revenue": 1231196
        },
        "2018-08": {
            "month": "2018-08",
            "price": "31.20",
            "revenue": 1291597
        },
        "2018-09": {
            "month": "2018-09",
            "price": "31.00",
            "revenue": 1416360
        },
        "2018-10": {
            "month": "2018-10",
            "price": "29.12",
            "revenue": 1236373
        },
        "2018-11": {
            "month": "2018-11",
            "price": "29.01",
            "revenue": 1117212
        },
        "2018-12": {
            "month": "2018-12",
            "price": "28.45",
            "revenue": 1168167
        },
        "2019-01": {
            "month": "2019-01",
            "price": "28.87",
            "revenue": 1161018
        },
        "2019-02": {
            "month": "2019-02",
            "price": "31.23",
            "revenue": 894723
        },
        "2019-03": {
            "month": "2019-03",
            "price": "34.46",
            "revenue": 1116967
        },
        "2019-04": {
            "month": "2019-04",
            "price": "32.44",
            "revenue": 1110347
        },
        "2019-05": {
            "month": "2019-05",
            "price": "34.54",
            "revenue": 979306
        },
        "2019-06": {
            "month": "2019-06",
            "price": "35.86",
            "revenue": 940377
        },
        "2019-07": {
            "month": "2019-07",
            "price": "35.68",
            "revenue": 916278
        },
        "2019-08": {
            "month": "2019-08",
            "price": "32.10",
            "revenue": 1172970
        },
        "2019-09": {
            "month": "2019-09",
            "price": "32.10",
            "revenue": 1122633
        },
        "2019-10": {
            "month": "2019-10",
            "price": "31.67",
            "revenue": 980848
        },
        "2019-11": {
            "month": "2019-11",
            "price": "30.37",
            "revenue": 1014760
        },
        "2019-12": {
            "month": "2019-12",
            "price": "29.56",
            "revenue": 981621
        },
        "2020-01": {
            "month": "2020-01",
            "price": "30.17",
            "revenue": 914258
        },
        "2020-02": {
            "month": "2020-02",
            "price": "29.94",
            "revenue": 768911
        },
        "2020-03": {
            "month": "2020-03",
            "price": "26.75",
            "revenue": 964815
        },
        "2020-04": {
            "month": "2020-04",
            "price": "28.69",
            "revenue": 949619
        },
        "2020-05": {
            "month": "2020-05",
            "price": "35.78",
            "revenue": 978470
        },
        "2020-06": {
            "month": "2020-06",
            "price": "37.90",
            "revenue": 781948
        },
        "2020-07": {
            "month": "2020-07",
            "price": "37.10",
            "revenue": 962783
        },
        "2020-08": {
            "month": "2020-08",
            "price": "39.71",
            "revenue": 1122938
        },
        "2020-09": {
            "month": "2020-09",
            "price": "48.93",
            "revenue": 1363278
        },
        "2020-10": {
            "month": "2020-10",
            "price": "61.22",
            "revenue": 1442770
        },
        "2020-11": {
            "month": "2020-11",
            "price": "64.50",
            "revenue": 1882620
        },
        "2020-12": {
            "month": "2020-12",
            "price": "60.51",
            "revenue": 2273889
        },
        "2021-01": {
            "month": "2021-01",
            "price": "59.48",
            "revenue": 2492328
        },
        "2021-02": {
            "month": "2021-02",
            "price": "60.78",
            "revenue": 2021065
        },
        "2021-03": {
            "month": "2021-03",
            "price": "79.04",
            "revenue": 2440735
        },
        "2021-04": {
            "month": "2021-04",
            "price": "139.05",
            "revenue": 2628840
        },
        "2021-05": {
            "month": "2021-05",
            "price": "131.12",
            "revenue": 2400094
        },
        "2021-06": {
            "month": "2021-06",
            "price": "144.26",
            "revenue": 2174738
        },
        "2021-07": {
            "month": "2021-07",
            "price": "128.34",
            "revenue": 1868777
        },
        "2021-08": {
            "month": "2021-08",
            "price": "115.32",
            "revenue": 1876130
        },
        "2021-09": {
            "month": "2021-09",
            "price": "100.16",
            "revenue": 1710059
        },
        "2021-10": {
            "month": "2021-10",
            "price": "85.11",
            "revenue": 1416901
        },
        "2021-11": {
            "month": "2021-11",
            "price": "82.26",
            "revenue": 1229045
        },
        "2021-12": {
            "month": "2021-12",
            "price": "83.51",
            "revenue": 1259030
        },
        "2022-01": {
            "month": "2022-01",
            "price": "84.92",
            "revenue": 1145232
        },
        "2022-02": {
            "month": "2022-02",
            "price": "80.77",
            "revenue": 1006947
        },
        "2022-03": {
            "month": "2022-03",
            "price": "73.33",
            "revenue": 1342812
        },
        "2022-04": {
            "month": "2022-04",
            "price": "56.69",
            "revenue": 1254311
        },
        "2022-05": {
            "month": "2022-05",
            "price": "50.57",
            "revenue": 1194167
        },
        "2022-06": {
            "month": "2022-06",
            "price": "47.92",
            "revenue": 987809
        },
        "2022-07": {
            "month": "2022-07",
            "price": "41.78",
            "revenue": 732110
        },
        "2022-08": {
            "month": "2022-08",
            "price": "41.93",
            "revenue": 832859
        },
        "2022-09": {
            "month": "2022-09",
            "price": "39.28",
            "revenue": 950143
        },
        "2022-10": {
            "month": "2022-10",
            "price": "35.08",
            "revenue": 736661
        },
        "2022-11": {
            "month": "2022-11",
            "price": "36.19",
            "revenue": 746777
        },
        "2022-12": {
            "month": "2022-12",
            "price": "38.03",
            "revenue": 738686
        },
        "2023-01": {
            "month": "2023-01",
            "price": "38.82",
            "revenue": 600238
        },
        "2023-02": {
            "month": "2023-02",
            "price": "41.45",
            "revenue": 856096
        },
        "2023-03": {
            "month": "2023-03",
            "price": "42.71",
            "revenue": 781751
        },
        "2023-04": {
            "month": "2023-04",
            "price": "39.21",
            "revenue": 787137
        },
        "2023-05": {
            "month": "2023-05",
            "price": "38.97",
            "revenue": 757320
        }
    }
}
