{
    "summary": {
        "stock_name": "華豐",
        "stock_id": "2109",
        "category": "橡膠",
        "main_business": "橡膠.塑膠製品之製造.加工及內外銷.<br>有關上項之進出口業務.<br>經營上項附帶業務.",
        "website_url": "http://www.duro.com.tw",
        "ceo": "王嶠奇",
        "pe_ratio": 13,
        "report_year_from": 2001,
        "report_year_to": 2023,
        "age": 23,
        "eps_negative_percentage": 35,
        "eps_growth_avg": {
            "last_all": -18.56,
            "last_2y": 0.25,
            "last_4y": 25.19,
            "last_8y": -20.17,
            "last_12y": -5.15,
            "last_16y": -24.12,
            "last_20y": -27.68,
            "at_2006_last_3y": -39.57,
            "at_2007_last_3y": -69.23,
            "at_2008_last_3y": -100,
            "at_2009_last_3y": -100,
            "at_2010_last_3y": -100,
            "at_2011_last_3y": -100,
            "at_2012_last_3y": -100,
            "at_2013_last_3y": -100,
            "at_2014_last_3y": 100,
            "at_2015_last_3y": 6.46,
            "at_2016_last_3y": -13.97,
            "at_2017_last_3y": -35.48,
            "at_2018_last_3y": -80.64,
            "at_2019_last_3y": -77.42,
            "at_2020_last_3y": 0,
            "at_2021_last_3y": 58.56,
            "at_2022_last_3y": 32.63,
            "at_2023_last_3y": 25.19,
            "at_2024_last_3y": 25.19,
            "at_2006_last_all": -4.68,
            "at_2007_last_all": -4.68,
            "at_2008_last_all": -23.74,
            "at_2009_last_all": -23.74,
            "at_2010_last_all": -36.45,
            "at_2011_last_all": -36.45,
            "at_2012_last_all": -36.45,
            "at_2013_last_all": -36.45,
            "at_2014_last_all": -16.96,
            "at_2015_last_all": -25.73,
            "at_2016_last_all": -28.96,
            "at_2017_last_all": -36.06,
            "at_2018_last_all": -36.06,
            "at_2019_last_all": -36.06,
            "at_2020_last_all": -23.7,
            "at_2021_last_all": -20.29,
            "at_2022_last_all": -20.21,
            "at_2023_last_all": -18.56,
            "at_2024_last_all": -18.56
        },
        "latest_eps": 1.13,
        "latest_price": 14.6,
        "latest_roe": 8.39,
        "latest_gross_margin": 25.41,
        "latest_equity": 4838832,
        "latest_revenue": 1198865,
        "latest_gross_profit": 304649,
        "latest_net_income": 165293,
        "latest_debt_ratio": 39.06,
        "latest_current_ratio": 155.3,
        "latest_account_receivable_turnover_ratio": 1.75,
        "latest_inventory_turnover_ratio": 0.93,
        "latest_reinvestment_rate": -37.17,
        "latest_research_to_sale_ratio": 0.51
    },
    "eps_dividends": {
        "1998": {
            "cash": 0,
            "stock": 1.2,
            "eps": 0
        },
        "2000": {
            "cash": 0,
            "stock": 1.2,
            "eps": 0
        },
        "2001": {
            "cash": 0,
            "stock": 0,
            "eps": 0.35
        },
        "2002": {
            "cash": 0.2,
            "stock": 0.15,
            "eps": 0.76
        },
        "2003": {
            "cash": 0,
            "stock": 0.75,
            "eps": 0.91
        },
        "2004": {
            "cash": 0,
            "stock": 0.72,
            "eps": 0.56
        },
        "2005": {
            "cash": 0.22,
            "stock": 0.15,
            "eps": -0.34
        },
        "2006": {
            "cash": 0,
            "stock": 0,
            "eps": -0.31
        },
        "2007": {
            "cash": 0,
            "stock": 0,
            "eps": 0.15
        },
        "2008": {
            "cash": 0,
            "stock": 0.1,
            "eps": -0.18
        },
        "2009": {
            "cash": 0,
            "stock": 0,
            "eps": 0.48
        },
        "2010": {
            "cash": 0,
            "stock": 0,
            "eps": -0.5
        },
        "2011": {
            "cash": 0,
            "stock": 0,
            "eps": -0.01
        },
        "2012": {
            "cash": 0,
            "stock": 0,
            "eps": -0.43
        },
        "2013": {
            "cash": 0,
            "stock": 0,
            "eps": 0.91
        },
        "2014": {
            "cash": 0.28,
            "stock": 0,
            "eps": 2.4
        },
        "2015": {
            "cash": 1.2,
            "stock": 0,
            "eps": 0.31
        },
        "2016": {
            "cash": 0.2,
            "stock": 0.2,
            "eps": 0.14
        },
        "2017": {
            "cash": 0.2,
            "stock": 0,
            "eps": -2.94
        },
        "2018": {
            "cash": 0,
            "stock": 0,
            "eps": -0.76
        },
        "2019": {
            "cash": 0,
            "stock": 0,
            "eps": 0.02
        },
        "2020": {
            "cash": 0,
            "stock": 0,
            "eps": 1.11
        },
        "2021": {
            "cash": 0.5,
            "stock": 0,
            "eps": 1.3
        },
        "2022": {
            "cash": 1,
            "stock": 0,
            "eps": 1.05
        },
        "2023": {
            "cash": 0.8,
            "stock": 0,
            "eps": 1.08
        }
    },
    "dividends": {
        "1998-05-13": {
            "cash": 0,
            "stock": 1.2
        },
        "2000-06-19": {
            "cash": 0,
            "stock": 1.2
        },
        "2002-06-14": {
            "cash": 0.2,
            "stock": 0.15
        },
        "2003-03-20": {
            "cash": 0,
            "stock": 0.75
        },
        "2004-03-25": {
            "cash": 0,
            "stock": 0.72
        },
        "2005-03-24": {
            "cash": 0.22,
            "stock": 0.15
        },
        "2008-03-27": {
            "cash": 0,
            "stock": 0.1
        },
        "2014-05-14": {
            "cash": 0.28,
            "stock": 0
        },
        "2015-07-31": {
            "cash": 1.2,
            "stock": 0
        },
        "2016-10-14": {
            "cash": 0.2,
            "stock": 0.2
        },
        "2017-09-05": {
            "cash": 0.2,
            "stock": 0
        },
        "2021-10-26": {
            "cash": 0.5,
            "stock": 0
        },
        "2022-05-20": {
            "cash": 0.5,
            "stock": 0
        },
        "2022-10-20": {
            "cash": 0.5,
            "stock": 0
        },
        "2023-05-22": {
            "cash": 0.4,
            "stock": 0
        },
        "2023-10-20": {
            "cash": 0.4,
            "stock": 0
        }
    },
    "prices": {
        "200101": "6.90",
        "200102": "8.05",
        "200103": "9.96",
        "200104": "9.78",
        "200105": "7.84",
        "200106": "7.96",
        "200107": "8.14",
        "200108": "7.31",
        "200109": "6.15",
        "200110": "5.96",
        "200111": "5.98",
        "200112": "6.35",
        "200201": "6.70",
        "200202": "6.84",
        "200203": "7.96",
        "200204": "9.67",
        "200205": "10.48",
        "200206": "12.67",
        "200207": "14.88",
        "200208": "16.13",
        "200209": "12.99",
        "200210": "11.28",
        "200211": "14.00",
        "200212": "14.68",
        "200301": "17.93",
        "200302": "16.02",
        "200303": "15.16",
        "200304": "14.99",
        "200305": "13.21",
        "200306": "14.67",
        "200307": "14.19",
        "200308": "13.88",
        "200309": "12.36",
        "200310": "13.09",
        "200311": "13.38",
        "200312": "13.34",
        "200401": "13.99",
        "200402": "16.62",
        "200403": "15.48",
        "200404": "15.36",
        "200405": "13.70",
        "200406": "13.42",
        "200407": "11.94",
        "200408": "10.66",
        "200409": "10.93",
        "200410": "10.90",
        "200411": "10.42",
        "200412": "10.52",
        "200501": "10.65",
        "200502": "10.21",
        "200503": "9.71",
        "200504": "9.00",
        "200505": "8.87",
        "200506": "9.09",
        "200507": "9.03",
        "200508": "8.52",
        "200509": "7.54",
        "200510": "6.78",
        "200511": "7.30",
        "200512": "7.76",
        "200601": "8.02",
        "200602": "7.87",
        "200603": "8.25",
        "200604": "8.20",
        "200605": "8.07",
        "200606": "7.31",
        "200607": "6.95",
        "200608": "6.52",
        "200609": "6.39",
        "200610": "7.56",
        "200611": "7.46",
        "200612": "8.11",
        "200701": "8.72",
        "200702": "8.21",
        "200703": "7.58",
        "200704": "8.00",
        "200705": "8.49",
        "200706": "9.43",
        "200707": "11.96",
        "200708": "10.33",
        "200709": "11.14",
        "200710": "10.23",
        "200711": "8.92",
        "200712": "8.26",
        "200801": "7.91",
        "200802": "8.09",
        "200803": "9.25",
        "200804": "10.73",
        "200805": "11.32",
        "200806": "9.51",
        "200807": "9.51",
        "200808": "8.06",
        "200809": "5.59",
        "200810": "5.88",
        "200811": "6.64",
        "200812": "7.65",
        "200901": "8.06",
        "200902": "8.57",
        "200903": "9.53",
        "200904": "10.55",
        "200905": "10.66",
        "200906": "9.86",
        "200907": "10.15",
        "200908": "11.56",
        "200909": "12.09",
        "200910": "15.01",
        "200911": "15.25",
        "200912": "17.20",
        "201001": "16.52",
        "201002": "14.16",
        "201003": "14.21",
        "201004": "14.17",
        "201005": "11.91",
        "201006": "12.02",
        "201007": "11.92",
        "201008": "12.34",
        "201009": "11.37",
        "201010": "10.97",
        "201011": "9.12",
        "201012": "9.67",
        "201101": "9.98",
        "201102": "9.40",
        "201103": "9.48",
        "201104": "9.87",
        "201105": "9.51",
        "201106": "9.84",
        "201107": "10.27",
        "201108": "8.95",
        "201109": "8.34",
        "201110": "7.46",
        "201111": "6.91",
        "201112": "6.18",
        "201201": "6.28",
        "201202": "7.60",
        "201203": "7.37",
        "201204": "5.92",
        "201205": "5.59",
        "201206": "5.51",
        "201207": "6.34",
        "201208": "6.84",
        "201209": "6.64",
        "201210": "6.28",
        "201211": "5.97",
        "201212": "6.04",
        "201301": "6.22",
        "201302": "6.26",
        "201303": "6.60",
        "201304": "8.77",
        "201305": "8.91",
        "201306": "8.71",
        "201307": "9.76",
        "201308": "11.35",
        "201309": "14.08",
        "201310": "13.88",
        "201311": "14.05",
        "201312": "15.93",
        "201401": "19.58",
        "201402": "21.38",
        "201403": "23.36",
        "201404": "22.55",
        "201405": "21.47",
        "201406": "21.70",
        "201407": "22.38",
        "201408": "23.57",
        "201409": "22.53",
        "201410": "20.79",
        "201411": "22.26",
        "201412": "21.42",
        "201501": "21.07",
        "201502": "20.85",
        "201503": "20.63",
        "201504": "20.29",
        "201505": "18.61",
        "201506": "15.49",
        "201507": "14.23",
        "201508": "13.46",
        "201509": "12.52",
        "201510": "13.17",
        "201511": "12.44",
        "201512": "11.09",
        "201601": "10.28",
        "201602": "11.28",
        "201603": "12.18",
        "201604": "12.43",
        "201605": "11.37",
        "201606": "11.62",
        "201607": "11.70",
        "201608": "11.63",
        "201609": "11.14",
        "201610": "10.49",
        "201611": "10.21",
        "201612": "10.98",
        "201701": "10.98",
        "201702": "11.45",
        "201703": "11.07",
        "201704": "10.76",
        "201705": "10.51",
        "201706": "10.75",
        "201707": "11.12",
        "201708": "11.24",
        "201709": "11.30",
        "201710": "12.10",
        "201711": "11.33",
        "201712": "12.22",
        "201801": "14.19",
        "201802": "14.66",
        "201803": "15.50",
        "201804": "14.11",
        "201805": "14.70",
        "201806": "15.44",
        "201807": "14.95",
        "201808": "14.60",
        "201809": "14.22",
        "201810": "13.10",
        "201811": "11.86",
        "201812": "11.85",
        "201901": "12.55",
        "201902": "12.53",
        "201903": "12.78",
        "201904": "12.48",
        "201905": "10.99",
        "201906": "11.22",
        "201907": "11.65",
        "201908": "11.01",
        "201909": "11.19",
        "201910": "11.63",
        "201911": "11.88",
        "201912": "11.03",
        "202001": "11.01",
        "202002": "11.94",
        "202003": "11.47",
        "202004": "11.49",
        "202005": "12.96",
        "202006": "13.91",
        "202007": "13.91",
        "202008": "12.76",
        "202009": "12.51",
        "202010": "11.90",
        "202011": "12.41",
        "202012": "12.79",
        "202101": "12.02",
        "202102": "11.93",
        "202103": "13.71",
        "202104": "20.57",
        "202105": "18.85",
        "202106": "19.12",
        "202107": "18.81",
        "202108": "17.47",
        "202109": "16.86",
        "202110": "16.24",
        "202111": "16.38",
        "202112": "16.71",
        "202201": "16.32",
        "202202": "16.01",
        "202203": "15.51",
        "202204": "15.44",
        "202205": "14.69",
        "202206": "14.81",
        "202207": "14.53",
        "202208": "14.63",
        "202209": "14.67",
        "202210": "14.14",
        "202211": "14.45",
        "202212": "14.63",
        "202301": "14.60",
        "202302": "14.64",
        "202303": "14.66",
        "202304": "14.39",
        "202305": "14.55",
        "202306": "14.70",
        "202307": "14.53",
        "202308": "14.15",
        "202309": "14.28",
        "202310": "13.89",
        "202311": "14.24",
        "202312": "14.65"
    },
    "quarters": {
        "20011": {
            "year_quarter": 20011,
            "year": 2001,
            "quarter": 1,
            "eps": 0.12,
            "eps_growth_year": -52,
            "eps_4q": 0.56,
            "eps_4q_growth_year": -46.42,
            "roe": 0.87,
            "roe_4q": 0.87,
            "gross_profit": 66223,
            "gross_margin": 15.93,
            "gross_margin_4q_avg": 15.93,
            "net_income": 27034,
            "net_income_4q": null,
            "revenue": 415659,
            "revenue_4q": null,
            "common_shares": 2285908,
            "book_valuer_per_share": 13.65,
            "book_valuer_per_share_4q_avg": 13.65,
            "equity": 3121286,
            "current_ratio": 316.38,
            "debt_ratio": 29.52,
            "inventory_turnover_ratio": 0.46,
            "account_receivable_turnover_ratio": null,
            "reinvestment_rate": null,
            "research_to_sale_ratio": null,
            "price_fair": 0,
            "eps_avg_yearly": 0,
            "eps_latest_yearly": 0,
            "eps_growth_yearly": 0
        },
        "20012": {
            "year_quarter": 20012,
            "year": 2001,
            "quarter": 2,
            "eps": 0.09,
            "eps_growth_year": -52.63,
            "eps_4q": 0.46,
            "eps_4q_growth_year": -56.94,
            "roe": 0.69,
            "roe_4q": 1.56,
            "gross_profit": 67794,
            "gross_margin": 15.96,
            "gross_margin_4q_avg": 15.95,
            "net_income": 21578,
            "net_income_4q": null,
            "revenue": 424749,
            "revenue_4q": null,
            "common_shares": 2285908,
            "book_valuer_per_share": 13.74,
            "book_valuer_per_share_4q_avg": 13.7,
            "equity": 3141272,
            "current_ratio": 257,
            "debt_ratio": 31.59,
            "inventory_turnover_ratio": 1.34,
            "account_receivable_turnover_ratio": null,
            "reinvestment_rate": null,
            "research_to_sale_ratio": null,
            "price_fair": 0,
            "eps_avg_yearly": 0,
            "eps_latest_yearly": 0,
            "eps_growth_yearly": 0
        },
        "20013": {
            "year_quarter": 20013,
            "year": 2001,
            "quarter": 3,
            "eps": 0.09,
            "eps_growth_year": 12.5,
            "eps_4q": 0.45,
            "eps_4q_growth_year": -42.37,
            "roe": 0.71,
            "roe_4q": 2.27,
            "gross_profit": 56697,
            "gross_margin": 14.12,
            "gross_margin_4q_avg": 15.34,
            "net_income": 22438,
            "net_income_4q": null,
            "revenue": 401540,
            "revenue_4q": null,
            "common_shares": 2377344,
            "book_valuer_per_share": 13.32,
            "book_valuer_per_share_4q_avg": 13.57,
            "equity": 3166641,
            "current_ratio": 267.14,
            "debt_ratio": 30.4,
            "inventory_turnover_ratio": 1.38,
            "account_receivable_turnover_ratio": null,
            "reinvestment_rate": null,
            "research_to_sale_ratio": null,
            "price_fair": 0,
            "eps_avg_yearly": 0,
            "eps_latest_yearly": 0,
            "eps_growth_yearly": 0
        },
        "20014": {
            "year_quarter": 20014,
            "year": 2001,
            "quarter": 4,
            "eps": 0.05,
            "eps_growth_year": -72.22,
            "eps_4q": 0.32,
            "eps_4q_growth_year": -49.65,
            "roe": 0.41,
            "roe_4q": 2.6799999999999997,
            "gross_profit": 68708,
            "gross_margin": 16.31,
            "gross_margin_4q_avg": 15.58,
            "net_income": 12973,
            "net_income_4q": null,
            "revenue": 421236,
            "revenue_4q": null,
            "common_shares": 2377344,
            "book_valuer_per_share": 13.32,
            "book_valuer_per_share_4q_avg": 13.51,
            "equity": 3166444,
            "current_ratio": 128.72,
            "debt_ratio": 47.9,
            "inventory_turnover_ratio": 0.52,
            "account_receivable_turnover_ratio": null,
            "reinvestment_rate": null,
            "research_to_sale_ratio": null,
            "price_fair": 0,
            "eps_avg_yearly": 0,
            "eps_latest_yearly": 0,
            "eps_growth_yearly": 0
        },
        "20021": {
            "year_quarter": 20021,
            "year": 2002,
            "quarter": 1,
            "eps": 0.2,
            "eps_growth_year": 66.67,
            "eps_4q": 0.44,
            "eps_4q_growth_year": -20.53,
            "roe": 1.46,
            "roe_4q": 3.27,
            "gross_profit": 80389,
            "gross_margin": 17.78,
            "gross_margin_4q_avg": 16.04,
            "net_income": 46705,
            "net_income_4q": null,
            "revenue": 452219,
            "revenue_4q": null,
            "common_shares": 2377344,
            "book_valuer_per_share": 13.51,
            "book_valuer_per_share_4q_avg": 13.47,
            "equity": 3211203,
            "current_ratio": 219.12,
            "debt_ratio": 30.82,
            "inventory_turnover_ratio": 0.55,
            "account_receivable_turnover_ratio": null,
            "reinvestment_rate": null,
            "research_to_sale_ratio": null,
            "price_fair": 28,
            "eps_avg_yearly": 0.8,
            "eps_latest_yearly": 0.8,
            "eps_growth_yearly": 1200
        },
        "20022": {
            "year_quarter": 20022,
            "year": 2002,
            "quarter": 2,
            "eps": 0.15,
            "eps_growth_year": 66.67,
            "eps_4q": 0.5,
            "eps_4q_growth_year": 9.3,
            "roe": 1.12,
            "roe_4q": 3.7,
            "gross_profit": 110830,
            "gross_margin": 19.57,
            "gross_margin_4q_avg": 16.95,
            "net_income": 35346,
            "net_income_4q": null,
            "revenue": 566299,
            "revenue_4q": null,
            "common_shares": 2377344,
            "book_valuer_per_share": 13.11,
            "book_valuer_per_share_4q_avg": 13.32,
            "equity": 3115598,
            "current_ratio": 142.73,
            "debt_ratio": 34.41,
            "inventory_turnover_ratio": 1.84,
            "account_receivable_turnover_ratio": null,
            "reinvestment_rate": null,
            "research_to_sale_ratio": null,
            "price_fair": 24.5,
            "eps_avg_yearly": 0.7,
            "eps_latest_yearly": 0.6,
            "eps_growth_yearly": 550
        },
        "20023": {
            "year_quarter": 20023,
            "year": 2002,
            "quarter": 3,
            "eps": 0.22,
            "eps_growth_year": 144.44,
            "eps_4q": 0.61,
            "eps_4q_growth_year": 35.5,
            "roe": 1.67,
            "roe_4q": 4.66,
            "gross_profit": 89717,
            "gross_margin": 17.35,
            "gross_margin_4q_avg": 17.75,
            "net_income": 53094,
            "net_income_4q": null,
            "revenue": 517204,
            "revenue_4q": null,
            "common_shares": 2413004,
            "book_valuer_per_share": 13.42,
            "book_valuer_per_share_4q_avg": 13.34,
            "equity": 3238474,
            "current_ratio": 156.26,
            "debt_ratio": 32.77,
            "inventory_turnover_ratio": 1.62,
            "account_receivable_turnover_ratio": null,
            "reinvestment_rate": null,
            "research_to_sale_ratio": null,
            "price_fair": 26.6,
            "eps_avg_yearly": 0.76,
            "eps_latest_yearly": 0.88,
            "eps_growth_yearly": 428.89
        },
        "20024": {
            "year_quarter": 20024,
            "year": 2002,
            "quarter": 4,
            "eps": 0.19,
            "eps_growth_year": 280,
            "eps_4q": 0.76,
            "eps_4q_growth_year": 135.26,
            "roe": 1.39,
            "roe_4q": 5.64,
            "gross_profit": 97798,
            "gross_margin": 18.23,
            "gross_margin_4q_avg": 18.23,
            "net_income": 44901,
            "net_income_4q": null,
            "revenue": 536398,
            "revenue_4q": null,
            "common_shares": 2413004,
            "book_valuer_per_share": 13.36,
            "book_valuer_per_share_4q_avg": 13.35,
            "equity": 3223098,
            "current_ratio": 123.1,
            "debt_ratio": 48.55,
            "inventory_turnover_ratio": 0.56,
            "account_receivable_turnover_ratio": null,
            "reinvestment_rate": 90.78,
            "research_to_sale_ratio": null,
            "price_fair": 26.6,
            "eps_avg_yearly": 0.76,
            "eps_latest_yearly": 0.76,
            "eps_growth_yearly": 308.03
        },
        "20031": {
            "year_quarter": 20031,
            "year": 2003,
            "quarter": 1,
            "eps": 0.29,
            "eps_growth_year": 45,
            "eps_4q": 0.84,
            "eps_4q_growth_year": 88.51,
            "roe": 2.17,
            "roe_4q": 6.35,
            "gross_profit": 90172,
            "gross_margin": 17.16,
            "gross_margin_4q_avg": 18.08,
            "net_income": 70683,
            "net_income_4q": null,
            "revenue": 525424,
            "revenue_4q": null,
            "common_shares": 2413004,
            "book_valuer_per_share": 13.64,
            "book_valuer_per_share_4q_avg": 13.38,
            "equity": 3292414,
            "current_ratio": 126.62,
            "debt_ratio": 34.43,
            "inventory_turnover_ratio": 0.55,
            "account_receivable_turnover_ratio": null,
            "reinvestment_rate": 30.6,
            "research_to_sale_ratio": null,
            "price_fair": 29.4,
            "eps_avg_yearly": 0.84,
            "eps_latest_yearly": 1.16,
            "eps_growth_yearly": 288.53
        },
        "20032": {
            "year_quarter": 20032,
            "year": 2003,
            "quarter": 2,
            "eps": 0.24,
            "eps_growth_year": 60,
            "eps_4q": 0.95,
            "eps_4q_growth_year": 89.67,
            "roe": 1.73,
            "roe_4q": 6.96,
            "gross_profit": 97395,
            "gross_margin": 16.27,
            "gross_margin_4q_avg": 17.25,
            "net_income": 57383,
            "net_income_4q": null,
            "revenue": 598620,
            "revenue_4q": null,
            "common_shares": 2413004,
            "book_valuer_per_share": 13.83,
            "book_valuer_per_share_4q_avg": 13.56,
            "equity": 3336476,
            "current_ratio": 186.39,
            "debt_ratio": 40.59,
            "inventory_turnover_ratio": 1.83,
            "account_receivable_turnover_ratio": null,
            "reinvestment_rate": 30.87,
            "research_to_sale_ratio": null,
            "price_fair": 30.1,
            "eps_avg_yearly": 0.86,
            "eps_latest_yearly": 0.96,
            "eps_growth_yearly": 228.95
        },
        "20033": {
            "year_quarter": 20033,
            "year": 2003,
            "quarter": 3,
            "eps": 0.18,
            "eps_growth_year": -18.18,
            "eps_4q": 0.85,
            "eps_4q_growth_year": 37.98,
            "roe": 1.4,
            "roe_4q": 6.6899999999999995,
            "gross_profit": 82423,
            "gross_margin": 16.1,
            "gross_margin_4q_avg": 16.94,
            "net_income": 46690,
            "net_income_4q": null,
            "revenue": 511893,
            "revenue_4q": null,
            "common_shares": 2593980,
            "book_valuer_per_share": 12.85,
            "book_valuer_per_share_4q_avg": 13.42,
            "equity": 3334358,
            "current_ratio": 199.43,
            "debt_ratio": 39.4,
            "inventory_turnover_ratio": 1.63,
            "account_receivable_turnover_ratio": null,
            "reinvestment_rate": 37.03,
            "research_to_sale_ratio": null,
            "price_fair": 29.4,
            "eps_avg_yearly": 0.84,
            "eps_latest_yearly": 0.72,
            "eps_growth_yearly": 181.95
        },
        "20034": {
            "year_quarter": 20034,
            "year": 2003,
            "quarter": 4,
            "eps": 0.2,
            "eps_growth_year": 5.26,
            "eps_4q": 0.87,
            "eps_4q_growth_year": 14.79,
            "roe": 1.46,
            "roe_4q": 6.76,
            "gross_profit": 93175,
            "gross_margin": 16.04,
            "gross_margin_4q_avg": 16.39,
            "net_income": 51812,
            "net_income_4q": null,
            "revenue": 580928,
            "revenue_4q": null,
            "common_shares": 2599103,
            "book_valuer_per_share": 13.1,
            "book_valuer_per_share_4q_avg": 13.36,
            "equity": 3773618,
            "current_ratio": 168.65,
            "debt_ratio": 50.27,
            "inventory_turnover_ratio": 0.59,
            "account_receivable_turnover_ratio": null,
            "reinvestment_rate": 127.77,
            "research_to_sale_ratio": null,
            "price_fair": 29.23,
            "eps_avg_yearly": 0.84,
            "eps_latest_yearly": 0.8,
            "eps_growth_yearly": 164.77
        },
        "20041": {
            "year_quarter": 20041,
            "year": 2004,
            "quarter": 1,
            "eps": 0.18,
            "eps_growth_year": -37.93,
            "eps_4q": 0.76,
            "eps_4q_growth_year": -9.17,
            "roe": 1.31,
            "roe_4q": 5.9,
            "gross_profit": 92892,
            "gross_margin": 15.01,
            "gross_margin_4q_avg": 15.86,
            "net_income": 48353,
            "net_income_4q": null,
            "revenue": 618944,
            "revenue_4q": null,
            "common_shares": 2653979,
            "book_valuer_per_share": 13.54,
            "book_valuer_per_share_4q_avg": 13.33,
            "equity": 3594139,
            "current_ratio": 225.48,
            "debt_ratio": 40.46,
            "inventory_turnover_ratio": 0.61,
            "account_receivable_turnover_ratio": null,
            "reinvestment_rate": 6.87,
            "research_to_sale_ratio": null,
            "price_fair": 28.78,
            "eps_avg_yearly": 0.82,
            "eps_latest_yearly": 0.72,
            "eps_growth_yearly": 142.01
        },
        "20042": {
            "year_quarter": 20042,
            "year": 2004,
            "quarter": 2,
            "eps": 0.16,
            "eps_growth_year": -33.33,
            "eps_4q": 0.67,
            "eps_4q_growth_year": -28.85,
            "roe": 1.26,
            "roe_4q": 5.43,
            "gross_profit": 102097,
            "gross_margin": 15.78,
            "gross_margin_4q_avg": 15.73,
            "net_income": 45825,
            "net_income_4q": null,
            "revenue": 647149,
            "revenue_4q": null,
            "common_shares": 2762324,
            "book_valuer_per_share": 13.24,
            "book_valuer_per_share_4q_avg": 13.18,
            "equity": 3658591,
            "current_ratio": 298.66,
            "debt_ratio": 39.63,
            "inventory_turnover_ratio": 1.63,
            "account_receivable_turnover_ratio": null,
            "reinvestment_rate": 16.4,
            "research_to_sale_ratio": null,
            "price_fair": 28.14,
            "eps_avg_yearly": 0.8,
            "eps_latest_yearly": 0.64,
            "eps_growth_yearly": 123.37
        },
        "20043": {
            "year_quarter": 20043,
            "year": 2004,
            "quarter": 3,
            "eps": 0.18,
            "eps_growth_year": 0,
            "eps_4q": 0.67,
            "eps_4q_growth_year": -20.55,
            "roe": 1.41,
            "roe_4q": 5.4399999999999995,
            "gross_profit": 94581,
            "gross_margin": 15.84,
            "gross_margin_4q_avg": 15.67,
            "net_income": 53324,
            "net_income_4q": null,
            "revenue": 596945,
            "revenue_4q": null,
            "common_shares": 2997131,
            "book_valuer_per_share": 12.96,
            "book_valuer_per_share_4q_avg": 13.21,
            "equity": 3883851,
            "current_ratio": 270.43,
            "debt_ratio": 37.55,
            "inventory_turnover_ratio": 1.34,
            "account_receivable_turnover_ratio": null,
            "reinvestment_rate": 15.44,
            "research_to_sale_ratio": null,
            "price_fair": 27.87,
            "eps_avg_yearly": 0.8,
            "eps_latest_yearly": 0.72,
            "eps_growth_yearly": 116.7
        },
        "20044": {
            "year_quarter": 20044,
            "year": 2004,
            "quarter": 4,
            "eps": 0.04,
            "eps_growth_year": -80,
            "eps_4q": 0.56,
            "eps_4q_growth_year": -35.61,
            "roe": 0.28,
            "roe_4q": 4.26,
            "gross_profit": 104768,
            "gross_margin": 15.64,
            "gross_margin_4q_avg": 15.57,
            "net_income": 11279,
            "net_income_4q": null,
            "revenue": 670071,
            "revenue_4q": null,
            "common_shares": 3141346,
            "book_valuer_per_share": 11.9,
            "book_valuer_per_share_4q_avg": 12.91,
            "equity": 4089651,
            "current_ratio": 162.1,
            "debt_ratio": 50.84,
            "inventory_turnover_ratio": 0.5,
            "account_receivable_turnover_ratio": null,
            "reinvestment_rate": 148.6,
            "research_to_sale_ratio": null,
            "price_fair": 26.02,
            "eps_avg_yearly": 0.74,
            "eps_latest_yearly": 0.16,
            "eps_growth_yearly": 81.05
        },
        "20051": {
            "year_quarter": 20051,
            "year": 2005,
            "quarter": 1,
            "eps": 0.06,
            "eps_growth_year": -66.67,
            "eps_4q": 0.43,
            "eps_4q_growth_year": -44.03,
            "roe": 0.45,
            "roe_4q": 3.3999999999999995,
            "gross_profit": 70048,
            "gross_margin": 12.86,
            "gross_margin_4q_avg": 15.03,
            "net_income": 18127,
            "net_income_4q": null,
            "revenue": 544525,
            "revenue_4q": null,
            "common_shares": 3144483,
            "book_valuer_per_share": 12.61,
            "book_valuer_per_share_4q_avg": 12.68,
            "equity": 3964292,
            "current_ratio": 233.34,
            "debt_ratio": 35.39,
            "inventory_turnover_ratio": 0.42,
            "account_receivable_turnover_ratio": null,
            "reinvestment_rate": 27.66,
            "research_to_sale_ratio": null,
            "price_fair": 24.66,
            "eps_avg_yearly": 0.7,
            "eps_latest_yearly": 0.24,
            "eps_growth_yearly": 90.2
        },
        "20052": {
            "year_quarter": 20052,
            "year": 2005,
            "quarter": 2,
            "eps": -0.22,
            "eps_growth_year": -237.5,
            "eps_4q": 0.04,
            "eps_4q_growth_year": -94.26,
            "roe": -1.83,
            "roe_4q": 0.30999999999999983,
            "gross_profit": 73529,
            "gross_margin": 12.49,
            "gross_margin_4q_avg": 14.21,
            "net_income": -70592,
            "net_income_4q": null,
            "revenue": 588914,
            "revenue_4q": null,
            "common_shares": 3144483,
            "book_valuer_per_share": 11.93,
            "book_valuer_per_share_4q_avg": 12.35,
            "equity": 3749967,
            "current_ratio": 233.31,
            "debt_ratio": 38.51,
            "inventory_turnover_ratio": 1.31,
            "account_receivable_turnover_ratio": null,
            "reinvestment_rate": 27.77,
            "research_to_sale_ratio": null,
            "price_fair": 24.66,
            "eps_avg_yearly": 0.7,
            "eps_latest_yearly": 0.24,
            "eps_growth_yearly": 90.2
        },
        "20053": {
            "year_quarter": 20053,
            "year": 2005,
            "quarter": 3,
            "eps": -0.03,
            "eps_growth_year": -116.67,
            "eps_4q": -0.16,
            "eps_4q_growth_year": -123.33,
            "roe": -0.23,
            "roe_4q": -1.33,
            "gross_profit": 66366,
            "gross_margin": 11.25,
            "gross_margin_4q_avg": 13.06,
            "net_income": -8921,
            "net_income_4q": null,
            "revenue": 589932,
            "revenue_4q": null,
            "common_shares": 3191650,
            "book_valuer_per_share": 12.24,
            "book_valuer_per_share_4q_avg": 12.17,
            "equity": 3906271,
            "current_ratio": 246.24,
            "debt_ratio": 37.15,
            "inventory_turnover_ratio": 1.44,
            "account_receivable_turnover_ratio": null,
            "reinvestment_rate": 28.37,
            "research_to_sale_ratio": null,
            "price_fair": 24.66,
            "eps_avg_yearly": 0.7,
            "eps_latest_yearly": 0.24,
            "eps_growth_yearly": 90.2
        },
        "20054": {
            "year_quarter": 20054,
            "year": 2005,
            "quarter": 4,
            "eps": -0.15,
            "eps_growth_year": -475,
            "eps_4q": -0.29,
            "eps_4q_growth_year": -151,
            "roe": -1.21,
            "roe_4q": -2.82,
            "gross_profit": 82836,
            "gross_margin": 13.31,
            "gross_margin_4q_avg": 12.48,
            "net_income": -48810,
            "net_income_4q": null,
            "revenue": 622559,
            "revenue_4q": null,
            "common_shares": 3191650,
            "book_valuer_per_share": 12,
            "book_valuer_per_share_4q_avg": 12.2,
            "equity": 4161988,
            "current_ratio": 163.86,
            "debt_ratio": 55.57,
            "inventory_turnover_ratio": 0.4,
            "account_receivable_turnover_ratio": null,
            "reinvestment_rate": 271.96,
            "research_to_sale_ratio": null,
            "price_fair": 24.66,
            "eps_avg_yearly": 0.7,
            "eps_latest_yearly": 0.24,
            "eps_growth_yearly": 90.2
        },
        "20061": {
            "year_quarter": 20061,
            "year": 2006,
            "quarter": 1,
            "eps": -0.18,
            "eps_growth_year": -400,
            "eps_4q": -0.59,
            "eps_4q_growth_year": -238.37,
            "roe": -1.41,
            "roe_4q": -4.68,
            "gross_profit": 70529,
            "gross_margin": 13.16,
            "gross_margin_4q_avg": 12.55,
            "net_income": -56507,
            "net_income_4q": null,
            "revenue": 535872,
            "revenue_4q": null,
            "common_shares": 3191650,
            "book_valuer_per_share": 12.02,
            "book_valuer_per_share_4q_avg": 12.05,
            "equity": 3835541,
            "current_ratio": 172.83,
            "debt_ratio": 38.92,
            "inventory_turnover_ratio": 0.34,
            "account_receivable_turnover_ratio": null,
            "reinvestment_rate": 61.31,
            "research_to_sale_ratio": null,
            "price_fair": 2.09,
            "eps_avg_yearly": 0.7,
            "eps_latest_yearly": 0.24,
            "eps_growth_yearly": -2.29
        },
        "20062": {
            "year_quarter": 20062,
            "year": 2006,
            "quarter": 2,
            "eps": -0.12,
            "eps_growth_year": null,
            "eps_4q": -0.47,
            "eps_4q_growth_year": -1328.98,
            "roe": -0.97,
            "roe_4q": -3.82,
            "gross_profit": 94928,
            "gross_margin": 16.76,
            "gross_margin_4q_avg": 13.62,
            "net_income": -37174,
            "net_income_4q": null,
            "revenue": 566468,
            "revenue_4q": null,
            "common_shares": 3191650,
            "book_valuer_per_share": 11.92,
            "book_valuer_per_share_4q_avg": 12.05,
            "equity": 3805864,
            "current_ratio": 132.76,
            "debt_ratio": 39.12,
            "inventory_turnover_ratio": 1.17,
            "account_receivable_turnover_ratio": null,
            "reinvestment_rate": 73.94,
            "research_to_sale_ratio": null,
            "price_fair": 11.71,
            "eps_avg_yearly": 0.71,
            "eps_latest_yearly": 0.24,
            "eps_growth_yearly": 6.6
        },
        "20063": {
            "year_quarter": 20063,
            "year": 2006,
            "quarter": 3,
            "eps": 0.07,
            "eps_growth_year": null,
            "eps_4q": -0.35,
            "eps_4q_growth_year": null,
            "roe": 0.62,
            "roe_4q": -2.9699999999999998,
            "gross_profit": 77495,
            "gross_margin": 14.75,
            "gross_margin_4q_avg": 14.5,
            "net_income": 23864,
            "net_income_4q": null,
            "revenue": 525404,
            "revenue_4q": null,
            "common_shares": 3191650,
            "book_valuer_per_share": 12.28,
            "book_valuer_per_share_4q_avg": 12.06,
            "equity": 3920651,
            "current_ratio": 156.47,
            "debt_ratio": 40.77,
            "inventory_turnover_ratio": 1.04,
            "account_receivable_turnover_ratio": null,
            "reinvestment_rate": 53.02,
            "research_to_sale_ratio": null,
            "price_fair": 2.06,
            "eps_avg_yearly": 0.69,
            "eps_latest_yearly": 0.24,
            "eps_growth_yearly": -11.41
        },
        "20064": {
            "year_quarter": 20064,
            "year": 2006,
            "quarter": 4,
            "eps": -0.08,
            "eps_growth_year": null,
            "eps_4q": -0.28,
            "eps_4q_growth_year": null,
            "roe": -0.6,
            "roe_4q": -2.36,
            "gross_profit": 76659,
            "gross_margin": 14.5,
            "gross_margin_4q_avg": 14.79,
            "net_income": -24109,
            "net_income_4q": null,
            "revenue": 528508,
            "revenue_4q": null,
            "common_shares": 3191650,
            "book_valuer_per_share": 12.07,
            "book_valuer_per_share_4q_avg": 12.07,
            "equity": 4085730,
            "current_ratio": 171.03,
            "debt_ratio": 56.46,
            "inventory_turnover_ratio": 0.33,
            "account_receivable_turnover_ratio": null,
            "reinvestment_rate": 1095.72,
            "research_to_sale_ratio": null,
            "price_fair": 2.04,
            "eps_avg_yearly": 0.68,
            "eps_latest_yearly": 0.24,
            "eps_growth_yearly": -6.62
        },
        "20071": {
            "year_quarter": 20071,
            "year": 2007,
            "quarter": 1,
            "eps": 0.07,
            "eps_growth_year": null,
            "eps_4q": -0.05,
            "eps_4q_growth_year": null,
            "roe": 0.52,
            "roe_4q": -0.42999999999999994,
            "gross_profit": 93668,
            "gross_margin": 16.43,
            "gross_margin_4q_avg": 15.61,
            "net_income": 20978,
            "net_income_4q": null,
            "revenue": 570144,
            "revenue_4q": null,
            "common_shares": 3191650,
            "book_valuer_per_share": 12.32,
            "book_valuer_per_share_4q_avg": 12.15,
            "equity": 3933065,
            "current_ratio": 198.76,
            "debt_ratio": 39.44,
            "inventory_turnover_ratio": 0.37,
            "account_receivable_turnover_ratio": null,
            "reinvestment_rate": 27.71,
            "research_to_sale_ratio": null,
            "price_fair": 1.86,
            "eps_avg_yearly": 0.62,
            "eps_latest_yearly": 0.24,
            "eps_growth_yearly": -33.76
        },
        "20072": {
            "year_quarter": 20072,
            "year": 2007,
            "quarter": 2,
            "eps": 0.11,
            "eps_growth_year": null,
            "eps_4q": 0.17,
            "eps_4q_growth_year": null,
            "roe": 0.92,
            "roe_4q": 1.46,
            "gross_profit": 124170,
            "gross_margin": 18.75,
            "gross_margin_4q_avg": 16.11,
            "net_income": 36215,
            "net_income_4q": null,
            "revenue": 662112,
            "revenue_4q": null,
            "common_shares": 3191650,
            "book_valuer_per_share": 12.46,
            "book_valuer_per_share_4q_avg": 12.28,
            "equity": 3977401,
            "current_ratio": 177.65,
            "debt_ratio": 38.32,
            "inventory_turnover_ratio": 1.92,
            "account_receivable_turnover_ratio": null,
            "reinvestment_rate": -14.74,
            "research_to_sale_ratio": null,
            "price_fair": 7.46,
            "eps_avg_yearly": 0.56,
            "eps_latest_yearly": 0.44,
            "eps_growth_yearly": 3.43
        },
        "20073": {
            "year_quarter": 20073,
            "year": 2007,
            "quarter": 3,
            "eps": 0.08,
            "eps_growth_year": 14.29,
            "eps_4q": 0.18,
            "eps_4q_growth_year": null,
            "roe": 0.64,
            "roe_4q": 1.48,
            "gross_profit": 104158,
            "gross_margin": 16.85,
            "gross_margin_4q_avg": 16.63,
            "net_income": 25418,
            "net_income_4q": null,
            "revenue": 617986,
            "revenue_4q": null,
            "common_shares": 3191650,
            "book_valuer_per_share": 12.55,
            "book_valuer_per_share_4q_avg": 12.35,
            "equity": 4004838,
            "current_ratio": 132.66,
            "debt_ratio": 37.52,
            "inventory_turnover_ratio": 1.63,
            "account_receivable_turnover_ratio": null,
            "reinvestment_rate": -129.55,
            "research_to_sale_ratio": null,
            "price_fair": 6.21,
            "eps_avg_yearly": 0.51,
            "eps_latest_yearly": 0.32,
            "eps_growth_yearly": 2.3
        },
        "20074": {
            "year_quarter": 20074,
            "year": 2007,
            "quarter": 4,
            "eps": -0.11,
            "eps_growth_year": null,
            "eps_4q": 0.13,
            "eps_4q_growth_year": null,
            "roe": -0.88,
            "roe_4q": 1.2000000000000002,
            "gross_profit": 103056,
            "gross_margin": 16.55,
            "gross_margin_4q_avg": 17.15,
            "net_income": -36306,
            "net_income_4q": null,
            "revenue": 622614,
            "revenue_4q": null,
            "common_shares": 3191650,
            "book_valuer_per_share": 12.44,
            "book_valuer_per_share_4q_avg": 12.44,
            "equity": 4210379,
            "current_ratio": 137.44,
            "debt_ratio": 58.02,
            "inventory_turnover_ratio": 0.36,
            "account_receivable_turnover_ratio": null,
            "reinvestment_rate": 175041.6,
            "research_to_sale_ratio": null,
            "price_fair": 1.39,
            "eps_avg_yearly": 0.46,
            "eps_latest_yearly": 0.32,
            "eps_growth_yearly": -3.73
        },
        "20081": {
            "year_quarter": 20081,
            "year": 2008,
            "quarter": 1,
            "eps": 0.01,
            "eps_growth_year": -85.71,
            "eps_4q": 0.03,
            "eps_4q_growth_year": null,
            "roe": 0.25,
            "roe_4q": 0.93,
            "gross_profit": 181691,
            "gross_margin": 8.01,
            "gross_margin_4q_avg": 15.04,
            "net_income": 10431,
            "net_income_4q": null,
            "revenue": 2267798,
            "revenue_4q": null,
            "common_shares": 3191650,
            "book_valuer_per_share": 11.99,
            "book_valuer_per_share_4q_avg": 12.36,
            "equity": 4060294,
            "current_ratio": 143.09,
            "debt_ratio": 58.87,
            "inventory_turnover_ratio": 0.82,
            "account_receivable_turnover_ratio": null,
            "reinvestment_rate": null,
            "research_to_sale_ratio": null,
            "price_fair": 5.17,
            "eps_avg_yearly": 0.42,
            "eps_latest_yearly": 0.32,
            "eps_growth_yearly": 2.32
        },
        "20082": {
            "year_quarter": 20082,
            "year": 2008,
            "quarter": 2,
            "eps": 0.03,
            "eps_growth_year": -72.73,
            "eps_4q": -0,
            "eps_4q_growth_year": -100.68,
            "roe": 0.21,
            "roe_4q": 0.21999999999999997,
            "gross_profit": 282684,
            "gross_margin": 16.09,
            "gross_margin_4q_avg": 14.38,
            "net_income": 8521,
            "net_income_4q": null,
            "revenue": 1757117,
            "revenue_4q": null,
            "common_shares": 3191650,
            "book_valuer_per_share": 12.11,
            "book_valuer_per_share_4q_avg": 12.27,
            "equity": 4086038,
            "current_ratio": 149.72,
            "debt_ratio": 58.93,
            "inventory_turnover_ratio": 0.57,
            "account_receivable_turnover_ratio": null,
            "reinvestment_rate": null,
            "research_to_sale_ratio": null,
            "price_fair": 11.67,
            "eps_avg_yearly": 0.33,
            "eps_latest_yearly": 0.12,
            "eps_growth_yearly": 143.06
        },
        "20083": {
            "year_quarter": 20083,
            "year": 2008,
            "quarter": 3,
            "eps": 0.02,
            "eps_growth_year": -75,
            "eps_4q": -0.06,
            "eps_4q_growth_year": -131.34,
            "roe": 0.17,
            "roe_4q": -0.25,
            "gross_profit": 281410,
            "gross_margin": 11.9,
            "gross_margin_4q_avg": 13.14,
            "net_income": 6972,
            "net_income_4q": null,
            "revenue": 2364508,
            "revenue_4q": null,
            "common_shares": 3223567,
            "book_valuer_per_share": 12.63,
            "book_valuer_per_share_4q_avg": 12.29,
            "equity": 4305763,
            "current_ratio": 163.54,
            "debt_ratio": 58.88,
            "inventory_turnover_ratio": 0.74,
            "account_receivable_turnover_ratio": null,
            "reinvestment_rate": null,
            "research_to_sale_ratio": null,
            "price_fair": 7.93,
            "eps_avg_yearly": 0.23,
            "eps_latest_yearly": 0.08,
            "eps_growth_yearly": 112.51
        },
        "20084": {
            "year_quarter": 20084,
            "year": 2008,
            "quarter": 4,
            "eps": -0.24,
            "eps_growth_year": null,
            "eps_4q": -0.23,
            "eps_4q_growth_year": -283.05,
            "roe": -1.75,
            "roe_4q": -1.12,
            "gross_profit": 127418,
            "gross_margin": 8.85,
            "gross_margin_4q_avg": 11.21,
            "net_income": -75649,
            "net_income_4q": null,
            "revenue": 1439915,
            "revenue_4q": null,
            "common_shares": 3223567,
            "book_valuer_per_share": 12.64,
            "book_valuer_per_share_4q_avg": 12.34,
            "equity": 4315893,
            "current_ratio": 141.03,
            "debt_ratio": 56.61,
            "inventory_turnover_ratio": 0.46,
            "account_receivable_turnover_ratio": 3,
            "reinvestment_rate": null,
            "research_to_sale_ratio": null,
            "price_fair": 8.4,
            "eps_avg_yearly": 0.24,
            "eps_latest_yearly": 0.08,
            "eps_growth_yearly": 197.23
        },
        "20091": {
            "year_quarter": 20091,
            "year": 2009,
            "quarter": 1,
            "eps": -0.14,
            "eps_growth_year": -1500,
            "eps_4q": -0.33,
            "eps_4q_growth_year": -1349.92,
            "roe": -0.97,
            "roe_4q": -2.34,
            "gross_profit": 188987,
            "gross_margin": 12.05,
            "gross_margin_4q_avg": 12.22,
            "net_income": -42464,
            "net_income_4q": null,
            "revenue": 1567909,
            "revenue_4q": null,
            "common_shares": 3223567,
            "book_valuer_per_share": 12.96,
            "book_valuer_per_share_4q_avg": 12.59,
            "equity": 4427065,
            "current_ratio": 142.51,
            "debt_ratio": 55.48,
            "inventory_turnover_ratio": 0.54,
            "account_receivable_turnover_ratio": 1.74,
            "reinvestment_rate": null,
            "research_to_sale_ratio": null,
            "price_fair": 8.4,
            "eps_avg_yearly": 0.24,
            "eps_latest_yearly": 0.08,
            "eps_growth_yearly": 196.54
        },
        "20092": {
            "year_quarter": 20092,
            "year": 2009,
            "quarter": 2,
            "eps": 0.24,
            "eps_growth_year": 700,
            "eps_4q": -0.11,
            "eps_4q_growth_year": null,
            "roe": 1.94,
            "roe_4q": -0.61,
            "gross_profit": 310717,
            "gross_margin": 17.62,
            "gross_margin_4q_avg": 12.61,
            "net_income": 85377,
            "net_income_4q": null,
            "revenue": 1763403,
            "revenue_4q": null,
            "common_shares": 3223567,
            "book_valuer_per_share": 12.86,
            "book_valuer_per_share_4q_avg": 12.77,
            "equity": 4370461,
            "current_ratio": 146.8,
            "debt_ratio": 55.1,
            "inventory_turnover_ratio": 0.64,
            "account_receivable_turnover_ratio": 2.03,
            "reinvestment_rate": null,
            "research_to_sale_ratio": null,
            "price_fair": 8.4,
            "eps_avg_yearly": 0.24,
            "eps_latest_yearly": 0.08,
            "eps_growth_yearly": 196.54
        },
        "20093": {
            "year_quarter": 20093,
            "year": 2009,
            "quarter": 3,
            "eps": 0.39,
            "eps_growth_year": 1850,
            "eps_4q": 0.24,
            "eps_4q_growth_year": null,
            "roe": 3.06,
            "roe_4q": 2.2800000000000002,
            "gross_profit": 398265,
            "gross_margin": 20.69,
            "gross_margin_4q_avg": 14.8,
            "net_income": 134617,
            "net_income_4q": null,
            "revenue": 1925173,
            "revenue_4q": null,
            "common_shares": 3223567,
            "book_valuer_per_share": 13.02,
            "book_valuer_per_share_4q_avg": 12.87,
            "equity": 4425456,
            "current_ratio": 134.57,
            "debt_ratio": 53.92,
            "inventory_turnover_ratio": 0.73,
            "account_receivable_turnover_ratio": 2.11,
            "reinvestment_rate": 16573.4,
            "research_to_sale_ratio": null,
            "price_fair": 17.64,
            "eps_avg_yearly": 0.5,
            "eps_latest_yearly": 1.56,
            "eps_growth_yearly": 207.23
        },
        "20094": {
            "year_quarter": 20094,
            "year": 2009,
            "quarter": 4,
            "eps": -0.01,
            "eps_growth_year": null,
            "eps_4q": 0.49,
            "eps_4q_growth_year": null,
            "roe": 0.17,
            "roe_4q": 4.2,
            "gross_profit": 288286,
            "gross_margin": 15.85,
            "gross_margin_4q_avg": 16.55,
            "net_income": 7621,
            "net_income_4q": null,
            "revenue": 1819095,
            "revenue_4q": null,
            "common_shares": 3223567,
            "book_valuer_per_share": 12.94,
            "book_valuer_per_share_4q_avg": 12.95,
            "equity": 4409153,
            "current_ratio": 123.79,
            "debt_ratio": 53.64,
            "inventory_turnover_ratio": 0.74,
            "account_receivable_turnover_ratio": 3.51,
            "reinvestment_rate": 6425.19,
            "research_to_sale_ratio": null,
            "price_fair": 17.64,
            "eps_avg_yearly": 0.5,
            "eps_latest_yearly": 1.56,
            "eps_growth_yearly": 207.23
        },
        "20101": {
            "year_quarter": 20101,
            "year": 2010,
            "quarter": 1,
            "eps": 0.02,
            "eps_growth_year": null,
            "eps_4q": 0.64,
            "eps_4q_growth_year": null,
            "roe": 0.52,
            "roe_4q": 5.6899999999999995,
            "gross_profit": 231482,
            "gross_margin": 12.87,
            "gross_margin_4q_avg": 16.76,
            "net_income": 23815,
            "net_income_4q": null,
            "revenue": 1799294,
            "revenue_4q": null,
            "common_shares": 3223567,
            "book_valuer_per_share": 12.66,
            "book_valuer_per_share_4q_avg": 12.87,
            "equity": 4759819,
            "current_ratio": 139.95,
            "debt_ratio": 51.24,
            "inventory_turnover_ratio": 0.71,
            "account_receivable_turnover_ratio": 1.73,
            "reinvestment_rate": 5618.66,
            "research_to_sale_ratio": 0.78,
            "price_fair": 17.64,
            "eps_avg_yearly": 0.5,
            "eps_latest_yearly": 1.56,
            "eps_growth_yearly": 207.23
        },
        "20102": {
            "year_quarter": 20102,
            "year": 2010,
            "quarter": 2,
            "eps": -0.26,
            "eps_growth_year": -210.2,
            "eps_4q": 0.14,
            "eps_4q_growth_year": null,
            "roe": -1.5,
            "roe_4q": 2.25,
            "gross_profit": 208281,
            "gross_margin": 11.99,
            "gross_margin_4q_avg": 15.35,
            "net_income": -70963,
            "net_income_4q": null,
            "revenue": 1737496,
            "revenue_4q": null,
            "common_shares": 3223567,
            "book_valuer_per_share": 12.47,
            "book_valuer_per_share_4q_avg": 12.77,
            "equity": 4675448,
            "current_ratio": 142.92,
            "debt_ratio": 53.53,
            "inventory_turnover_ratio": 0.63,
            "account_receivable_turnover_ratio": 1.64,
            "reinvestment_rate": 9293.26,
            "research_to_sale_ratio": 0.85,
            "price_fair": 17.64,
            "eps_avg_yearly": 0.5,
            "eps_latest_yearly": 1.56,
            "eps_growth_yearly": 207.23
        },
        "20103": {
            "year_quarter": 20103,
            "year": 2010,
            "quarter": 3,
            "eps": -0.06,
            "eps_growth_year": -116.28,
            "eps_4q": -0.32,
            "eps_4q_growth_year": -231.29,
            "roe": 0.23,
            "roe_4q": -0.58,
            "gross_profit": 211709,
            "gross_margin": 11.91,
            "gross_margin_4q_avg": 13.16,
            "net_income": 10685,
            "net_income_4q": null,
            "revenue": 1776996,
            "revenue_4q": null,
            "common_shares": 3223567,
            "book_valuer_per_share": 12.16,
            "book_valuer_per_share_4q_avg": 12.56,
            "equity": 4581153,
            "current_ratio": 145.49,
            "debt_ratio": 53.59,
            "inventory_turnover_ratio": 0.61,
            "account_receivable_turnover_ratio": 1.62,
            "reinvestment_rate": 11090.9,
            "research_to_sale_ratio": 0.9,
            "price_fair": 17.64,
            "eps_avg_yearly": 0.5,
            "eps_latest_yearly": 1.56,
            "eps_growth_yearly": 207.23
        },
        "20104": {
            "year_quarter": 20104,
            "year": 2010,
            "quarter": 4,
            "eps": -0.2,
            "eps_growth_year": null,
            "eps_4q": -0.51,
            "eps_4q_growth_year": -204.06,
            "roe": -1.17,
            "roe_4q": -1.92,
            "gross_profit": 260980,
            "gross_margin": 9.95,
            "gross_margin_4q_avg": 11.68,
            "net_income": -51652,
            "net_income_4q": null,
            "revenue": 2623478,
            "revenue_4q": null,
            "common_shares": 3223567,
            "book_valuer_per_share": 11.31,
            "book_valuer_per_share_4q_avg": 12.15,
            "equity": 4262551,
            "current_ratio": 143.23,
            "debt_ratio": 53.92,
            "inventory_turnover_ratio": 0.94,
            "account_receivable_turnover_ratio": 2.51,
            "reinvestment_rate": null,
            "research_to_sale_ratio": 0.71,
            "price_fair": 17.64,
            "eps_avg_yearly": 0.5,
            "eps_latest_yearly": 1.56,
            "eps_growth_yearly": 207.23
        },
        "20111": {
            "year_quarter": 20111,
            "year": 2011,
            "quarter": 1,
            "eps": 0.07,
            "eps_growth_year": 250,
            "eps_4q": -0.46,
            "eps_4q_growth_year": -171.36,
            "roe": 0.82,
            "roe_4q": -1.6199999999999999,
            "gross_profit": 234190,
            "gross_margin": 13.32,
            "gross_margin_4q_avg": 11.79,
            "net_income": 35378,
            "net_income_4q": null,
            "revenue": 1757764,
            "revenue_4q": null,
            "common_shares": 3223567,
            "book_valuer_per_share": 11.51,
            "book_valuer_per_share_4q_avg": 11.86,
            "equity": 4342780,
            "current_ratio": 144.28,
            "debt_ratio": 53.01,
            "inventory_turnover_ratio": 0.59,
            "account_receivable_turnover_ratio": 1.97,
            "reinvestment_rate": null,
            "research_to_sale_ratio": 0.7,
            "price_fair": 17.64,
            "eps_avg_yearly": 0.5,
            "eps_latest_yearly": 1.56,
            "eps_growth_yearly": 207.23
        },
        "20112": {
            "year_quarter": 20112,
            "year": 2011,
            "quarter": 2,
            "eps": 0.08,
            "eps_growth_year": null,
            "eps_4q": -0.11,
            "eps_4q_growth_year": -178.59,
            "roe": 0.98,
            "roe_4q": 0.8599999999999999,
            "gross_profit": 270503,
            "gross_margin": 13.8,
            "gross_margin_4q_avg": 12.25,
            "net_income": 42422,
            "net_income_4q": null,
            "revenue": 1960640,
            "revenue_4q": null,
            "common_shares": 3223567,
            "book_valuer_per_share": 11.43,
            "book_valuer_per_share_4q_avg": 11.6,
            "equity": 4274141,
            "current_ratio": 154.36,
            "debt_ratio": 52.93,
            "inventory_turnover_ratio": 0.64,
            "account_receivable_turnover_ratio": 2.16,
            "reinvestment_rate": null,
            "research_to_sale_ratio": 0.59,
            "price_fair": 16.8,
            "eps_avg_yearly": 0.48,
            "eps_latest_yearly": 0.32,
            "eps_growth_yearly": 172.94
        },
        "20113": {
            "year_quarter": 20113,
            "year": 2011,
            "quarter": 3,
            "eps": 0,
            "eps_growth_year": null,
            "eps_4q": -0.04,
            "eps_4q_growth_year": null,
            "roe": 0.26,
            "roe_4q": 0.8900000000000001,
            "gross_profit": 199323,
            "gross_margin": 12.8,
            "gross_margin_4q_avg": 12.47,
            "net_income": 11429,
            "net_income_4q": null,
            "revenue": 1557222,
            "revenue_4q": null,
            "common_shares": 3223567,
            "book_valuer_per_share": 12.05,
            "book_valuer_per_share_4q_avg": 11.58,
            "equity": 4512987,
            "current_ratio": 156.32,
            "debt_ratio": 51.28,
            "inventory_turnover_ratio": 0.52,
            "account_receivable_turnover_ratio": 1.66,
            "reinvestment_rate": null,
            "research_to_sale_ratio": 0.55,
            "price_fair": 18.2,
            "eps_avg_yearly": 0.52,
            "eps_latest_yearly": 0.32,
            "eps_growth_yearly": 243.45
        },
        "20114": {
            "year_quarter": 20114,
            "year": 2011,
            "quarter": 4,
            "eps": -0.16,
            "eps_growth_year": null,
            "eps_4q": -0.01,
            "eps_4q_growth_year": null,
            "roe": -1.15,
            "roe_4q": 0.91,
            "gross_profit": 245448,
            "gross_margin": 12.47,
            "gross_margin_4q_avg": 13.1,
            "net_income": -45862,
            "net_income_4q": null,
            "revenue": 1968018,
            "revenue_4q": null,
            "common_shares": 3223567,
            "book_valuer_per_share": 8.83,
            "book_valuer_per_share_4q_avg": 10.96,
            "equity": 3448868,
            "current_ratio": 110.8,
            "debt_ratio": 58.9,
            "inventory_turnover_ratio": 0.77,
            "account_receivable_turnover_ratio": 2.25,
            "reinvestment_rate": null,
            "research_to_sale_ratio": 0.52,
            "price_fair": 18.2,
            "eps_avg_yearly": 0.52,
            "eps_latest_yearly": 0.32,
            "eps_growth_yearly": 243.45
        },
        "20121": {
            "year_quarter": 20121,
            "year": 2012,
            "quarter": 1,
            "eps": -0.03,
            "eps_growth_year": -142.86,
            "eps_4q": -0.1,
            "eps_4q_growth_year": null,
            "roe": 0.61,
            "roe_4q": 0.7000000000000001,
            "gross_profit": 242658,
            "gross_margin": 13.37,
            "gross_margin_4q_avg": 13.11,
            "net_income": 21360,
            "net_income_4q": null,
            "revenue": 1815386,
            "revenue_4q": null,
            "common_shares": 3223567,
            "book_valuer_per_share": 9.02,
            "book_valuer_per_share_4q_avg": 10.33,
            "equity": 3569002,
            "current_ratio": 125.41,
            "debt_ratio": 57.29,
            "inventory_turnover_ratio": 0.85,
            "account_receivable_turnover_ratio": 2.01,
            "reinvestment_rate": null,
            "research_to_sale_ratio": 0.53,
            "price_fair": 18.2,
            "eps_avg_yearly": 0.52,
            "eps_latest_yearly": 0.32,
            "eps_growth_yearly": 243.45
        },
        "20122": {
            "year_quarter": 20122,
            "year": 2012,
            "quarter": 2,
            "eps": -0.07,
            "eps_growth_year": -189.59,
            "eps_4q": -0.26,
            "eps_4q_growth_year": null,
            "roe": -0.41,
            "roe_4q": -0.69,
            "gross_profit": 310713,
            "gross_margin": 16.9,
            "gross_margin_4q_avg": 13.89,
            "net_income": -14189,
            "net_income_4q": null,
            "revenue": 1838440,
            "revenue_4q": null,
            "common_shares": 3223567,
            "book_valuer_per_share": 8.45,
            "book_valuer_per_share_4q_avg": 9.59,
            "equity": 3385345,
            "current_ratio": 116.91,
            "debt_ratio": 58.51,
            "inventory_turnover_ratio": 0.88,
            "account_receivable_turnover_ratio": 2.01,
            "reinvestment_rate": null,
            "research_to_sale_ratio": 0.64,
            "price_fair": 22.87,
            "eps_avg_yearly": 0.65,
            "eps_latest_yearly": 0.32,
            "eps_growth_yearly": 57.94
        },
        "20123": {
            "year_quarter": 20123,
            "year": 2012,
            "quarter": 3,
            "eps": -0.02,
            "eps_growth_year": -873.03,
            "eps_4q": -0.29,
            "eps_4q_growth_year": null,
            "roe": 0.6,
            "roe_4q": -0.34999999999999987,
            "gross_profit": 255062,
            "gross_margin": 17.87,
            "gross_margin_4q_avg": 15.15,
            "net_income": 20275,
            "net_income_4q": null,
            "revenue": 1427484,
            "revenue_4q": null,
            "common_shares": 3223567,
            "book_valuer_per_share": 8.4,
            "book_valuer_per_share_4q_avg": 8.68,
            "equity": 3378469,
            "current_ratio": 105.39,
            "debt_ratio": 57.47,
            "inventory_turnover_ratio": 0.75,
            "account_receivable_turnover_ratio": 1.68,
            "reinvestment_rate": null,
            "research_to_sale_ratio": 0.79,
            "price_fair": 32.9,
            "eps_avg_yearly": 0.94,
            "eps_latest_yearly": 0.32,
            "eps_growth_yearly": 153.57
        },
        "20124": {
            "year_quarter": 20124,
            "year": 2012,
            "quarter": 4,
            "eps": -0.31,
            "eps_growth_year": null,
            "eps_4q": -0.43,
            "eps_4q_growth_year": null,
            "roe": -3.06,
            "roe_4q": -2.2600000000000002,
            "gross_profit": 301501,
            "gross_margin": 13,
            "gross_margin_4q_avg": 15.29,
            "net_income": -105559,
            "net_income_4q": null,
            "revenue": 2319534,
            "revenue_4q": null,
            "common_shares": 3423567,
            "book_valuer_per_share": 8.26,
            "book_valuer_per_share_4q_avg": 8.53,
            "equity": 3524521,
            "current_ratio": 119.7,
            "debt_ratio": 55.03,
            "inventory_turnover_ratio": 1.33,
            "account_receivable_turnover_ratio": 2.81,
            "reinvestment_rate": null,
            "research_to_sale_ratio": 0.49,
            "price_fair": 32.9,
            "eps_avg_yearly": 0.94,
            "eps_latest_yearly": 0.32,
            "eps_growth_yearly": 153.57
        },
        "20131": {
            "year_quarter": 20131,
            "year": 2013,
            "quarter": 1,
            "eps": 0.15,
            "eps_growth_year": null,
            "eps_4q": -0.26,
            "eps_4q_growth_year": null,
            "roe": 2.07,
            "roe_4q": -0.8000000000000003,
            "gross_profit": 312952,
            "gross_margin": 16.91,
            "gross_margin_4q_avg": 16.17,
            "net_income": 74300,
            "net_income_4q": null,
            "revenue": 1851112,
            "revenue_4q": null,
            "common_shares": 3423567,
            "book_valuer_per_share": 8.35,
            "book_valuer_per_share_4q_avg": 8.37,
            "equity": 3666587,
            "current_ratio": 121.9,
            "debt_ratio": 54.48,
            "inventory_turnover_ratio": 1.08,
            "account_receivable_turnover_ratio": 2.11,
            "reinvestment_rate": null,
            "research_to_sale_ratio": 0.51,
            "price_fair": 32.9,
            "eps_avg_yearly": 0.94,
            "eps_latest_yearly": 0.32,
            "eps_growth_yearly": 153.57
        },
        "20132": {
            "year_quarter": 20132,
            "year": 2013,
            "quarter": 2,
            "eps": 0.2,
            "eps_growth_year": null,
            "eps_4q": 0.02,
            "eps_4q_growth_year": null,
            "roe": 3.11,
            "roe_4q": 2.7199999999999998,
            "gross_profit": 364774,
            "gross_margin": 18.92,
            "gross_margin_4q_avg": 16.68,
            "net_income": 118750,
            "net_income_4q": null,
            "revenue": 1927498,
            "revenue_4q": null,
            "common_shares": 3923567,
            "book_valuer_per_share": 8.11,
            "book_valuer_per_share_4q_avg": 8.28,
            "equity": 3968621,
            "current_ratio": 131.55,
            "debt_ratio": 51.63,
            "inventory_turnover_ratio": 1.16,
            "account_receivable_turnover_ratio": 2.15,
            "reinvestment_rate": null,
            "research_to_sale_ratio": 0.54,
            "price_fair": 31.27,
            "eps_avg_yearly": 0.89,
            "eps_latest_yearly": 0.8,
            "eps_growth_yearly": 146.83
        },
        "20133": {
            "year_quarter": 20133,
            "year": 2013,
            "quarter": 3,
            "eps": 0.28,
            "eps_growth_year": null,
            "eps_4q": 0.32,
            "eps_4q_growth_year": null,
            "roe": 3.87,
            "roe_4q": 5.99,
            "gross_profit": 430845,
            "gross_margin": 23.15,
            "gross_margin_4q_avg": 18,
            "net_income": 155315,
            "net_income_4q": null,
            "revenue": 1861171,
            "revenue_4q": null,
            "common_shares": 3923567,
            "book_valuer_per_share": 8.28,
            "book_valuer_per_share_4q_avg": 8.25,
            "equity": 4059556,
            "current_ratio": 129.26,
            "debt_ratio": 48.63,
            "inventory_turnover_ratio": 1.09,
            "account_receivable_turnover_ratio": 2.11,
            "reinvestment_rate": null,
            "research_to_sale_ratio": 0.47,
            "price_fair": 26.13,
            "eps_avg_yearly": 0.75,
            "eps_latest_yearly": 1.12,
            "eps_growth_yearly": 116.83
        },
        "20134": {
            "year_quarter": 20134,
            "year": 2013,
            "quarter": 4,
            "eps": 0.28,
            "eps_growth_year": null,
            "eps_4q": 0.97,
            "eps_4q_growth_year": null,
            "roe": 3.11,
            "roe_4q": 12.16,
            "gross_profit": 471465,
            "gross_margin": 25.69,
            "gross_margin_4q_avg": 21.17,
            "net_income": 134262,
            "net_income_4q": null,
            "revenue": 1835190,
            "revenue_4q": null,
            "common_shares": 3368015,
            "book_valuer_per_share": 11.18,
            "book_valuer_per_share_4q_avg": 8.98,
            "equity": 4586925,
            "current_ratio": 136.6,
            "debt_ratio": 48.1,
            "inventory_turnover_ratio": 1.03,
            "account_receivable_turnover_ratio": 2.08,
            "reinvestment_rate": -43032.9,
            "research_to_sale_ratio": 0.59,
            "price_fair": 29.4,
            "eps_avg_yearly": 0.84,
            "eps_latest_yearly": 1.12,
            "eps_growth_yearly": 87.62
        },
        "20141": {
            "year_quarter": 20141,
            "year": 2014,
            "quarter": 1,
            "eps": 0.19,
            "eps_growth_year": 26.67,
            "eps_4q": 1.01,
            "eps_4q_growth_year": null,
            "roe": 2.22,
            "roe_4q": 12.309999999999999,
            "gross_profit": 378723,
            "gross_margin": 22.84,
            "gross_margin_4q_avg": 22.65,
            "net_income": 103693,
            "net_income_4q": null,
            "revenue": 1658152,
            "revenue_4q": null,
            "common_shares": 3368015,
            "book_valuer_per_share": 11.5,
            "book_valuer_per_share_4q_avg": 9.77,
            "equity": 4762058,
            "current_ratio": 136.6,
            "debt_ratio": 44.08,
            "inventory_turnover_ratio": 0.96,
            "account_receivable_turnover_ratio": 1.79,
            "reinvestment_rate": -6239.38,
            "research_to_sale_ratio": 0.55,
            "price_fair": 28.84,
            "eps_avg_yearly": 0.82,
            "eps_latest_yearly": 0.76,
            "eps_growth_yearly": 44.38
        },
        "20142": {
            "year_quarter": 20142,
            "year": 2014,
            "quarter": 2,
            "eps": 0.18,
            "eps_growth_year": -10,
            "eps_4q": 0.97,
            "eps_4q_growth_year": 4035.59,
            "roe": 1.85,
            "roe_4q": 11.05,
            "gross_profit": 386308,
            "gross_margin": 22.74,
            "gross_margin_4q_avg": 23.61,
            "net_income": 86906,
            "net_income_4q": null,
            "revenue": 1698992,
            "revenue_4q": null,
            "common_shares": 3368015,
            "book_valuer_per_share": 11.26,
            "book_valuer_per_share_4q_avg": 10.56,
            "equity": 4646689,
            "current_ratio": 169.77,
            "debt_ratio": 44.88,
            "inventory_turnover_ratio": 1,
            "account_receivable_turnover_ratio": 1.71,
            "reinvestment_rate": -2066.16,
            "research_to_sale_ratio": 0.55,
            "price_fair": 28.23,
            "eps_avg_yearly": 0.81,
            "eps_latest_yearly": 0.72,
            "eps_growth_yearly": 33.48
        },
        "20143": {
            "year_quarter": 20143,
            "year": 2014,
            "quarter": 3,
            "eps": 0.32,
            "eps_growth_year": 14.29,
            "eps_4q": 0.97,
            "eps_4q_growth_year": 203.93,
            "roe": 2.91,
            "roe_4q": 10.09,
            "gross_profit": 414718,
            "gross_margin": 23.82,
            "gross_margin_4q_avg": 23.77,
            "net_income": 138045,
            "net_income_4q": null,
            "revenue": 1741393,
            "revenue_4q": null,
            "common_shares": 3368015,
            "book_valuer_per_share": 11.73,
            "book_valuer_per_share_4q_avg": 11.42,
            "equity": 4851105,
            "current_ratio": 181.06,
            "debt_ratio": 44.46,
            "inventory_turnover_ratio": 0.99,
            "account_receivable_turnover_ratio": 1.75,
            "reinvestment_rate": -146.28,
            "research_to_sale_ratio": 0.61,
            "price_fair": 30.6,
            "eps_avg_yearly": 0.87,
            "eps_latest_yearly": 1.28,
            "eps_growth_yearly": 73.14
        },
        "20144": {
            "year_quarter": 20144,
            "year": 2014,
            "quarter": 4,
            "eps": 1.71,
            "eps_growth_year": 515.23,
            "eps_4q": 2.43,
            "eps_4q_growth_year": 150.92,
            "roe": 11.64,
            "roe_4q": 18.62,
            "gross_profit": 360989,
            "gross_margin": 20.48,
            "gross_margin_4q_avg": 22.47,
            "net_income": 591415,
            "net_income_4q": null,
            "revenue": 1762496,
            "revenue_4q": null,
            "common_shares": 3368015,
            "book_valuer_per_share": 13.83,
            "book_valuer_per_share_4q_avg": 12.08,
            "equity": 5311331,
            "current_ratio": 226.38,
            "debt_ratio": 41.86,
            "inventory_turnover_ratio": 0.95,
            "account_receivable_turnover_ratio": 1.74,
            "reinvestment_rate": -21.01,
            "research_to_sale_ratio": 0.73,
            "price_fair": 56.7,
            "eps_avg_yearly": 1.62,
            "eps_latest_yearly": 6.84,
            "eps_growth_yearly": 281.18
        },
        "20151": {
            "year_quarter": 20151,
            "year": 2015,
            "quarter": 1,
            "eps": 0.15,
            "eps_growth_year": -21.05,
            "eps_4q": 2.38,
            "eps_4q_growth_year": 136.16,
            "roe": 1.68,
            "roe_4q": 18.080000000000002,
            "gross_profit": 425961,
            "gross_margin": 24.23,
            "gross_margin_4q_avg": 22.82,
            "net_income": 89789,
            "net_income_4q": null,
            "revenue": 1757722,
            "revenue_4q": null,
            "common_shares": 3258325,
            "book_valuer_per_share": 13.45,
            "book_valuer_per_share_4q_avg": 12.57,
            "equity": 5378419,
            "current_ratio": 238.23,
            "debt_ratio": 39.75,
            "inventory_turnover_ratio": 0.89,
            "account_receivable_turnover_ratio": 1.66,
            "reinvestment_rate": -349.85,
            "research_to_sale_ratio": 0.58,
            "price_fair": 52.73,
            "eps_avg_yearly": 1.51,
            "eps_latest_yearly": 0.6,
            "eps_growth_yearly": 209.39
        },
        "20152": {
            "year_quarter": 20152,
            "year": 2015,
            "quarter": 2,
            "eps": 0.12,
            "eps_growth_year": -33.33,
            "eps_4q": 2.32,
            "eps_4q_growth_year": 139.08,
            "roe": 1.64,
            "roe_4q": 17.87,
            "gross_profit": 407977,
            "gross_margin": 24.31,
            "gross_margin_4q_avg": 23.21,
            "net_income": 84687,
            "net_income_4q": null,
            "revenue": 1678566,
            "revenue_4q": null,
            "common_shares": 3258325,
            "book_valuer_per_share": 12.17,
            "book_valuer_per_share_4q_avg": 12.8,
            "equity": 4918585,
            "current_ratio": 200.95,
            "debt_ratio": 42.85,
            "inventory_turnover_ratio": 0.92,
            "account_receivable_turnover_ratio": 1.69,
            "reinvestment_rate": -332.02,
            "research_to_sale_ratio": 0.66,
            "price_fair": 53.36,
            "eps_avg_yearly": 1.52,
            "eps_latest_yearly": 0.48,
            "eps_growth_yearly": 194.16
        },
        "20153": {
            "year_quarter": 20153,
            "year": 2015,
            "quarter": 3,
            "eps": 0.02,
            "eps_growth_year": -93.75,
            "eps_4q": 2.01,
            "eps_4q_growth_year": 106.52,
            "roe": 1.18,
            "roe_4q": 16.14,
            "gross_profit": 439085,
            "gross_margin": 27.53,
            "gross_margin_4q_avg": 24.14,
            "net_income": 58941,
            "net_income_4q": null,
            "revenue": 1594815,
            "revenue_4q": null,
            "common_shares": 3258325,
            "book_valuer_per_share": 12.46,
            "book_valuer_per_share_4q_avg": 12.98,
            "equity": 5050269,
            "current_ratio": 230.84,
            "debt_ratio": 41.09,
            "inventory_turnover_ratio": 0.86,
            "account_receivable_turnover_ratio": 1.74,
            "reinvestment_rate": -28.86,
            "research_to_sale_ratio": 0.7,
            "price_fair": 48.3,
            "eps_avg_yearly": 1.38,
            "eps_latest_yearly": 0.08,
            "eps_growth_yearly": 141.41
        },
        "20154": {
            "year_quarter": 20154,
            "year": 2015,
            "quarter": 4,
            "eps": 0.02,
            "eps_growth_year": -98.64,
            "eps_4q": 0.32,
            "eps_4q_growth_year": -86.77,
            "roe": 1.02,
            "roe_4q": 5.52,
            "gross_profit": 342613,
            "gross_margin": 23.95,
            "gross_margin_4q_avg": 25.01,
            "net_income": 51525,
            "net_income_4q": null,
            "revenue": 1430526,
            "revenue_4q": null,
            "common_shares": 3258325,
            "book_valuer_per_share": 12.38,
            "book_valuer_per_share_4q_avg": 12.62,
            "equity": 5072729,
            "current_ratio": 233.14,
            "debt_ratio": 40.07,
            "inventory_turnover_ratio": 0.82,
            "account_receivable_turnover_ratio": 1.63,
            "reinvestment_rate": -27.2,
            "research_to_sale_ratio": 0.79,
            "price_fair": 44.16,
            "eps_avg_yearly": 1.26,
            "eps_latest_yearly": 0.08,
            "eps_growth_yearly": 128.55
        },
        "20161": {
            "year_quarter": 20161,
            "year": 2016,
            "quarter": 1,
            "eps": 0.19,
            "eps_growth_year": 26.67,
            "eps_4q": 0.36,
            "eps_4q_growth_year": -85.08,
            "roe": 2.34,
            "roe_4q": 6.18,
            "gross_profit": 422844,
            "gross_margin": 26.93,
            "gross_margin_4q_avg": 25.68,
            "net_income": 119543,
            "net_income_4q": null,
            "revenue": 1570439,
            "revenue_4q": null,
            "common_shares": 3258325,
            "book_valuer_per_share": 12.48,
            "book_valuer_per_share_4q_avg": 12.37,
            "equity": 5165769,
            "current_ratio": 246.85,
            "debt_ratio": 39.73,
            "inventory_turnover_ratio": 0.95,
            "account_receivable_turnover_ratio": 1.63,
            "reinvestment_rate": -254.71,
            "research_to_sale_ratio": 0.73,
            "price_fair": 42.7,
            "eps_avg_yearly": 1.22,
            "eps_latest_yearly": 0.76,
            "eps_growth_yearly": 401.17
        },
        "20162": {
            "year_quarter": 20162,
            "year": 2016,
            "quarter": 2,
            "eps": 0.09,
            "eps_growth_year": -25,
            "eps_4q": 0.32,
            "eps_4q_growth_year": -86.32,
            "roe": 0.56,
            "roe_4q": 5.1,
            "gross_profit": 467289,
            "gross_margin": 30.12,
            "gross_margin_4q_avg": 27.13,
            "net_income": 28460,
            "net_income_4q": null,
            "revenue": 1551523,
            "revenue_4q": null,
            "common_shares": 3258325,
            "book_valuer_per_share": 12.38,
            "book_valuer_per_share_4q_avg": 12.43,
            "equity": 5081778,
            "current_ratio": 212.79,
            "debt_ratio": 40.09,
            "inventory_turnover_ratio": 0.95,
            "account_receivable_turnover_ratio": 1.6,
            "reinvestment_rate": -240.83,
            "research_to_sale_ratio": 0.71,
            "price_fair": 40.38,
            "eps_avg_yearly": 1.15,
            "eps_latest_yearly": 0.36,
            "eps_growth_yearly": 354.12
        },
        "20163": {
            "year_quarter": 20163,
            "year": 2016,
            "quarter": 3,
            "eps": 0.12,
            "eps_growth_year": 500,
            "eps_4q": 0.42,
            "eps_4q_growth_year": -79.3,
            "roe": 1.75,
            "roe_4q": 5.67,
            "gross_profit": 377667,
            "gross_margin": 25.31,
            "gross_margin_4q_avg": 26.58,
            "net_income": 89212,
            "net_income_4q": null,
            "revenue": 1491911,
            "revenue_4q": null,
            "common_shares": 3323492,
            "book_valuer_per_share": 12.08,
            "book_valuer_per_share_4q_avg": 12.33,
            "equity": 5092261,
            "current_ratio": 226.37,
            "debt_ratio": 38.86,
            "inventory_turnover_ratio": 0.95,
            "account_receivable_turnover_ratio": 1.7,
            "reinvestment_rate": -10.55,
            "research_to_sale_ratio": 0.75,
            "price_fair": 38.7,
            "eps_avg_yearly": 1.11,
            "eps_latest_yearly": 0.48,
            "eps_growth_yearly": 338.35
        },
        "20164": {
            "year_quarter": 20164,
            "year": 2016,
            "quarter": 4,
            "eps": -0.26,
            "eps_growth_year": -1232.17,
            "eps_4q": 0.13,
            "eps_4q_growth_year": -59.84,
            "roe": -0.77,
            "roe_4q": 3.88,
            "gross_profit": 331724,
            "gross_margin": 23.36,
            "gross_margin_4q_avg": 26.43,
            "net_income": -39231,
            "net_income_4q": null,
            "revenue": 1419918,
            "revenue_4q": null,
            "common_shares": 3323492,
            "book_valuer_per_share": 11.93,
            "book_valuer_per_share_4q_avg": 12.22,
            "equity": 5087310,
            "current_ratio": 206.81,
            "debt_ratio": 38.16,
            "inventory_turnover_ratio": 0.93,
            "account_receivable_turnover_ratio": 1.62,
            "reinvestment_rate": -226.55,
            "research_to_sale_ratio": 0.64,
            "price_fair": 38.7,
            "eps_avg_yearly": 1.11,
            "eps_latest_yearly": 0.48,
            "eps_growth_yearly": 338.35
        },
        "20171": {
            "year_quarter": 20171,
            "year": 2017,
            "quarter": 1,
            "eps": 0.04,
            "eps_growth_year": -78.95,
            "eps_4q": -0.02,
            "eps_4q_growth_year": -105.2,
            "roe": 1.15,
            "roe_4q": 2.69,
            "gross_profit": 314537,
            "gross_margin": 21.2,
            "gross_margin_4q_avg": 25,
            "net_income": 57857,
            "net_income_4q": null,
            "revenue": 1483350,
            "revenue_4q": null,
            "common_shares": 3323492,
            "book_valuer_per_share": 11.64,
            "book_valuer_per_share_4q_avg": 12.01,
            "equity": 5009105,
            "current_ratio": 197.45,
            "debt_ratio": 38.47,
            "inventory_turnover_ratio": 0.99,
            "account_receivable_turnover_ratio": 1.61,
            "reinvestment_rate": -23.8,
            "research_to_sale_ratio": 0.82,
            "price_fair": 38.7,
            "eps_avg_yearly": 1.11,
            "eps_latest_yearly": 0.48,
            "eps_growth_yearly": 338.35
        },
        "20172": {
            "year_quarter": 20172,
            "year": 2017,
            "quarter": 2,
            "eps": 0.03,
            "eps_growth_year": -66.67,
            "eps_4q": -0.08,
            "eps_4q_growth_year": -124.61,
            "roe": 0.76,
            "roe_4q": 2.8899999999999997,
            "gross_profit": 276449,
            "gross_margin": 19.06,
            "gross_margin_4q_avg": 22.23,
            "net_income": 38143,
            "net_income_4q": null,
            "revenue": 1450302,
            "revenue_4q": null,
            "common_shares": 3323492,
            "book_valuer_per_share": 11.53,
            "book_valuer_per_share_4q_avg": 11.8,
            "equity": 4990276,
            "current_ratio": 168.54,
            "debt_ratio": 40.13,
            "inventory_turnover_ratio": 0.88,
            "account_receivable_turnover_ratio": 1.5,
            "reinvestment_rate": -10.71,
            "research_to_sale_ratio": 0.79,
            "price_fair": 37,
            "eps_avg_yearly": 1.06,
            "eps_latest_yearly": 0.12,
            "eps_growth_yearly": 321.68
        },
        "20173": {
            "year_quarter": 20173,
            "year": 2017,
            "quarter": 3,
            "eps": -0.05,
            "eps_growth_year": -141.67,
            "eps_4q": -0.24,
            "eps_4q_growth_year": -158.8,
            "roe": 0.21,
            "roe_4q": 1.35,
            "gross_profit": 252380,
            "gross_margin": 17.44,
            "gross_margin_4q_avg": 20.27,
            "net_income": 10373,
            "net_income_4q": null,
            "revenue": 1447290,
            "revenue_4q": null,
            "common_shares": 3323492,
            "book_valuer_per_share": 11.51,
            "book_valuer_per_share_4q_avg": 11.65,
            "equity": 5023393,
            "current_ratio": 207.54,
            "debt_ratio": 38.46,
            "inventory_turnover_ratio": 0.84,
            "account_receivable_turnover_ratio": 1.55,
            "reinvestment_rate": 5.88,
            "research_to_sale_ratio": 0.72,
            "price_fair": 36.83,
            "eps_avg_yearly": 1.05,
            "eps_latest_yearly": 0.12,
            "eps_growth_yearly": 334.12
        },
        "20174": {
            "year_quarter": 20174,
            "year": 2017,
            "quarter": 4,
            "eps": -2.96,
            "eps_growth_year": null,
            "eps_4q": -2.94,
            "eps_4q_growth_year": -2376.08,
            "roe": -21.57,
            "roe_4q": -19.45,
            "gross_profit": 236085,
            "gross_margin": 17.33,
            "gross_margin_4q_avg": 18.76,
            "net_income": -977437,
            "net_income_4q": null,
            "revenue": 1362361,
            "revenue_4q": null,
            "common_shares": 3323492,
            "book_valuer_per_share": 8.51,
            "book_valuer_per_share_4q_avg": 10.8,
            "equity": 4037658,
            "current_ratio": 129.26,
            "debt_ratio": 44.81,
            "inventory_turnover_ratio": 0.87,
            "account_receivable_turnover_ratio": 1.52,
            "reinvestment_rate": null,
            "research_to_sale_ratio": 0.81,
            "price_fair": 36.63,
            "eps_avg_yearly": 1.05,
            "eps_latest_yearly": 0.12,
            "eps_growth_yearly": 361.96
        },
        "20181": {
            "year_quarter": 20181,
            "year": 2018,
            "quarter": 1,
            "eps": 0.05,
            "eps_growth_year": 25,
            "eps_4q": -2.92,
            "eps_4q_growth_year": null,
            "roe": 0.97,
            "roe_4q": -19.63,
            "gross_profit": 248114,
            "gross_margin": 18.83,
            "gross_margin_4q_avg": 18.17,
            "net_income": 39420,
            "net_income_4q": null,
            "revenue": 1317794,
            "revenue_4q": null,
            "common_shares": 3323492,
            "book_valuer_per_share": 8.51,
            "book_valuer_per_share_4q_avg": 10.02,
            "equity": 4086213,
            "current_ratio": 129.84,
            "debt_ratio": 42.64,
            "inventory_turnover_ratio": 0.88,
            "account_receivable_turnover_ratio": 1.39,
            "reinvestment_rate": null,
            "research_to_sale_ratio": 0.86,
            "price_fair": 37.55,
            "eps_avg_yearly": 1.07,
            "eps_latest_yearly": 0.12,
            "eps_growth_yearly": 406.56
        },
        "20182": {
            "year_quarter": 20182,
            "year": 2018,
            "quarter": 2,
            "eps": -0.35,
            "eps_growth_year": -1266.67,
            "eps_4q": -3.3,
            "eps_4q_growth_year": null,
            "roe": -2.23,
            "roe_4q": -22.62,
            "gross_profit": 220151,
            "gross_margin": 17.04,
            "gross_margin_4q_avg": 17.66,
            "net_income": -89743,
            "net_income_4q": null,
            "revenue": 1291953,
            "revenue_4q": null,
            "common_shares": 3323492,
            "book_valuer_per_share": 8.32,
            "book_valuer_per_share_4q_avg": 9.21,
            "equity": 3968371,
            "current_ratio": 115.7,
            "debt_ratio": 43.45,
            "inventory_turnover_ratio": 0.89,
            "account_receivable_turnover_ratio": 1.32,
            "reinvestment_rate": null,
            "research_to_sale_ratio": 0.85,
            "price_fair": 38.78,
            "eps_avg_yearly": 1.11,
            "eps_latest_yearly": 0.12,
            "eps_growth_yearly": 449.32
        },
        "20183": {
            "year_quarter": 20183,
            "year": 2018,
            "quarter": 3,
            "eps": -0.48,
            "eps_growth_year": null,
            "eps_4q": -3.74,
            "eps_4q_growth_year": null,
            "roe": -3.49,
            "roe_4q": -26.32,
            "gross_profit": 244711,
            "gross_margin": 18.08,
            "gross_margin_4q_avg": 17.82,
            "net_income": -137672,
            "net_income_4q": null,
            "revenue": 1353833,
            "revenue_4q": null,
            "common_shares": 3323492,
            "book_valuer_per_share": 8,
            "book_valuer_per_share_4q_avg": 8.34,
            "equity": 3917711,
            "current_ratio": 180.36,
            "debt_ratio": 45.92,
            "inventory_turnover_ratio": 0.96,
            "account_receivable_turnover_ratio": 1.39,
            "reinvestment_rate": null,
            "research_to_sale_ratio": 0.74,
            "price_fair": 38.11,
            "eps_avg_yearly": 1.09,
            "eps_latest_yearly": 0.12,
            "eps_growth_yearly": 464.67
        },
        "20184": {
            "year_quarter": 20184,
            "year": 2018,
            "quarter": 4,
            "eps": 0.02,
            "eps_growth_year": null,
            "eps_4q": -0.76,
            "eps_4q_growth_year": null,
            "roe": 0.89,
            "roe_4q": -3.8600000000000003,
            "gross_profit": 216322,
            "gross_margin": 16.73,
            "gross_margin_4q_avg": 17.67,
            "net_income": 35063,
            "net_income_4q": null,
            "revenue": 1292748,
            "revenue_4q": null,
            "common_shares": 3323492,
            "book_valuer_per_share": 8.02,
            "book_valuer_per_share_4q_avg": 8.21,
            "equity": 3962682,
            "current_ratio": 126.76,
            "debt_ratio": 44.35,
            "inventory_turnover_ratio": 1,
            "account_receivable_turnover_ratio": 1.41,
            "reinvestment_rate": null,
            "research_to_sale_ratio": 0.69,
            "price_fair": 12.95,
            "eps_avg_yearly": 0.37,
            "eps_latest_yearly": 0.12,
            "eps_growth_yearly": 305.57
        },
        "20191": {
            "year_quarter": 20191,
            "year": 2019,
            "quarter": 1,
            "eps": 0.01,
            "eps_growth_year": -80,
            "eps_4q": -0.8,
            "eps_4q_growth_year": null,
            "roe": 0.63,
            "roe_4q": -4.2,
            "gross_profit": 178841,
            "gross_margin": 14.64,
            "gross_margin_4q_avg": 16.62,
            "net_income": 25105,
            "net_income_4q": null,
            "revenue": 1221434,
            "revenue_4q": null,
            "common_shares": 3323492,
            "book_valuer_per_share": 8.06,
            "book_valuer_per_share_4q_avg": 8.1,
            "equity": 4023506,
            "current_ratio": 131.73,
            "debt_ratio": 43.67,
            "inventory_turnover_ratio": 1.09,
            "account_receivable_turnover_ratio": 1.41,
            "reinvestment_rate": null,
            "research_to_sale_ratio": 0.83,
            "price_fair": 10.5,
            "eps_avg_yearly": 0.3,
            "eps_latest_yearly": 0.04,
            "eps_growth_yearly": 326.18
        },
        "20192": {
            "year_quarter": 20192,
            "year": 2019,
            "quarter": 2,
            "eps": 0,
            "eps_growth_year": null,
            "eps_4q": -0.45,
            "eps_4q_growth_year": null,
            "roe": 0.61,
            "roe_4q": -1.3600000000000003,
            "gross_profit": 251423,
            "gross_margin": 19.72,
            "gross_margin_4q_avg": 17.29,
            "net_income": 24878,
            "net_income_4q": null,
            "revenue": 1274737,
            "revenue_4q": null,
            "common_shares": 3323492,
            "book_valuer_per_share": 8.25,
            "book_valuer_per_share_4q_avg": 8.08,
            "equity": 4110038,
            "current_ratio": 172.19,
            "debt_ratio": 42.47,
            "inventory_turnover_ratio": 1.14,
            "account_receivable_turnover_ratio": 1.44,
            "reinvestment_rate": null,
            "research_to_sale_ratio": 0.52,
            "price_fair": 9.6,
            "eps_avg_yearly": 0.27,
            "eps_latest_yearly": 0.04,
            "eps_growth_yearly": 384.21
        },
        "20193": {
            "year_quarter": 20193,
            "year": 2019,
            "quarter": 3,
            "eps": -0.13,
            "eps_growth_year": null,
            "eps_4q": -0.09,
            "eps_4q_growth_year": null,
            "roe": 0.04,
            "roe_4q": 2.17,
            "gross_profit": 266637,
            "gross_margin": 18.94,
            "gross_margin_4q_avg": 17.51,
            "net_income": 1850,
            "net_income_4q": null,
            "revenue": 1408161,
            "revenue_4q": null,
            "common_shares": 3323492,
            "book_valuer_per_share": 8.24,
            "book_valuer_per_share_4q_avg": 8.14,
            "equity": 4155266,
            "current_ratio": 174.68,
            "debt_ratio": 43.12,
            "inventory_turnover_ratio": 1.2,
            "account_receivable_turnover_ratio": 1.6,
            "reinvestment_rate": null,
            "research_to_sale_ratio": 0.72,
            "price_fair": 10.73,
            "eps_avg_yearly": 0.31,
            "eps_latest_yearly": 0.04,
            "eps_growth_yearly": 503.8
        },
        "20194": {
            "year_quarter": 20194,
            "year": 2019,
            "quarter": 4,
            "eps": 0.14,
            "eps_growth_year": 747,
            "eps_4q": 0.03,
            "eps_4q_growth_year": null,
            "roe": 2.31,
            "roe_4q": 3.59,
            "gross_profit": 278670,
            "gross_margin": 20.48,
            "gross_margin_4q_avg": 18.45,
            "net_income": 96447,
            "net_income_4q": null,
            "revenue": 1360605,
            "revenue_4q": null,
            "common_shares": 3323492,
            "book_valuer_per_share": 8.23,
            "book_valuer_per_share_4q_avg": 8.2,
            "equity": 4180474,
            "current_ratio": 201.78,
            "debt_ratio": 43.56,
            "inventory_turnover_ratio": 1.07,
            "account_receivable_turnover_ratio": 1.57,
            "reinvestment_rate": null,
            "research_to_sale_ratio": 0.82,
            "price_fair": 12.32,
            "eps_avg_yearly": 0.35,
            "eps_latest_yearly": 0.04,
            "eps_growth_yearly": 604.56
        },
        "20201": {
            "year_quarter": 20201,
            "year": 2020,
            "quarter": 1,
            "eps": 0.14,
            "eps_growth_year": 1300,
            "eps_4q": 0.16,
            "eps_4q_growth_year": null,
            "roe": 2.59,
            "roe_4q": 5.550000000000001,
            "gross_profit": 233513,
            "gross_margin": 19.99,
            "gross_margin_4q_avg": 19.78,
            "net_income": 106330,
            "net_income_4q": null,
            "revenue": 1168385,
            "revenue_4q": null,
            "common_shares": 3323492,
            "book_valuer_per_share": 8.05,
            "book_valuer_per_share_4q_avg": 8.19,
            "equity": 4045734,
            "current_ratio": 190.59,
            "debt_ratio": 45.11,
            "inventory_turnover_ratio": 0.9,
            "account_receivable_turnover_ratio": 1.51,
            "reinvestment_rate": null,
            "research_to_sale_ratio": 0.86,
            "price_fair": 0.94,
            "eps_avg_yearly": 0.31,
            "eps_latest_yearly": 0.56,
            "eps_growth_yearly": -75.44
        },
        "20202": {
            "year_quarter": 20202,
            "year": 2020,
            "quarter": 2,
            "eps": 0.09,
            "eps_growth_year": null,
            "eps_4q": 0.25,
            "eps_4q_growth_year": null,
            "roe": 0.77,
            "roe_4q": 5.71,
            "gross_profit": 186762,
            "gross_margin": 19.65,
            "gross_margin_4q_avg": 19.77,
            "net_income": 31454,
            "net_income_4q": null,
            "revenue": 950401,
            "revenue_4q": null,
            "common_shares": 3323492,
            "book_valuer_per_share": 8.29,
            "book_valuer_per_share_4q_avg": 8.2,
            "equity": 4149062,
            "current_ratio": 192.01,
            "debt_ratio": 43.78,
            "inventory_turnover_ratio": 0.75,
            "account_receivable_turnover_ratio": 1.52,
            "reinvestment_rate": null,
            "research_to_sale_ratio": 0.74,
            "price_fair": 0.94,
            "eps_avg_yearly": 0.31,
            "eps_latest_yearly": 0.36,
            "eps_growth_yearly": -61.9
        },
        "20203": {
            "year_quarter": 20203,
            "year": 2020,
            "quarter": 3,
            "eps": 0.41,
            "eps_growth_year": null,
            "eps_4q": 0.79,
            "eps_4q_growth_year": null,
            "roe": 4.81,
            "roe_4q": 10.48,
            "gross_profit": 338989,
            "gross_margin": 25.25,
            "gross_margin_4q_avg": 21.34,
            "net_income": 201431,
            "net_income_4q": null,
            "revenue": 1342588,
            "revenue_4q": null,
            "common_shares": 3323492,
            "book_valuer_per_share": 8.51,
            "book_valuer_per_share_4q_avg": 8.27,
            "equity": 4225284,
            "current_ratio": 186.51,
            "debt_ratio": 44.03,
            "inventory_turnover_ratio": 1.07,
            "account_receivable_turnover_ratio": 2,
            "reinvestment_rate": null,
            "research_to_sale_ratio": 0.62,
            "price_fair": 19.04,
            "eps_avg_yearly": 0.54,
            "eps_latest_yearly": 1.64,
            "eps_growth_yearly": 195.87
        },
        "20204": {
            "year_quarter": 20204,
            "year": 2020,
            "quarter": 4,
            "eps": 0.47,
            "eps_growth_year": 231.4,
            "eps_4q": 1.12,
            "eps_4q_growth_year": 3311.97,
            "roe": 5.09,
            "roe_4q": 13.259999999999998,
            "gross_profit": 400166,
            "gross_margin": 28.15,
            "gross_margin_4q_avg": 23.26,
            "net_income": 222704,
            "net_income_4q": null,
            "revenue": 1421490,
            "revenue_4q": null,
            "common_shares": 3323492,
            "book_valuer_per_share": 9.07,
            "book_valuer_per_share_4q_avg": 8.48,
            "equity": 4524978,
            "current_ratio": 183.51,
            "debt_ratio": 43.79,
            "inventory_turnover_ratio": 1.11,
            "account_receivable_turnover_ratio": 1.79,
            "reinvestment_rate": null,
            "research_to_sale_ratio": 0.67,
            "price_fair": 26.83,
            "eps_avg_yearly": 0.77,
            "eps_latest_yearly": 1.88,
            "eps_growth_yearly": 172.98
        },
        "20211": {
            "year_quarter": 20211,
            "year": 2021,
            "quarter": 1,
            "eps": 0.42,
            "eps_growth_year": 200,
            "eps_4q": 1.58,
            "eps_4q_growth_year": 895.61,
            "roe": 3.91,
            "roe_4q": 14.579999999999998,
            "gross_profit": 345222,
            "gross_margin": 26.33,
            "gross_margin_4q_avg": 24.85,
            "net_income": 178141,
            "net_income_4q": null,
            "revenue": 1311002,
            "revenue_4q": null,
            "common_shares": 2793492,
            "book_valuer_per_share": 11.03,
            "book_valuer_per_share_4q_avg": 9.23,
            "equity": 4586366,
            "current_ratio": 196.39,
            "debt_ratio": 43.77,
            "inventory_turnover_ratio": 0.92,
            "account_receivable_turnover_ratio": 1.65,
            "reinvestment_rate": null,
            "research_to_sale_ratio": 0.81,
            "price_fair": 31.4,
            "eps_avg_yearly": 0.9,
            "eps_latest_yearly": 1.68,
            "eps_growth_yearly": 142.19
        },
        "20212": {
            "year_quarter": 20212,
            "year": 2021,
            "quarter": 2,
            "eps": 0.35,
            "eps_growth_year": 288.89,
            "eps_4q": 1.82,
            "eps_4q_growth_year": 642.34,
            "roe": 3.34,
            "roe_4q": 17.15,
            "gross_profit": 352553,
            "gross_margin": 25.42,
            "gross_margin_4q_avg": 26.29,
            "net_income": 152208,
            "net_income_4q": null,
            "revenue": 1386662,
            "revenue_4q": null,
            "common_shares": 2793492,
            "book_valuer_per_share": 11.16,
            "book_valuer_per_share_4q_avg": 9.94,
            "equity": 4522550,
            "current_ratio": 204.9,
            "debt_ratio": 44.99,
            "inventory_turnover_ratio": 0.84,
            "account_receivable_turnover_ratio": 1.78,
            "reinvestment_rate": null,
            "research_to_sale_ratio": 0.67,
            "price_fair": 37.8,
            "eps_avg_yearly": 1.08,
            "eps_latest_yearly": 1.4,
            "eps_growth_yearly": 146.95
        },
        "20213": {
            "year_quarter": 20213,
            "year": 2021,
            "quarter": 3,
            "eps": 0.24,
            "eps_growth_year": -41.46,
            "eps_4q": 1.57,
            "eps_4q_growth_year": 99.79,
            "roe": 2.34,
            "roe_4q": 14.68,
            "gross_profit": 245622,
            "gross_margin": 19.31,
            "gross_margin_4q_avg": 24.8,
            "net_income": 103806,
            "net_income_4q": null,
            "revenue": 1272032,
            "revenue_4q": null,
            "common_shares": 2793492,
            "book_valuer_per_share": 10.7,
            "book_valuer_per_share_4q_avg": 10.49,
            "equity": 4363427,
            "current_ratio": 208.71,
            "debt_ratio": 46.28,
            "inventory_turnover_ratio": 0.77,
            "account_receivable_turnover_ratio": 1.63,
            "reinvestment_rate": null,
            "research_to_sale_ratio": 0.68,
            "price_fair": 37.28,
            "eps_avg_yearly": 1.07,
            "eps_latest_yearly": 0.96,
            "eps_growth_yearly": 112.87
        },
        "20214": {
            "year_quarter": 20214,
            "year": 2021,
            "quarter": 4,
            "eps": 0.29,
            "eps_growth_year": -39.08,
            "eps_4q": 1.3,
            "eps_4q_growth_year": 15.9,
            "roe": 2.83,
            "roe_4q": 12.42,
            "gross_profit": 308971,
            "gross_margin": 19.66,
            "gross_margin_4q_avg": 22.68,
            "net_income": 124946,
            "net_income_4q": null,
            "revenue": 1571203,
            "revenue_4q": null,
            "common_shares": 2793492,
            "book_valuer_per_share": 10.9,
            "book_valuer_per_share_4q_avg": 10.95,
            "equity": 4472393,
            "current_ratio": 198.98,
            "debt_ratio": 46.27,
            "inventory_turnover_ratio": 0.96,
            "account_receivable_turnover_ratio": 1.83,
            "reinvestment_rate": 72.34,
            "research_to_sale_ratio": 0.66,
            "price_fair": 37.64,
            "eps_avg_yearly": 1.08,
            "eps_latest_yearly": 1.16,
            "eps_growth_yearly": 109.59
        },
        "20221": {
            "year_quarter": 20221,
            "year": 2022,
            "quarter": 1,
            "eps": 0.36,
            "eps_growth_year": -14.29,
            "eps_4q": 1.24,
            "eps_4q_growth_year": -21.47,
            "roe": 3.07,
            "roe_4q": 11.58,
            "gross_profit": 291224,
            "gross_margin": 20.15,
            "gross_margin_4q_avg": 21.14,
            "net_income": 141056,
            "net_income_4q": null,
            "revenue": 1445129,
            "revenue_4q": null,
            "common_shares": 2793492,
            "book_valuer_per_share": 11.39,
            "book_valuer_per_share_4q_avg": 11.04,
            "equity": 4703785,
            "current_ratio": 213.98,
            "debt_ratio": 45.08,
            "inventory_turnover_ratio": 0.85,
            "account_receivable_turnover_ratio": 1.53,
            "reinvestment_rate": 55.33,
            "research_to_sale_ratio": 0.65,
            "price_fair": 38.92,
            "eps_avg_yearly": 1.11,
            "eps_latest_yearly": 1.44,
            "eps_growth_yearly": 108.29
        },
        "20222": {
            "year_quarter": 20222,
            "year": 2022,
            "quarter": 2,
            "eps": 0.14,
            "eps_growth_year": -60,
            "eps_4q": 1.03,
            "eps_4q_growth_year": -43.54,
            "roe": 1.96,
            "roe_4q": 10.2,
            "gross_profit": 287806,
            "gross_margin": 21.15,
            "gross_margin_4q_avg": 20.07,
            "net_income": 90476,
            "net_income_4q": null,
            "revenue": 1360959,
            "revenue_4q": null,
            "common_shares": 2793492,
            "book_valuer_per_share": 11.03,
            "book_valuer_per_share_4q_avg": 11.01,
            "equity": 4507790,
            "current_ratio": 202.53,
            "debt_ratio": 45.7,
            "inventory_turnover_ratio": 0.75,
            "account_receivable_turnover_ratio": 1.44,
            "reinvestment_rate": 1.06,
            "research_to_sale_ratio": 0.57,
            "price_fair": 37.16,
            "eps_avg_yearly": 1.06,
            "eps_latest_yearly": 0.56,
            "eps_growth_yearly": 76.22
        },
        "20223": {
            "year_quarter": 20223,
            "year": 2022,
            "quarter": 3,
            "eps": 0.5,
            "eps_growth_year": 108.33,
            "eps_4q": 1.29,
            "eps_4q_growth_year": -17.77,
            "roe": 4.49,
            "roe_4q": 12.35,
            "gross_profit": 263528,
            "gross_margin": 19.62,
            "gross_margin_4q_avg": 20.15,
            "net_income": 204992,
            "net_income_4q": null,
            "revenue": 1342939,
            "revenue_4q": null,
            "common_shares": 2793492,
            "book_valuer_per_share": 11.21,
            "book_valuer_per_share_4q_avg": 11.13,
            "equity": 4628036,
            "current_ratio": 205.12,
            "debt_ratio": 44,
            "inventory_turnover_ratio": 0.79,
            "account_receivable_turnover_ratio": 1.49,
            "reinvestment_rate": -1.44,
            "research_to_sale_ratio": 0.54,
            "price_fair": 39.9,
            "eps_avg_yearly": 1.14,
            "eps_latest_yearly": 2,
            "eps_growth_yearly": 155.58
        },
        "20224": {
            "year_quarter": 20224,
            "year": 2022,
            "quarter": 4,
            "eps": 0.05,
            "eps_growth_year": -82.32,
            "eps_4q": 1.05,
            "eps_4q_growth_year": -18.65,
            "roe": 0.17,
            "roe_4q": 9.69,
            "gross_profit": 233472,
            "gross_margin": 18.45,
            "gross_margin_4q_avg": 19.84,
            "net_income": 7821,
            "net_income_4q": null,
            "revenue": 1265318,
            "revenue_4q": null,
            "common_shares": 2793492,
            "book_valuer_per_share": 11.5,
            "book_valuer_per_share_4q_avg": 11.28,
            "equity": 4779386,
            "current_ratio": 227.68,
            "debt_ratio": 40.75,
            "inventory_turnover_ratio": 0.87,
            "account_receivable_turnover_ratio": 1.56,
            "reinvestment_rate": 15.84,
            "research_to_sale_ratio": 0.57,
            "price_fair": 37.37,
            "eps_avg_yearly": 1.07,
            "eps_latest_yearly": 0.2,
            "eps_growth_yearly": 115.92
        },
        "20231": {
            "year_quarter": 20231,
            "year": 2023,
            "quarter": 1,
            "eps": 0.24,
            "eps_growth_year": -33.33,
            "eps_4q": 0.94,
            "eps_4q_growth_year": -24.21,
            "roe": 1.69,
            "roe_4q": 8.309999999999999,
            "gross_profit": 225002,
            "gross_margin": 20.78,
            "gross_margin_4q_avg": 20,
            "net_income": 80753,
            "net_income_4q": null,
            "revenue": 1082808,
            "revenue_4q": null,
            "common_shares": 2793492,
            "book_valuer_per_share": 11.35,
            "book_valuer_per_share_4q_avg": 11.27,
            "equity": 4759112,
            "current_ratio": 207.05,
            "debt_ratio": 41.32,
            "inventory_turnover_ratio": 0.82,
            "account_receivable_turnover_ratio": 1.54,
            "reinvestment_rate": 12.17,
            "research_to_sale_ratio": 0.53,
            "price_fair": 39.85,
            "eps_avg_yearly": 1.14,
            "eps_latest_yearly": 0.96,
            "eps_growth_yearly": 248.23
        },
        "20232": {
            "year_quarter": 20232,
            "year": 2023,
            "quarter": 2,
            "eps": 0.4,
            "eps_growth_year": 185.71,
            "eps_4q": 1.2,
            "eps_4q_growth_year": 16.14,
            "roe": 3.01,
            "roe_4q": 9.36,
            "gross_profit": 129846,
            "gross_margin": 10.71,
            "gross_margin_4q_avg": 17.39,
            "net_income": 143428,
            "net_income_4q": null,
            "revenue": 1211970,
            "revenue_4q": null,
            "common_shares": 2793492,
            "book_valuer_per_share": 11.75,
            "book_valuer_per_share_4q_avg": 11.45,
            "equity": 4773940,
            "current_ratio": 221.14,
            "debt_ratio": 41.15,
            "inventory_turnover_ratio": 1.1,
            "account_receivable_turnover_ratio": 1.76,
            "reinvestment_rate": -42.12,
            "research_to_sale_ratio": 0.48,
            "price_fair": 41,
            "eps_avg_yearly": 1.17,
            "eps_latest_yearly": 1.6,
            "eps_growth_yearly": 249.55
        },
        "20233": {
            "year_quarter": 20233,
            "year": 2023,
            "quarter": 3,
            "eps": 0.44,
            "eps_growth_year": -12,
            "eps_4q": 1.13,
            "eps_4q_growth_year": -12.44,
            "roe": 3.44,
            "roe_4q": 8.309999999999999,
            "gross_profit": 304649,
            "gross_margin": 25.41,
            "gross_margin_4q_avg": 18.84,
            "net_income": 165293,
            "net_income_4q": null,
            "revenue": 1198865,
            "revenue_4q": null,
            "common_shares": 2793492,
            "book_valuer_per_share": 11.83,
            "book_valuer_per_share_4q_avg": 11.61,
            "equity": 4838832,
            "current_ratio": 155.3,
            "debt_ratio": 39.06,
            "inventory_turnover_ratio": 0.93,
            "account_receivable_turnover_ratio": 1.75,
            "reinvestment_rate": -37.17,
            "research_to_sale_ratio": 0.51,
            "price_fair": 42.37,
            "eps_avg_yearly": 1.21,
            "eps_latest_yearly": 1.76,
            "eps_growth_yearly": 235.58
        }
    },
    "months": {
        "2001-06": {
            "month": "2001-06",
            "price": "7.96",
            "revenue": 153263
        },
        "2001-07": {
            "month": "2001-07",
            "price": "8.14",
            "revenue": 136852
        },
        "2001-08": {
            "month": "2001-08",
            "price": "7.31",
            "revenue": 135807
        },
        "2001-09": {
            "month": "2001-09",
            "price": "6.15",
            "revenue": 128831
        },
        "2001-10": {
            "month": "2001-10",
            "price": "5.96",
            "revenue": 140101
        },
        "2001-11": {
            "month": "2001-11",
            "price": "5.98",
            "revenue": 138504
        },
        "2001-12": {
            "month": "2001-12",
            "price": "6.35",
            "revenue": 142649
        },
        "2002-01": {
            "month": "2002-01",
            "price": "6.70",
            "revenue": 154943
        },
        "2002-02": {
            "month": "2002-02",
            "price": "6.84",
            "revenue": 120991
        },
        "2002-03": {
            "month": "2002-03",
            "price": "7.96",
            "revenue": 176375
        },
        "2002-04": {
            "month": "2002-04",
            "price": "9.67",
            "revenue": 177186
        },
        "2002-05": {
            "month": "2002-05",
            "price": "10.48",
            "revenue": 200095
        },
        "2002-06": {
            "month": "2002-06",
            "price": "12.67",
            "revenue": 188929
        },
        "2002-07": {
            "month": "2002-07",
            "price": "14.88",
            "revenue": 171905
        },
        "2002-08": {
            "month": "2002-08",
            "price": "16.13",
            "revenue": 177625
        },
        "2002-09": {
            "month": "2002-09",
            "price": "12.99",
            "revenue": 167674
        },
        "2002-10": {
            "month": "2002-10",
            "price": "11.28",
            "revenue": 189401
        },
        "2002-11": {
            "month": "2002-11",
            "price": "14.00",
            "revenue": 172642
        },
        "2002-12": {
            "month": "2002-12",
            "price": "14.68",
            "revenue": 174355
        },
        "2003-01": {
            "month": "2003-01",
            "price": "17.93",
            "revenue": 182047
        },
        "2003-02": {
            "month": "2003-02",
            "price": "16.02",
            "revenue": 148019
        },
        "2003-03": {
            "month": "2003-03",
            "price": "15.16",
            "revenue": 195355
        },
        "2003-04": {
            "month": "2003-04",
            "price": "14.99",
            "revenue": 186866
        },
        "2003-05": {
            "month": "2003-05",
            "price": "13.21",
            "revenue": 204325
        },
        "2003-06": {
            "month": "2003-06",
            "price": "14.67",
            "revenue": 207455
        },
        "2003-07": {
            "month": "2003-07",
            "price": "14.19",
            "revenue": 157939
        },
        "2003-08": {
            "month": "2003-08",
            "price": "13.88",
            "revenue": 175035
        },
        "2003-09": {
            "month": "2003-09",
            "price": "12.36",
            "revenue": 179041
        },
        "2003-10": {
            "month": "2003-10",
            "price": "13.09",
            "revenue": 197184
        },
        "2003-11": {
            "month": "2003-11",
            "price": "13.38",
            "revenue": 186096
        },
        "2003-12": {
            "month": "2003-12",
            "price": "13.34",
            "revenue": 197664
        },
        "2004-01": {
            "month": "2004-01",
            "price": "13.99",
            "revenue": 165603
        },
        "2004-02": {
            "month": "2004-02",
            "price": "16.62",
            "revenue": 218144
        },
        "2004-03": {
            "month": "2004-03",
            "price": "15.48",
            "revenue": 235272
        },
        "2004-04": {
            "month": "2004-04",
            "price": "15.36",
            "revenue": 213954
        },
        "2004-05": {
            "month": "2004-05",
            "price": "13.70",
            "revenue": 213616
        },
        "2004-06": {
            "month": "2004-06",
            "price": "13.42",
            "revenue": 219504
        },
        "2004-07": {
            "month": "2004-07",
            "price": "11.94",
            "revenue": 192017
        },
        "2004-08": {
            "month": "2004-08",
            "price": "10.66",
            "revenue": 209379
        },
        "2004-09": {
            "month": "2004-09",
            "price": "10.93",
            "revenue": 195549
        },
        "2004-10": {
            "month": "2004-10",
            "price": "10.90",
            "revenue": 202582
        },
        "2004-11": {
            "month": "2004-11",
            "price": "10.42",
            "revenue": 203349
        },
        "2004-12": {
            "month": "2004-12",
            "price": "10.52",
            "revenue": 264140
        },
        "2005-01": {
            "month": "2005-01",
            "price": "10.65",
            "revenue": 194009
        },
        "2005-02": {
            "month": "2005-02",
            "price": "10.21",
            "revenue": 147078
        },
        "2005-03": {
            "month": "2005-03",
            "price": "9.71",
            "revenue": 203439
        },
        "2005-04": {
            "month": "2005-04",
            "price": "9.00",
            "revenue": 187128
        },
        "2005-05": {
            "month": "2005-05",
            "price": "8.87",
            "revenue": 197866
        },
        "2005-06": {
            "month": "2005-06",
            "price": "9.09",
            "revenue": 204472
        },
        "2005-07": {
            "month": "2005-07",
            "price": "9.03",
            "revenue": 196512
        },
        "2005-08": {
            "month": "2005-08",
            "price": "8.52",
            "revenue": 200081
        },
        "2005-09": {
            "month": "2005-09",
            "price": "7.54",
            "revenue": 192796
        },
        "2005-10": {
            "month": "2005-10",
            "price": "6.78",
            "revenue": 182283
        },
        "2005-11": {
            "month": "2005-11",
            "price": "7.30",
            "revenue": 205562
        },
        "2005-12": {
            "month": "2005-12",
            "price": "7.76",
            "revenue": 234705
        },
        "2006-01": {
            "month": "2006-01",
            "price": "8.02",
            "revenue": 172460
        },
        "2006-02": {
            "month": "2006-02",
            "price": "7.87",
            "revenue": 161699
        },
        "2006-03": {
            "month": "2006-03",
            "price": "8.25",
            "revenue": 201713
        },
        "2006-04": {
            "month": "2006-04",
            "price": "8.20",
            "revenue": 198981
        },
        "2006-05": {
            "month": "2006-05",
            "price": "8.07",
            "revenue": 176859
        },
        "2006-06": {
            "month": "2006-06",
            "price": "7.31",
            "revenue": 234269
        },
        "2006-07": {
            "month": "2006-07",
            "price": "6.95",
            "revenue": 220043
        },
        "2006-08": {
            "month": "2006-08",
            "price": "6.52",
            "revenue": 295345
        },
        "2006-09": {
            "month": "2006-09",
            "price": "6.39",
            "revenue": 295972
        },
        "2006-10": {
            "month": "2006-10",
            "price": "7.56",
            "revenue": 282803
        },
        "2006-11": {
            "month": "2006-11",
            "price": "7.46",
            "revenue": 222815
        },
        "2006-12": {
            "month": "2006-12",
            "price": "8.11",
            "revenue": 167410
        },
        "2007-01": {
            "month": "2007-01",
            "price": "8.72",
            "revenue": 200357
        },
        "2007-02": {
            "month": "2007-02",
            "price": "8.21",
            "revenue": 148788
        },
        "2007-03": {
            "month": "2007-03",
            "price": "7.58",
            "revenue": 230403
        },
        "2007-04": {
            "month": "2007-04",
            "price": "8.00",
            "revenue": 223442
        },
        "2007-05": {
            "month": "2007-05",
            "price": "8.49",
            "revenue": 213023
        },
        "2007-06": {
            "month": "2007-06",
            "price": "9.43",
            "revenue": 237786
        },
        "2007-07": {
            "month": "2007-07",
            "price": "11.96",
            "revenue": 207146
        },
        "2007-08": {
            "month": "2007-08",
            "price": "10.33",
            "revenue": 203598
        },
        "2007-09": {
            "month": "2007-09",
            "price": "11.14",
            "revenue": 207395
        },
        "2007-10": {
            "month": "2007-10",
            "price": "10.23",
            "revenue": 217019
        },
        "2007-11": {
            "month": "2007-11",
            "price": "8.92",
            "revenue": 200584
        },
        "2007-12": {
            "month": "2007-12",
            "price": "8.26",
            "revenue": 205081
        },
        "2008-01": {
            "month": "2008-01",
            "price": "7.91",
            "revenue": 203368
        },
        "2008-02": {
            "month": "2008-02",
            "price": "8.09",
            "revenue": 172741
        },
        "2008-03": {
            "month": "2008-03",
            "price": "9.25",
            "revenue": 216552
        },
        "2008-04": {
            "month": "2008-04",
            "price": "10.73",
            "revenue": 210984
        },
        "2008-05": {
            "month": "2008-05",
            "price": "11.32",
            "revenue": 213982
        },
        "2008-06": {
            "month": "2008-06",
            "price": "9.51",
            "revenue": 203852
        },
        "2008-07": {
            "month": "2008-07",
            "price": "9.51",
            "revenue": 210265
        },
        "2008-08": {
            "month": "2008-08",
            "price": "8.06",
            "revenue": 216920
        },
        "2008-09": {
            "month": "2008-09",
            "price": "5.59",
            "revenue": 213024
        },
        "2008-10": {
            "month": "2008-10",
            "price": "5.88",
            "revenue": 218665
        },
        "2008-11": {
            "month": "2008-11",
            "price": "6.64",
            "revenue": 180978
        },
        "2008-12": {
            "month": "2008-12",
            "price": "7.65",
            "revenue": 177010
        },
        "2009-01": {
            "month": "2009-01",
            "price": "8.06",
            "revenue": 153640
        },
        "2009-02": {
            "month": "2009-02",
            "price": "8.57",
            "revenue": 176518
        },
        "2009-03": {
            "month": "2009-03",
            "price": "9.53",
            "revenue": 193575
        },
        "2009-04": {
            "month": "2009-04",
            "price": "10.55",
            "revenue": 194632
        },
        "2009-05": {
            "month": "2009-05",
            "price": "10.66",
            "revenue": 180284
        },
        "2009-06": {
            "month": "2009-06",
            "price": "9.86",
            "revenue": 198295
        },
        "2009-07": {
            "month": "2009-07",
            "price": "10.15",
            "revenue": 201251
        },
        "2009-08": {
            "month": "2009-08",
            "price": "11.56",
            "revenue": 203776
        },
        "2009-09": {
            "month": "2009-09",
            "price": "12.09",
            "revenue": 204509
        },
        "2009-10": {
            "month": "2009-10",
            "price": "15.01",
            "revenue": 212158
        },
        "2009-11": {
            "month": "2009-11",
            "price": "15.25",
            "revenue": 201169
        },
        "2009-12": {
            "month": "2009-12",
            "price": "17.20",
            "revenue": 224707
        },
        "2010-01": {
            "month": "2010-01",
            "price": "16.52",
            "revenue": 236001
        },
        "2010-02": {
            "month": "2010-02",
            "price": "14.16",
            "revenue": 161764
        },
        "2010-03": {
            "month": "2010-03",
            "price": "14.21",
            "revenue": 234214
        },
        "2010-04": {
            "month": "2010-04",
            "price": "14.17",
            "revenue": 233215
        },
        "2010-05": {
            "month": "2010-05",
            "price": "11.91",
            "revenue": 230049
        },
        "2010-06": {
            "month": "2010-06",
            "price": "12.02",
            "revenue": 245263
        },
        "2010-07": {
            "month": "2010-07",
            "price": "11.92",
            "revenue": 244987
        },
        "2010-08": {
            "month": "2010-08",
            "price": "12.34",
            "revenue": 221036
        },
        "2010-09": {
            "month": "2010-09",
            "price": "11.37",
            "revenue": 231628
        },
        "2010-10": {
            "month": "2010-10",
            "price": "10.97",
            "revenue": 232456
        },
        "2010-11": {
            "month": "2010-11",
            "price": "9.12",
            "revenue": 229602
        },
        "2010-12": {
            "month": "2010-12",
            "price": "9.67",
            "revenue": 242835
        },
        "2011-01": {
            "month": "2011-01",
            "price": "9.98",
            "revenue": 182010
        },
        "2011-02": {
            "month": "2011-02",
            "price": "9.40",
            "revenue": 149393
        },
        "2011-03": {
            "month": "2011-03",
            "price": "9.48",
            "revenue": 251783
        },
        "2011-04": {
            "month": "2011-04",
            "price": "9.87",
            "revenue": 224858
        },
        "2011-05": {
            "month": "2011-05",
            "price": "9.51",
            "revenue": 216600
        },
        "2011-06": {
            "month": "2011-06",
            "price": "9.84",
            "revenue": 231947
        },
        "2011-07": {
            "month": "2011-07",
            "price": "10.27",
            "revenue": 175563
        },
        "2011-08": {
            "month": "2011-08",
            "price": "8.95",
            "revenue": 215878
        },
        "2011-09": {
            "month": "2011-09",
            "price": "8.34",
            "revenue": 210220
        },
        "2011-10": {
            "month": "2011-10",
            "price": "7.46",
            "revenue": 207511
        },
        "2011-11": {
            "month": "2011-11",
            "price": "6.91",
            "revenue": 197098
        },
        "2011-12": {
            "month": "2011-12",
            "price": "6.18",
            "revenue": 231173
        },
        "2012-01": {
            "month": "2012-01",
            "price": "6.28",
            "revenue": 159153
        },
        "2012-02": {
            "month": "2012-02",
            "price": "7.60",
            "revenue": 186345
        },
        "2012-03": {
            "month": "2012-03",
            "price": "7.37",
            "revenue": 230862
        },
        "2012-04": {
            "month": "2012-04",
            "price": "5.92",
            "revenue": 226268
        },
        "2012-05": {
            "month": "2012-05",
            "price": "5.59",
            "revenue": 233007
        },
        "2012-06": {
            "month": "2012-06",
            "price": "5.51",
            "revenue": 181264
        },
        "2012-07": {
            "month": "2012-07",
            "price": "6.34",
            "revenue": 224707
        },
        "2012-08": {
            "month": "2012-08",
            "price": "6.84",
            "revenue": 236429
        },
        "2012-09": {
            "month": "2012-09",
            "price": "6.64",
            "revenue": 205902
        },
        "2012-10": {
            "month": "2012-10",
            "price": "6.28",
            "revenue": 227244
        },
        "2012-11": {
            "month": "2012-11",
            "price": "5.97",
            "revenue": 216718
        },
        "2012-12": {
            "month": "2012-12",
            "price": "6.04",
            "revenue": 208549
        },
        "2013-01": {
            "month": "2013-01",
            "price": "6.22",
            "revenue": 632250
        },
        "2013-02": {
            "month": "2013-02",
            "price": "6.26",
            "revenue": 539454
        },
        "2013-03": {
            "month": "2013-03",
            "price": "6.60",
            "revenue": 705764
        },
        "2013-04": {
            "month": "2013-04",
            "price": "8.77",
            "revenue": 598797
        },
        "2013-05": {
            "month": "2013-05",
            "price": "8.91",
            "revenue": 662840
        },
        "2013-06": {
            "month": "2013-06",
            "price": "8.71",
            "revenue": 654436
        },
        "2013-07": {
            "month": "2013-07",
            "price": "9.76",
            "revenue": 592216
        },
        "2013-08": {
            "month": "2013-08",
            "price": "11.35",
            "revenue": 655199
        },
        "2013-09": {
            "month": "2013-09",
            "price": "14.08",
            "revenue": 577241
        },
        "2013-10": {
            "month": "2013-10",
            "price": "13.88",
            "revenue": 659396
        },
        "2013-11": {
            "month": "2013-11",
            "price": "14.05",
            "revenue": 578589
        },
        "2013-12": {
            "month": "2013-12",
            "price": "15.93",
            "revenue": 637643
        },
        "2014-01": {
            "month": "2014-01",
            "price": "19.58",
            "revenue": 513191
        },
        "2014-02": {
            "month": "2014-02",
            "price": "21.38",
            "revenue": 518546
        },
        "2014-03": {
            "month": "2014-03",
            "price": "23.36",
            "revenue": 629879
        },
        "2014-04": {
            "month": "2014-04",
            "price": "22.55",
            "revenue": 499366
        },
        "2014-05": {
            "month": "2014-05",
            "price": "21.47",
            "revenue": 592317
        },
        "2014-06": {
            "month": "2014-06",
            "price": "21.70",
            "revenue": 607046
        },
        "2014-07": {
            "month": "2014-07",
            "price": "22.38",
            "revenue": 586152
        },
        "2014-08": {
            "month": "2014-08",
            "price": "23.57",
            "revenue": 534516
        },
        "2014-09": {
            "month": "2014-09",
            "price": "22.53",
            "revenue": 624336
        },
        "2014-10": {
            "month": "2014-10",
            "price": "20.79",
            "revenue": 575293
        },
        "2014-11": {
            "month": "2014-11",
            "price": "22.26",
            "revenue": 539707
        },
        "2014-12": {
            "month": "2014-12",
            "price": "21.42",
            "revenue": 642856
        },
        "2015-01": {
            "month": "2015-01",
            "price": "21.07",
            "revenue": 611629
        },
        "2015-02": {
            "month": "2015-02",
            "price": "20.85",
            "revenue": 473824
        },
        "2015-03": {
            "month": "2015-03",
            "price": "20.63",
            "revenue": 669089
        },
        "2015-04": {
            "month": "2015-04",
            "price": "20.29",
            "revenue": 552420
        },
        "2015-05": {
            "month": "2015-05",
            "price": "18.61",
            "revenue": 583829
        },
        "2015-06": {
            "month": "2015-06",
            "price": "15.49",
            "revenue": 582545
        },
        "2015-07": {
            "month": "2015-07",
            "price": "14.23",
            "revenue": 555804
        },
        "2015-08": {
            "month": "2015-08",
            "price": "13.46",
            "revenue": 512942
        },
        "2015-09": {
            "month": "2015-09",
            "price": "12.52",
            "revenue": 496233
        },
        "2015-10": {
            "month": "2015-10",
            "price": "13.17",
            "revenue": 468814
        },
        "2015-11": {
            "month": "2015-11",
            "price": "12.44",
            "revenue": 462885
        },
        "2015-12": {
            "month": "2015-12",
            "price": "11.09",
            "revenue": 493483
        },
        "2016-01": {
            "month": "2016-01",
            "price": "10.28",
            "revenue": 560130
        },
        "2016-02": {
            "month": "2016-02",
            "price": "11.28",
            "revenue": 424057
        },
        "2016-03": {
            "month": "2016-03",
            "price": "12.18",
            "revenue": 584177
        },
        "2016-04": {
            "month": "2016-04",
            "price": "12.43",
            "revenue": 523930
        },
        "2016-05": {
            "month": "2016-05",
            "price": "11.37",
            "revenue": 538004
        },
        "2016-06": {
            "month": "2016-06",
            "price": "11.62",
            "revenue": 489961
        },
        "2016-07": {
            "month": "2016-07",
            "price": "11.70",
            "revenue": 500877
        },
        "2016-08": {
            "month": "2016-08",
            "price": "11.63",
            "revenue": 525579
        },
        "2016-09": {
            "month": "2016-09",
            "price": "11.14",
            "revenue": 465441
        },
        "2016-10": {
            "month": "2016-10",
            "price": "10.49",
            "revenue": 428963
        },
        "2016-11": {
            "month": "2016-11",
            "price": "10.21",
            "revenue": 482516
        },
        "2016-12": {
            "month": "2016-12",
            "price": "10.98",
            "revenue": 498652
        },
        "2017-01": {
            "month": "2017-01",
            "price": "10.98",
            "revenue": 436069
        },
        "2017-02": {
            "month": "2017-02",
            "price": "11.45",
            "revenue": 454844
        },
        "2017-03": {
            "month": "2017-03",
            "price": "11.07",
            "revenue": 589559
        },
        "2017-04": {
            "month": "2017-04",
            "price": "10.76",
            "revenue": 425237
        },
        "2017-05": {
            "month": "2017-05",
            "price": "10.51",
            "revenue": 527667
        },
        "2017-06": {
            "month": "2017-06",
            "price": "10.75",
            "revenue": 492901
        },
        "2017-07": {
            "month": "2017-07",
            "price": "11.12",
            "revenue": 511040
        },
        "2017-08": {
            "month": "2017-08",
            "price": "11.24",
            "revenue": 492694
        },
        "2017-09": {
            "month": "2017-09",
            "price": "11.30",
            "revenue": 438685
        },
        "2017-10": {
            "month": "2017-10",
            "price": "12.10",
            "revenue": 400821
        },
        "2017-11": {
            "month": "2017-11",
            "price": "11.33",
            "revenue": 441950
        },
        "2017-12": {
            "month": "2017-12",
            "price": "12.22",
            "revenue": 494162
        },
        "2018-01": {
            "month": "2018-01",
            "price": "14.19",
            "revenue": 459666
        },
        "2018-02": {
            "month": "2018-02",
            "price": "14.66",
            "revenue": 362760
        },
        "2018-03": {
            "month": "2018-03",
            "price": "15.50",
            "revenue": 477093
        },
        "2018-04": {
            "month": "2018-04",
            "price": "14.11",
            "revenue": 394119
        },
        "2018-05": {
            "month": "2018-05",
            "price": "14.70",
            "revenue": 457894
        },
        "2018-06": {
            "month": "2018-06",
            "price": "15.44",
            "revenue": 445732
        },
        "2018-07": {
            "month": "2018-07",
            "price": "14.95",
            "revenue": 433485
        },
        "2018-08": {
            "month": "2018-08",
            "price": "14.60",
            "revenue": 489545
        },
        "2018-09": {
            "month": "2018-09",
            "price": "14.22",
            "revenue": 430399
        },
        "2018-10": {
            "month": "2018-10",
            "price": "13.10",
            "revenue": 402986
        },
        "2018-11": {
            "month": "2018-11",
            "price": "11.86",
            "revenue": 429183
        },
        "2018-12": {
            "month": "2018-12",
            "price": "11.85",
            "revenue": 453247
        },
        "2019-01": {
            "month": "2019-01",
            "price": "12.55",
            "revenue": 421756
        },
        "2019-02": {
            "month": "2019-02",
            "price": "12.53",
            "revenue": 353549
        },
        "2019-03": {
            "month": "2019-03",
            "price": "12.78",
            "revenue": 447388
        },
        "2019-04": {
            "month": "2019-04",
            "price": "12.48",
            "revenue": 378349
        },
        "2019-05": {
            "month": "2019-05",
            "price": "10.99",
            "revenue": 453190
        },
        "2019-06": {
            "month": "2019-06",
            "price": "11.22",
            "revenue": 465872
        },
        "2019-07": {
            "month": "2019-07",
            "price": "11.65",
            "revenue": 447372
        },
        "2019-08": {
            "month": "2019-08",
            "price": "11.01",
            "revenue": 480021
        },
        "2019-09": {
            "month": "2019-09",
            "price": "11.19",
            "revenue": 451596
        },
        "2019-10": {
            "month": "2019-10",
            "price": "11.63",
            "revenue": 438423
        },
        "2019-11": {
            "month": "2019-11",
            "price": "11.88",
            "revenue": 440729
        },
        "2019-12": {
            "month": "2019-12",
            "price": "11.03",
            "revenue": 478629
        },
        "2020-01": {
            "month": "2020-01",
            "price": "11.01",
            "revenue": 378175
        },
        "2020-02": {
            "month": "2020-02",
            "price": "11.94",
            "revenue": 389900
        },
        "2020-03": {
            "month": "2020-03",
            "price": "11.47",
            "revenue": 397623
        },
        "2020-04": {
            "month": "2020-04",
            "price": "11.49",
            "revenue": 278982
        },
        "2020-05": {
            "month": "2020-05",
            "price": "12.96",
            "revenue": 276875
        },
        "2020-06": {
            "month": "2020-06",
            "price": "13.91",
            "revenue": 382416
        },
        "2020-07": {
            "month": "2020-07",
            "price": "13.91",
            "revenue": 451151
        },
        "2020-08": {
            "month": "2020-08",
            "price": "12.76",
            "revenue": 485643
        },
        "2020-09": {
            "month": "2020-09",
            "price": "12.51",
            "revenue": 419345
        },
        "2020-10": {
            "month": "2020-10",
            "price": "11.90",
            "revenue": 512638
        },
        "2020-11": {
            "month": "2020-11",
            "price": "12.41",
            "revenue": 412457
        },
        "2020-12": {
            "month": "2020-12",
            "price": "12.79",
            "revenue": 510421
        },
        "2021-01": {
            "month": "2021-01",
            "price": "12.02",
            "revenue": 418187
        },
        "2021-02": {
            "month": "2021-02",
            "price": "11.93",
            "revenue": 396083
        },
        "2021-03": {
            "month": "2021-03",
            "price": "13.71",
            "revenue": 502681
        },
        "2021-04": {
            "month": "2021-04",
            "price": "20.57",
            "revenue": 445936
        },
        "2021-05": {
            "month": "2021-05",
            "price": "18.85",
            "revenue": 491349
        },
        "2021-06": {
            "month": "2021-06",
            "price": "19.12",
            "revenue": 427058
        },
        "2021-07": {
            "month": "2021-07",
            "price": "18.81",
            "revenue": 456512
        },
        "2021-08": {
            "month": "2021-08",
            "price": "17.47",
            "revenue": 420985
        },
        "2021-09": {
            "month": "2021-09",
            "price": "16.86",
            "revenue": 420005
        },
        "2021-10": {
            "month": "2021-10",
            "price": "16.24",
            "revenue": 515210
        },
        "2021-11": {
            "month": "2021-11",
            "price": "16.38",
            "revenue": 515237
        },
        "2021-12": {
            "month": "2021-12",
            "price": "16.71",
            "revenue": 511732
        },
        "2022-01": {
            "month": "2022-01",
            "price": "16.32",
            "revenue": 486468
        },
        "2022-02": {
            "month": "2022-02",
            "price": "16.01",
            "revenue": 453844
        },
        "2022-03": {
            "month": "2022-03",
            "price": "15.51",
            "revenue": 516663
        },
        "2022-04": {
            "month": "2022-04",
            "price": "15.44",
            "revenue": 438460
        },
        "2022-05": {
            "month": "2022-05",
            "price": "14.69",
            "revenue": 488805
        },
        "2022-06": {
            "month": "2022-06",
            "price": "14.81",
            "revenue": 457832
        },
        "2022-07": {
            "month": "2022-07",
            "price": "14.53",
            "revenue": 488521
        },
        "2022-08": {
            "month": "2022-08",
            "price": "14.63",
            "revenue": 476702
        },
        "2022-09": {
            "month": "2022-09",
            "price": "14.67",
            "revenue": 347983
        },
        "2022-10": {
            "month": "2022-10",
            "price": "14.14",
            "revenue": 438628
        },
        "2022-11": {
            "month": "2022-11",
            "price": "14.45",
            "revenue": 413863
        },
        "2022-12": {
            "month": "2022-12",
            "price": "14.63",
            "revenue": 424490
        },
        "2023-01": {
            "month": "2023-01",
            "price": "14.60",
            "revenue": 317200
        },
        "2023-02": {
            "month": "2023-02",
            "price": "14.64",
            "revenue": 338703
        },
        "2023-03": {
            "month": "2023-03",
            "price": "14.66",
            "revenue": 420620
        },
        "2023-04": {
            "month": "2023-04",
            "price": "14.39",
            "revenue": 374733
        },
        "2023-05": {
            "month": "2023-05",
            "price": "14.55",
            "revenue": 429927
        },
        "2023-06": {
            "month": "2023-06",
            "price": "14.70",
            "revenue": 401550
        },
        "2023-07": {
            "month": "2023-07",
            "price": "14.53",
            "revenue": 412868
        },
        "2023-08": {
            "month": "2023-08",
            "price": "14.15",
            "revenue": 407247
        },
        "2023-09": {
            "month": "2023-09",
            "price": "14.28",
            "revenue": 343215
        },
        "2023-10": {
            "month": "2023-10",
            "price": "13.89",
            "revenue": 396864
        },
        "2023-11": {
            "month": "2023-11",
            "price": "14.24",
            "revenue": 380184
        },
        "2023-12": {
            "month": "2023-12",
            "price": "14.65",
            "revenue": 389484
        }
    }
}
