{
    "summary": {
        "stock_name": "鑫永銓",
        "stock_id": "2114",
        "category": "橡膠",
        "main_business": "橡膠輸送帶及其他橡膠製品",
        "website_url": "http://www.hyc-king.com",
        "ceo": "林季佑",
        "pe_ratio": 24,
        "report_year_from": 2003,
        "report_year_to": 2023,
        "age": 20,
        "eps_negative_percentage": 0,
        "eps_growth_avg": {
            "last_all": 7.31,
            "last_2y": 17.43,
            "last_4y": 13.54,
            "last_8y": 4.05,
            "last_12y": 10.48,
            "last_16y": 7.31,
            "last_20y": null,
            "at_2006_last_3y": null,
            "at_2007_last_3y": null,
            "at_2008_last_3y": null,
            "at_2009_last_3y": -2.99,
            "at_2010_last_3y": 3.18,
            "at_2011_last_3y": 12.62,
            "at_2012_last_3y": 32.02,
            "at_2013_last_3y": 24.94,
            "at_2014_last_3y": 15.38,
            "at_2015_last_3y": 1.81,
            "at_2016_last_3y": -8.07,
            "at_2017_last_3y": -7.8,
            "at_2018_last_3y": -5.54,
            "at_2019_last_3y": -1.12,
            "at_2020_last_3y": 10,
            "at_2021_last_3y": 32.89,
            "at_2022_last_3y": 12.73,
            "at_2023_last_3y": 12.73,
            "at_2006_last_all": null,
            "at_2007_last_all": 9.38,
            "at_2008_last_all": -11.91,
            "at_2009_last_all": -2.99,
            "at_2010_last_all": 6.8,
            "at_2011_last_all": 11.54,
            "at_2012_last_all": 13.19,
            "at_2013_last_all": 10.97,
            "at_2014_last_all": 10.61,
            "at_2015_last_all": 7.65,
            "at_2016_last_all": 5.46,
            "at_2017_last_all": 4.72,
            "at_2018_last_all": 5.64,
            "at_2019_last_all": 5.14,
            "at_2020_last_all": 6.67,
            "at_2021_last_all": 11.76,
            "at_2022_last_all": 7.31,
            "at_2023_last_all": 7.31
        },
        "latest_eps": 4.74,
        "latest_price": 115.5,
        "latest_roe": 11.61,
        "latest_gross_margin": 41.32,
        "latest_equity": 3098906,
        "latest_revenue": 351165,
        "latest_gross_profit": 145115,
        "latest_net_income": 94347,
        "latest_debt_ratio": 15.81,
        "latest_current_ratio": 536.28,
        "latest_account_receivable_turnover_ratio": 2.52,
        "latest_inventory_turnover_ratio": 0.86,
        "latest_reinvestment_rate": 7.27,
        "latest_research_to_sale_ratio": 0.42
    },
    "eps_dividends": {
        "2001": {
            "cash": 0,
            "stock": 0,
            "eps": 0
        },
        "2002": {
            "cash": 0,
            "stock": 0,
            "eps": 0
        },
        "2003": {
            "cash": 0,
            "stock": 0,
            "eps": 0
        },
        "2004": {
            "cash": 0.2,
            "stock": 0.93,
            "eps": 0
        },
        "2005": {
            "cash": 0.75,
            "stock": 1.45,
            "eps": 4.61
        },
        "2006": {
            "cash": 1.5,
            "stock": 1.5,
            "eps": 5.59
        },
        "2007": {
            "cash": 2.06,
            "stock": 0.5,
            "eps": 5.45
        },
        "2008": {
            "cash": 3,
            "stock": 0.5,
            "eps": 2.48
        },
        "2009": {
            "cash": 1,
            "stock": 0.5,
            "eps": 3.07
        },
        "2010": {
            "cash": 1.5,
            "stock": 1,
            "eps": 4.48
        },
        "2011": {
            "cash": 7,
            "stock": 0,
            "eps": 6.06
        },
        "2012": {
            "cash": 0,
            "stock": 0,
            "eps": 7.46
        },
        "2013": {
            "cash": 5,
            "stock": 0,
            "eps": 7.12
        },
        "2014": {
            "cash": 5,
            "stock": 1,
            "eps": 7.67
        },
        "2015": {
            "cash": 5,
            "stock": 0,
            "eps": 6.21
        },
        "2016": {
            "cash": 5,
            "stock": 0,
            "eps": 5.19
        },
        "2017": {
            "cash": 5,
            "stock": 0,
            "eps": 5.01
        },
        "2018": {
            "cash": 5,
            "stock": 0,
            "eps": 5.85
        },
        "2019": {
            "cash": 5,
            "stock": 0.5,
            "eps": 5.77
        },
        "2020": {
            "cash": 5,
            "stock": 0,
            "eps": 7.39
        },
        "2021": {
            "cash": 5,
            "stock": 1,
            "eps": 13.9
        },
        "2022": {
            "cash": 7,
            "stock": 0,
            "eps": 5.02
        },
        "2023": {
            "cash": 5,
            "stock": 0,
            "eps": 1.21
        }
    },
    "dividends": {
        "2004-04-29": {
            "cash": 0.2,
            "stock": 0.93
        },
        "2005-04-19": {
            "cash": 0.75,
            "stock": 1.45
        },
        "2006-03-01": {
            "cash": 1.5,
            "stock": 1.5
        },
        "2007-03-14": {
            "cash": 2.06,
            "stock": 0.5
        },
        "2008-03-20": {
            "cash": 3,
            "stock": 0.5
        },
        "2009-03-27": {
            "cash": 1,
            "stock": 0.5
        },
        "2010-04-09": {
            "cash": 1.5,
            "stock": 1
        },
        "2011-01-01": {
            "cash": 4,
            "stock": 0
        },
        "2011-03-24": {
            "cash": 3,
            "stock": 0
        },
        "2013-03-21": {
            "cash": 5,
            "stock": 0
        },
        "2014-09-15": {
            "cash": 5,
            "stock": 1
        },
        "2015-08-17": {
            "cash": 5,
            "stock": 0
        },
        "2016-08-16": {
            "cash": 5,
            "stock": 0
        },
        "2017-08-14": {
            "cash": 5,
            "stock": 0
        },
        "2018-08-17": {
            "cash": 5,
            "stock": 0
        },
        "2019-09-27": {
            "cash": 5,
            "stock": 0.5
        },
        "2020-08-14": {
            "cash": 5,
            "stock": 0
        },
        "2021-09-30": {
            "cash": 5,
            "stock": 1
        },
        "2022-08-12": {
            "cash": 7,
            "stock": 0
        },
        "2023-03-22": {
            "cash": 5,
            "stock": 0
        }
    },
    "prices": {
        "200101": "無",
        "200102": "無",
        "200103": "無",
        "200104": "無",
        "200105": "無",
        "200106": "無",
        "200107": "無",
        "200108": "無",
        "200109": "無",
        "200110": "無",
        "200111": "無",
        "200112": "無",
        "200201": "無",
        "200202": "無",
        "200203": "無",
        "200204": "無",
        "200205": "無",
        "200206": "無",
        "200207": "無",
        "200208": "無",
        "200209": "無",
        "200210": "無",
        "200211": "無",
        "200212": "無",
        "200301": "無",
        "200302": "無",
        "200303": "無",
        "200304": "無",
        "200305": "無",
        "200306": "無",
        "200307": "無",
        "200308": "無",
        "200309": "無",
        "200310": "無",
        "200311": "無",
        "200312": "無",
        "200401": "無",
        "200402": "無",
        "200403": "無",
        "200404": "無",
        "200405": "無",
        "200406": "無",
        "200407": "無",
        "200408": "無",
        "200409": "無",
        "200410": "無",
        "200411": "無",
        "200412": "無",
        "200501": "無",
        "200502": "無",
        "200503": "無",
        "200504": "無",
        "200505": "無",
        "200506": "無",
        "200507": "無",
        "200508": "27.52",
        "200509": "27.53",
        "200510": "27.84",
        "200511": "28.24",
        "200512": "28.40",
        "200601": "33.06",
        "200602": "無",
        "200603": "33.83",
        "200604": "40.19",
        "200605": "43.89",
        "200606": "43.63",
        "200607": "43.26",
        "200608": "43.67",
        "200609": "43.45",
        "200610": "45.53",
        "200611": "44.26",
        "200612": "44.91",
        "200701": "48.14",
        "200702": "48.96",
        "200703": "47.90",
        "200704": "48.15",
        "200705": "44.15",
        "200706": "44.80",
        "200707": "47.40",
        "200708": "46.15",
        "200709": "45.06",
        "200710": "45.27",
        "200711": "43.02",
        "200712": "41.47",
        "200801": "41.19",
        "200802": "40.41",
        "200803": "42.07",
        "200804": "42.65",
        "200805": "41.80",
        "200806": "38.28",
        "200807": "33.74",
        "200808": "33.16",
        "200809": "27.48",
        "200810": "19.76",
        "200811": "19.67",
        "200812": "19.72",
        "200901": "20.40",
        "200902": "19.89",
        "200903": "20.45",
        "200904": "22.51",
        "200905": "24.20",
        "200906": "26.17",
        "200907": "26.98",
        "200908": "27.68",
        "200909": "28.12",
        "200910": "26.88",
        "200911": "28.65",
        "200912": "32.53",
        "201001": "32.10",
        "201002": "31.55",
        "201003": "32.58",
        "201004": "34.97",
        "201005": "33.38",
        "201006": "32.93",
        "201007": "30.02",
        "201008": "29.30",
        "201009": "28.08",
        "201010": "29.30",
        "201011": "29.96",
        "201012": "34.32",
        "201101": "32.85",
        "201102": "35.20",
        "201103": "36.48",
        "201104": "40.43",
        "201105": "51.27",
        "201106": "54.30",
        "201107": "68.26",
        "201108": "60.85",
        "201109": "59.05",
        "201110": "60.02",
        "201111": "60.92",
        "201112": "54.14",
        "201201": "54.03",
        "201202": "59.90",
        "201203": "61.29",
        "201204": "60.41",
        "201205": "60.41",
        "201206": "59.78",
        "201207": "61.18",
        "201208": "67.87",
        "201209": "68.50",
        "201210": "74.97",
        "201211": "83.73",
        "201212": "85.22",
        "201301": "84.53",
        "201302": "83.54",
        "201303": "87.07",
        "201304": "87.77",
        "201305": "87.50",
        "201306": "83.81",
        "201307": "81.01",
        "201308": "78.85",
        "201309": "77.55",
        "201310": "79.13",
        "201311": "79.59",
        "201312": "82.82",
        "201401": "81.24",
        "201402": "82.34",
        "201403": "88.99",
        "201404": "93.97",
        "201405": "103.20",
        "201406": "111.62",
        "201407": "120.14",
        "201408": "119.90",
        "201409": "118.74",
        "201410": "111.61",
        "201411": "108.18",
        "201412": "108.81",
        "201501": "107.80",
        "201502": "108.92",
        "201503": "124.23",
        "201504": "120.92",
        "201505": "104.88",
        "201506": "86.28",
        "201507": "78.36",
        "201508": "67.50",
        "201509": "72.92",
        "201510": "79.40",
        "201511": "79.69",
        "201512": "74.13",
        "201601": "71.94",
        "201602": "77.58",
        "201603": "80.89",
        "201604": "79.84",
        "201605": "79.23",
        "201606": "79.60",
        "201607": "78.90",
        "201608": "79.65",
        "201609": "80.17",
        "201610": "78.82",
        "201611": "77.31",
        "201612": "77.22",
        "201701": "77.38",
        "201702": "76.97",
        "201703": "77.37",
        "201704": "73.12",
        "201705": "69.91",
        "201706": "70.59",
        "201707": "71.33",
        "201708": "70.00",
        "201709": "71.57",
        "201710": "78.40",
        "201711": "87.72",
        "201712": "88.29",
        "201801": "87.06",
        "201802": "86.97",
        "201803": "89.38",
        "201804": "90.48",
        "201805": "89.66",
        "201806": "93.99",
        "201807": "92.46",
        "201808": "92.22",
        "201809": "94.56",
        "201810": "83.79",
        "201811": "78.65",
        "201812": "78.51",
        "201901": "81.91",
        "201902": "82.79",
        "201903": "86.34",
        "201904": "87.90",
        "201905": "85.37",
        "201906": "86.10",
        "201907": "88.76",
        "201908": "86.96",
        "201909": "83.49",
        "201910": "83.41",
        "201911": "83.28",
        "201912": "82.92",
        "202001": "82.52",
        "202002": "82.29",
        "202003": "74.63",
        "202004": "76.29",
        "202005": "79.79",
        "202006": "81.78",
        "202007": "81.58",
        "202008": "79.53",
        "202009": "81.30",
        "202010": "81.35",
        "202011": "82.72",
        "202012": "86.59",
        "202101": "88.82",
        "202102": "97.68",
        "202103": "123.34",
        "202104": "133.29",
        "202105": "119.12",
        "202106": "129.60",
        "202107": "147.70",
        "202108": "148.52",
        "202109": "128.78",
        "202110": "120.12",
        "202111": "120.84",
        "202112": "120.98",
        "202201": "120.72",
        "202202": "122.40",
        "202203": "132.20",
        "202204": "124.95",
        "202205": "120.57",
        "202206": "122.69",
        "202207": "106.45",
        "202208": "108.37",
        "202209": "108.64",
        "202210": "98.15",
        "202211": "95.14",
        "202212": "98.67",
        "202301": "95.85",
        "202302": "99.01",
        "202303": "99.82",
        "202304": "99.84",
        "202305": "101.94",
        "202306": "112.39"
    },
    "quarters": {
        "20011": {
            "year_quarter": 20011,
            "year": 2001,
            "quarter": 1,
            "eps": null,
            "eps_growth_year": null,
            "eps_4q": null,
            "eps_4q_growth_year": null,
            "roe": null,
            "roe_4q": 0,
            "gross_profit": null,
            "gross_margin": null,
            "gross_margin_4q_avg": 0,
            "net_income": null,
            "revenue": null,
            "common_shares": null,
            "book_valuer_per_share": null,
            "book_valuer_per_share_4q_avg": 0,
            "equity": null,
            "current_ratio": null,
            "debt_ratio": null,
            "inventory_turnover_ratio": null,
            "account_receivable_turnover_ratio": null,
            "reinvestment_rate": null,
            "research_to_sale_ratio": null,
            "price_fair": 0,
            "eps_avg_yearly": 0,
            "eps_latest_yearly": 0,
            "eps_growth_yearly": 0
        },
        "20012": {
            "year_quarter": 20012,
            "year": 2001,
            "quarter": 2,
            "eps": null,
            "eps_growth_year": null,
            "eps_4q": null,
            "eps_4q_growth_year": null,
            "roe": null,
            "roe_4q": 0,
            "gross_profit": null,
            "gross_margin": null,
            "gross_margin_4q_avg": 0,
            "net_income": null,
            "revenue": null,
            "common_shares": null,
            "book_valuer_per_share": null,
            "book_valuer_per_share_4q_avg": 0,
            "equity": null,
            "current_ratio": null,
            "debt_ratio": null,
            "inventory_turnover_ratio": null,
            "account_receivable_turnover_ratio": null,
            "reinvestment_rate": null,
            "research_to_sale_ratio": null,
            "price_fair": 0,
            "eps_avg_yearly": 0,
            "eps_latest_yearly": 0,
            "eps_growth_yearly": 0
        },
        "20013": {
            "year_quarter": 20013,
            "year": 2001,
            "quarter": 3,
            "eps": null,
            "eps_growth_year": null,
            "eps_4q": null,
            "eps_4q_growth_year": null,
            "roe": null,
            "roe_4q": 0,
            "gross_profit": null,
            "gross_margin": null,
            "gross_margin_4q_avg": 0,
            "net_income": null,
            "revenue": null,
            "common_shares": null,
            "book_valuer_per_share": null,
            "book_valuer_per_share_4q_avg": 0,
            "equity": null,
            "current_ratio": null,
            "debt_ratio": null,
            "inventory_turnover_ratio": null,
            "account_receivable_turnover_ratio": null,
            "reinvestment_rate": null,
            "research_to_sale_ratio": null,
            "price_fair": 0,
            "eps_avg_yearly": 0,
            "eps_latest_yearly": 0,
            "eps_growth_yearly": 0
        },
        "20014": {
            "year_quarter": 20014,
            "year": 2001,
            "quarter": 4,
            "eps": null,
            "eps_growth_year": null,
            "eps_4q": null,
            "eps_4q_growth_year": null,
            "roe": null,
            "roe_4q": 0,
            "gross_profit": null,
            "gross_margin": null,
            "gross_margin_4q_avg": 0,
            "net_income": null,
            "revenue": null,
            "common_shares": 139535,
            "book_valuer_per_share": 16.38,
            "book_valuer_per_share_4q_avg": 4.1,
            "equity": 228542,
            "current_ratio": 107.89,
            "debt_ratio": 68.13,
            "inventory_turnover_ratio": null,
            "account_receivable_turnover_ratio": null,
            "reinvestment_rate": null,
            "research_to_sale_ratio": null,
            "price_fair": 0,
            "eps_avg_yearly": 0,
            "eps_latest_yearly": 0,
            "eps_growth_yearly": 0
        },
        "20021": {
            "year_quarter": 20021,
            "year": 2002,
            "quarter": 1,
            "eps": null,
            "eps_growth_year": null,
            "eps_4q": null,
            "eps_4q_growth_year": null,
            "roe": null,
            "roe_4q": 0,
            "gross_profit": null,
            "gross_margin": null,
            "gross_margin_4q_avg": 0,
            "net_income": null,
            "revenue": null,
            "common_shares": null,
            "book_valuer_per_share": null,
            "book_valuer_per_share_4q_avg": 4.1,
            "equity": null,
            "current_ratio": null,
            "debt_ratio": null,
            "inventory_turnover_ratio": null,
            "account_receivable_turnover_ratio": null,
            "reinvestment_rate": null,
            "research_to_sale_ratio": null,
            "price_fair": 0,
            "eps_avg_yearly": 0,
            "eps_latest_yearly": 0,
            "eps_growth_yearly": 0
        },
        "20022": {
            "year_quarter": 20022,
            "year": 2002,
            "quarter": 2,
            "eps": null,
            "eps_growth_year": null,
            "eps_4q": null,
            "eps_4q_growth_year": null,
            "roe": null,
            "roe_4q": 0,
            "gross_profit": null,
            "gross_margin": null,
            "gross_margin_4q_avg": 0,
            "net_income": null,
            "revenue": null,
            "common_shares": null,
            "book_valuer_per_share": null,
            "book_valuer_per_share_4q_avg": 4.1,
            "equity": null,
            "current_ratio": null,
            "debt_ratio": null,
            "inventory_turnover_ratio": null,
            "account_receivable_turnover_ratio": null,
            "reinvestment_rate": null,
            "research_to_sale_ratio": null,
            "price_fair": 0,
            "eps_avg_yearly": 0,
            "eps_latest_yearly": 0,
            "eps_growth_yearly": 0
        },
        "20023": {
            "year_quarter": 20023,
            "year": 2002,
            "quarter": 3,
            "eps": null,
            "eps_growth_year": null,
            "eps_4q": null,
            "eps_4q_growth_year": null,
            "roe": null,
            "roe_4q": 0,
            "gross_profit": null,
            "gross_margin": null,
            "gross_margin_4q_avg": 0,
            "net_income": null,
            "revenue": null,
            "common_shares": null,
            "book_valuer_per_share": null,
            "book_valuer_per_share_4q_avg": 4.1,
            "equity": null,
            "current_ratio": null,
            "debt_ratio": null,
            "inventory_turnover_ratio": null,
            "account_receivable_turnover_ratio": null,
            "reinvestment_rate": null,
            "research_to_sale_ratio": null,
            "price_fair": 0,
            "eps_avg_yearly": 0,
            "eps_latest_yearly": 0,
            "eps_growth_yearly": 0
        },
        "20024": {
            "year_quarter": 20024,
            "year": 2002,
            "quarter": 4,
            "eps": null,
            "eps_growth_year": null,
            "eps_4q": null,
            "eps_4q_growth_year": null,
            "roe": null,
            "roe_4q": 0,
            "gross_profit": null,
            "gross_margin": null,
            "gross_margin_4q_avg": 0,
            "net_income": null,
            "revenue": null,
            "common_shares": 197060,
            "book_valuer_per_share": 14.75,
            "book_valuer_per_share_4q_avg": 3.69,
            "equity": 290699,
            "current_ratio": 86.76,
            "debt_ratio": 64.97,
            "inventory_turnover_ratio": null,
            "account_receivable_turnover_ratio": null,
            "reinvestment_rate": null,
            "research_to_sale_ratio": null,
            "price_fair": 0,
            "eps_avg_yearly": 0,
            "eps_latest_yearly": 0,
            "eps_growth_yearly": 0
        },
        "20031": {
            "year_quarter": 20031,
            "year": 2003,
            "quarter": 1,
            "eps": null,
            "eps_growth_year": null,
            "eps_4q": null,
            "eps_4q_growth_year": null,
            "roe": null,
            "roe_4q": 0,
            "gross_profit": null,
            "gross_margin": null,
            "gross_margin_4q_avg": 0,
            "net_income": null,
            "revenue": null,
            "common_shares": null,
            "book_valuer_per_share": null,
            "book_valuer_per_share_4q_avg": 3.69,
            "equity": null,
            "current_ratio": null,
            "debt_ratio": null,
            "inventory_turnover_ratio": null,
            "account_receivable_turnover_ratio": null,
            "reinvestment_rate": null,
            "research_to_sale_ratio": null,
            "price_fair": 0,
            "eps_avg_yearly": 0,
            "eps_latest_yearly": 0,
            "eps_growth_yearly": 0
        },
        "20032": {
            "year_quarter": 20032,
            "year": 2003,
            "quarter": 2,
            "eps": null,
            "eps_growth_year": null,
            "eps_4q": null,
            "eps_4q_growth_year": null,
            "roe": null,
            "roe_4q": 0,
            "gross_profit": null,
            "gross_margin": null,
            "gross_margin_4q_avg": 0,
            "net_income": null,
            "revenue": null,
            "common_shares": null,
            "book_valuer_per_share": null,
            "book_valuer_per_share_4q_avg": 3.69,
            "equity": null,
            "current_ratio": null,
            "debt_ratio": null,
            "inventory_turnover_ratio": null,
            "account_receivable_turnover_ratio": null,
            "reinvestment_rate": null,
            "research_to_sale_ratio": null,
            "price_fair": 0,
            "eps_avg_yearly": 0,
            "eps_latest_yearly": 0,
            "eps_growth_yearly": 0
        },
        "20033": {
            "year_quarter": 20033,
            "year": 2003,
            "quarter": 3,
            "eps": null,
            "eps_growth_year": null,
            "eps_4q": null,
            "eps_4q_growth_year": null,
            "roe": null,
            "roe_4q": 0,
            "gross_profit": null,
            "gross_margin": null,
            "gross_margin_4q_avg": 0,
            "net_income": null,
            "revenue": null,
            "common_shares": null,
            "book_valuer_per_share": null,
            "book_valuer_per_share_4q_avg": 3.69,
            "equity": null,
            "current_ratio": null,
            "debt_ratio": null,
            "inventory_turnover_ratio": null,
            "account_receivable_turnover_ratio": null,
            "reinvestment_rate": null,
            "research_to_sale_ratio": null,
            "price_fair": 0,
            "eps_avg_yearly": 0,
            "eps_latest_yearly": 0,
            "eps_growth_yearly": 0
        },
        "20034": {
            "year_quarter": 20034,
            "year": 2003,
            "quarter": 4,
            "eps": null,
            "eps_growth_year": null,
            "eps_4q": null,
            "eps_4q_growth_year": null,
            "roe": null,
            "roe_4q": 0,
            "gross_profit": null,
            "gross_margin": null,
            "gross_margin_4q_avg": 0,
            "net_income": null,
            "revenue": null,
            "common_shares": 215000,
            "book_valuer_per_share": 12.28,
            "book_valuer_per_share_4q_avg": 3.07,
            "equity": 264006,
            "current_ratio": 79.48,
            "debt_ratio": 66.28,
            "inventory_turnover_ratio": null,
            "account_receivable_turnover_ratio": null,
            "reinvestment_rate": null,
            "research_to_sale_ratio": null,
            "price_fair": 0,
            "eps_avg_yearly": 0,
            "eps_latest_yearly": 0,
            "eps_growth_yearly": 0
        },
        "20041": {
            "year_quarter": 20041,
            "year": 2004,
            "quarter": 1,
            "eps": null,
            "eps_growth_year": null,
            "eps_4q": null,
            "eps_4q_growth_year": null,
            "roe": null,
            "roe_4q": 0,
            "gross_profit": null,
            "gross_margin": null,
            "gross_margin_4q_avg": 0,
            "net_income": null,
            "revenue": null,
            "common_shares": null,
            "book_valuer_per_share": null,
            "book_valuer_per_share_4q_avg": 3.07,
            "equity": null,
            "current_ratio": null,
            "debt_ratio": null,
            "inventory_turnover_ratio": null,
            "account_receivable_turnover_ratio": null,
            "reinvestment_rate": null,
            "research_to_sale_ratio": null,
            "price_fair": 0,
            "eps_avg_yearly": 0,
            "eps_latest_yearly": 0,
            "eps_growth_yearly": 0
        },
        "20042": {
            "year_quarter": 20042,
            "year": 2004,
            "quarter": 2,
            "eps": null,
            "eps_growth_year": null,
            "eps_4q": null,
            "eps_4q_growth_year": null,
            "roe": null,
            "roe_4q": 0,
            "gross_profit": null,
            "gross_margin": null,
            "gross_margin_4q_avg": 0,
            "net_income": null,
            "revenue": null,
            "common_shares": null,
            "book_valuer_per_share": null,
            "book_valuer_per_share_4q_avg": 3.07,
            "equity": null,
            "current_ratio": null,
            "debt_ratio": null,
            "inventory_turnover_ratio": null,
            "account_receivable_turnover_ratio": null,
            "reinvestment_rate": null,
            "research_to_sale_ratio": null,
            "price_fair": 0,
            "eps_avg_yearly": 0,
            "eps_latest_yearly": 0,
            "eps_growth_yearly": 0
        },
        "20043": {
            "year_quarter": 20043,
            "year": 2004,
            "quarter": 3,
            "eps": null,
            "eps_growth_year": null,
            "eps_4q": null,
            "eps_4q_growth_year": null,
            "roe": null,
            "roe_4q": 0,
            "gross_profit": null,
            "gross_margin": null,
            "gross_margin_4q_avg": 0,
            "net_income": null,
            "revenue": null,
            "common_shares": null,
            "book_valuer_per_share": null,
            "book_valuer_per_share_4q_avg": 3.07,
            "equity": null,
            "current_ratio": null,
            "debt_ratio": null,
            "inventory_turnover_ratio": null,
            "account_receivable_turnover_ratio": null,
            "reinvestment_rate": null,
            "research_to_sale_ratio": null,
            "price_fair": 0,
            "eps_avg_yearly": 0,
            "eps_latest_yearly": 0,
            "eps_growth_yearly": 0
        },
        "20044": {
            "year_quarter": 20044,
            "year": 2004,
            "quarter": 4,
            "eps": null,
            "eps_growth_year": null,
            "eps_4q": null,
            "eps_4q_growth_year": null,
            "roe": null,
            "roe_4q": 0,
            "gross_profit": null,
            "gross_margin": null,
            "gross_margin_4q_avg": 0,
            "net_income": null,
            "revenue": null,
            "common_shares": 275020,
            "book_valuer_per_share": 14.13,
            "book_valuer_per_share_4q_avg": 3.53,
            "equity": 388479,
            "current_ratio": 122.91,
            "debt_ratio": 57.08,
            "inventory_turnover_ratio": null,
            "account_receivable_turnover_ratio": null,
            "reinvestment_rate": null,
            "research_to_sale_ratio": null,
            "price_fair": 0,
            "eps_avg_yearly": 0,
            "eps_latest_yearly": 0,
            "eps_growth_yearly": 0
        },
        "20051": {
            "year_quarter": 20051,
            "year": 2005,
            "quarter": 1,
            "eps": 0.76,
            "eps_growth_year": null,
            "eps_4q": null,
            "eps_4q_growth_year": null,
            "roe": 5.27,
            "roe_4q": 5.27,
            "gross_profit": 74986,
            "gross_margin": 23.13,
            "gross_margin_4q_avg": 5.78,
            "net_income": 21029,
            "revenue": 324154,
            "common_shares": 275020,
            "book_valuer_per_share": 14.89,
            "book_valuer_per_share_4q_avg": 7.26,
            "equity": 409508,
            "current_ratio": 118.26,
            "debt_ratio": 53.8,
            "inventory_turnover_ratio": 1.54,
            "account_receivable_turnover_ratio": null,
            "reinvestment_rate": null,
            "research_to_sale_ratio": null,
            "price_fair": 0,
            "eps_avg_yearly": 0,
            "eps_latest_yearly": 0,
            "eps_growth_yearly": 0
        },
        "20052": {
            "year_quarter": 20052,
            "year": 2005,
            "quarter": 2,
            "eps": 1.36,
            "eps_growth_year": null,
            "eps_4q": null,
            "eps_4q_growth_year": null,
            "roe": 8.98,
            "roe_4q": 14.25,
            "gross_profit": 86310,
            "gross_margin": 25.84,
            "gross_margin_4q_avg": 12.24,
            "net_income": 37300,
            "revenue": 334065,
            "common_shares": 275020,
            "book_valuer_per_share": 15.32,
            "book_valuer_per_share_4q_avg": 11.09,
            "equity": 421271,
            "current_ratio": 122.38,
            "debt_ratio": 51.6,
            "inventory_turnover_ratio": 1.53,
            "account_receivable_turnover_ratio": null,
            "reinvestment_rate": null,
            "research_to_sale_ratio": null,
            "price_fair": 190.4,
            "eps_avg_yearly": 5.44,
            "eps_latest_yearly": 5.44,
            "eps_growth_yearly": 315.79
        },
        "20053": {
            "year_quarter": 20053,
            "year": 2005,
            "quarter": 3,
            "eps": 1.51,
            "eps_growth_year": null,
            "eps_4q": null,
            "eps_4q_growth_year": null,
            "roe": 10.67,
            "roe_4q": 24.919999999999998,
            "gross_profit": 82038,
            "gross_margin": 25.92,
            "gross_margin_4q_avg": 18.72,
            "net_income": 47474,
            "revenue": 316527,
            "common_shares": 315000,
            "book_valuer_per_share": 14.88,
            "book_valuer_per_share_4q_avg": 14.81,
            "equity": 468746,
            "current_ratio": 121.47,
            "debt_ratio": 53.86,
            "inventory_turnover_ratio": 1.31,
            "account_receivable_turnover_ratio": null,
            "reinvestment_rate": null,
            "research_to_sale_ratio": null,
            "price_fair": 200.9,
            "eps_avg_yearly": 5.74,
            "eps_latest_yearly": 6.04,
            "eps_growth_yearly": 179.95
        },
        "20054": {
            "year_quarter": 20054,
            "year": 2005,
            "quarter": 4,
            "eps": 0.98,
            "eps_growth_year": null,
            "eps_4q": 4.3,
            "eps_4q_growth_year": null,
            "roe": 6.18,
            "roe_4q": 31.1,
            "gross_profit": 81506,
            "gross_margin": 25.6,
            "gross_margin_4q_avg": 25.12,
            "net_income": 31270,
            "revenue": 318387,
            "common_shares": 330000,
            "book_valuer_per_share": 16.46,
            "book_valuer_per_share_4q_avg": 15.39,
            "equity": 543313,
            "current_ratio": 136.12,
            "debt_ratio": 50.26,
            "inventory_turnover_ratio": 1.14,
            "account_receivable_turnover_ratio": null,
            "reinvestment_rate": null,
            "research_to_sale_ratio": null,
            "price_fair": 179.67,
            "eps_avg_yearly": 5.13,
            "eps_latest_yearly": 3.92,
            "eps_growth_yearly": 73.17
        },
        "20061": {
            "year_quarter": 20061,
            "year": 2006,
            "quarter": 1,
            "eps": 1.16,
            "eps_growth_year": 52.63,
            "eps_4q": 4.69,
            "eps_4q_growth_year": null,
            "roe": 6.79,
            "roe_4q": 32.620000000000005,
            "gross_profit": 96980,
            "gross_margin": 24.59,
            "gross_margin_4q_avg": 25.49,
            "net_income": 38175,
            "revenue": 394409,
            "common_shares": 330000,
            "book_valuer_per_share": 17.62,
            "book_valuer_per_share_4q_avg": 16.07,
            "equity": 581488,
            "current_ratio": 130.8,
            "debt_ratio": 48.58,
            "inventory_turnover_ratio": 1.26,
            "account_receivable_turnover_ratio": null,
            "reinvestment_rate": null,
            "research_to_sale_ratio": null,
            "price_fair": 175.35,
            "eps_avg_yearly": 5.01,
            "eps_latest_yearly": 4.64,
            "eps_growth_yearly": 73.24
        },
        "20062": {
            "year_quarter": 20062,
            "year": 2006,
            "quarter": 2,
            "eps": 1.31,
            "eps_growth_year": -3.68,
            "eps_4q": 4.39,
            "eps_4q_growth_year": null,
            "roe": 8.63,
            "roe_4q": 32.27,
            "gross_profit": 114349,
            "gross_margin": 26.77,
            "gross_margin_4q_avg": 25.72,
            "net_income": 49742,
            "revenue": 427165,
            "common_shares": 380500,
            "book_valuer_per_share": 15,
            "book_valuer_per_share_4q_avg": 15.99,
            "equity": 570770,
            "current_ratio": 113.54,
            "debt_ratio": 52.63,
            "inventory_turnover_ratio": 1.22,
            "account_receivable_turnover_ratio": null,
            "reinvestment_rate": null,
            "research_to_sale_ratio": null,
            "price_fair": 176.96,
            "eps_avg_yearly": 5.06,
            "eps_latest_yearly": 5.24,
            "eps_growth_yearly": 68.94
        },
        "20063": {
            "year_quarter": 20063,
            "year": 2006,
            "quarter": 3,
            "eps": 1.38,
            "eps_growth_year": -8.61,
            "eps_4q": 4.45,
            "eps_4q_growth_year": null,
            "roe": 7.88,
            "roe_4q": 29.48,
            "gross_profit": 114992,
            "gross_margin": 26.25,
            "gross_margin_4q_avg": 25.8,
            "net_income": 53658,
            "revenue": 438140,
            "common_shares": 428070,
            "book_valuer_per_share": 18.48,
            "book_valuer_per_share_4q_avg": 16.89,
            "equity": 790924,
            "current_ratio": 137.42,
            "debt_ratio": 48.2,
            "inventory_turnover_ratio": 1.17,
            "account_receivable_turnover_ratio": null,
            "reinvestment_rate": null,
            "research_to_sale_ratio": null,
            "price_fair": 179.67,
            "eps_avg_yearly": 5.13,
            "eps_latest_yearly": 5.52,
            "eps_growth_yearly": 61.01
        },
        "20064": {
            "year_quarter": 20064,
            "year": 2006,
            "quarter": 4,
            "eps": 1.74,
            "eps_growth_year": 77.55,
            "eps_4q": 5.29,
            "eps_4q_growth_year": 23.06,
            "roe": 8.42,
            "roe_4q": 31.72,
            "gross_profit": 151526,
            "gross_margin": 28.85,
            "gross_margin_4q_avg": 26.62,
            "net_income": 69460,
            "revenue": 525277,
            "common_shares": 428070,
            "book_valuer_per_share": 20.08,
            "book_valuer_per_share_4q_avg": 17.8,
            "equity": 859759,
            "current_ratio": 153.85,
            "debt_ratio": 43.62,
            "inventory_turnover_ratio": 1.42,
            "account_receivable_turnover_ratio": null,
            "reinvestment_rate": null,
            "research_to_sale_ratio": null,
            "price_fair": 188.8,
            "eps_avg_yearly": 5.39,
            "eps_latest_yearly": 6.96,
            "eps_growth_yearly": 67.2
        },
        "20071": {
            "year_quarter": 20071,
            "year": 2007,
            "quarter": 1,
            "eps": 0.78,
            "eps_growth_year": -32.76,
            "eps_4q": 4.82,
            "eps_4q_growth_year": 2.95,
            "roe": 3.77,
            "roe_4q": 28.700000000000003,
            "gross_profit": 82824,
            "gross_margin": 22.27,
            "gross_margin_4q_avg": 26.04,
            "net_income": 33336,
            "revenue": 371826,
            "common_shares": 428070,
            "book_valuer_per_share": 21.27,
            "book_valuer_per_share_4q_avg": 18.71,
            "equity": 910699,
            "current_ratio": 205.84,
            "debt_ratio": 45.35,
            "inventory_turnover_ratio": 1.18,
            "account_receivable_turnover_ratio": null,
            "reinvestment_rate": null,
            "research_to_sale_ratio": null,
            "price_fair": 178.85,
            "eps_avg_yearly": 5.11,
            "eps_latest_yearly": 3.12,
            "eps_growth_yearly": 31.22
        },
        "20072": {
            "year_quarter": 20072,
            "year": 2007,
            "quarter": 2,
            "eps": 1.08,
            "eps_growth_year": -17.56,
            "eps_4q": 4.72,
            "eps_4q_growth_year": 7.61,
            "roe": 5.25,
            "roe_4q": 25.319999999999997,
            "gross_profit": 104829,
            "gross_margin": 25.81,
            "gross_margin_4q_avg": 25.8,
            "net_income": 46378,
            "revenue": 406165,
            "common_shares": 428070,
            "book_valuer_per_share": 20.04,
            "book_valuer_per_share_4q_avg": 19.97,
            "equity": 857718,
            "current_ratio": 156.44,
            "debt_ratio": 50.18,
            "inventory_turnover_ratio": 1.21,
            "account_receivable_turnover_ratio": null,
            "reinvestment_rate": null,
            "research_to_sale_ratio": null,
            "price_fair": 175.78,
            "eps_avg_yearly": 5.02,
            "eps_latest_yearly": 4.32,
            "eps_growth_yearly": 44.84
        },
        "20073": {
            "year_quarter": 20073,
            "year": 2007,
            "quarter": 3,
            "eps": 0.94,
            "eps_growth_year": -31.88,
            "eps_4q": 4.24,
            "eps_4q_growth_year": -4.52,
            "roe": 4.83,
            "roe_4q": 22.27,
            "gross_profit": 93502,
            "gross_margin": 23.65,
            "gross_margin_4q_avg": 25.15,
            "net_income": 42437,
            "revenue": 395309,
            "common_shares": 449474,
            "book_valuer_per_share": 20.03,
            "book_valuer_per_share_4q_avg": 20.36,
            "equity": 900155,
            "current_ratio": 125.73,
            "debt_ratio": 50.41,
            "inventory_turnover_ratio": 1.25,
            "account_receivable_turnover_ratio": null,
            "reinvestment_rate": null,
            "research_to_sale_ratio": null,
            "price_fair": 171.36,
            "eps_avg_yearly": 4.9,
            "eps_latest_yearly": 3.76,
            "eps_growth_yearly": 35.17
        },
        "20074": {
            "year_quarter": 20074,
            "year": 2007,
            "quarter": 4,
            "eps": 2.65,
            "eps_growth_year": 52.3,
            "eps_4q": 5.36,
            "eps_4q_growth_year": 1.47,
            "roe": 12.42,
            "roe_4q": 26.27,
            "gross_profit": 101540,
            "gross_margin": 23.6,
            "gross_margin_4q_avg": 23.83,
            "net_income": 119268,
            "revenue": 430331,
            "common_shares": 449654,
            "book_valuer_per_share": 22.68,
            "book_valuer_per_share_4q_avg": 21.01,
            "equity": 1019866,
            "current_ratio": 136.11,
            "debt_ratio": 46.08,
            "inventory_turnover_ratio": 1.45,
            "account_receivable_turnover_ratio": null,
            "reinvestment_rate": null,
            "research_to_sale_ratio": null,
            "price_fair": 189.51,
            "eps_avg_yearly": 5.41,
            "eps_latest_yearly": 10.6,
            "eps_growth_yearly": 98.13
        },
        "20081": {
            "year_quarter": 20081,
            "year": 2008,
            "quarter": 1,
            "eps": 0.45,
            "eps_growth_year": -42.31,
            "eps_4q": 5.08,
            "eps_4q_growth_year": 5.27,
            "roe": 1.96,
            "roe_4q": 24.46,
            "gross_profit": 79067,
            "gross_margin": 20.94,
            "gross_margin_4q_avg": 23.5,
            "net_income": 20229,
            "revenue": 377569,
            "common_shares": 450398,
            "book_valuer_per_share": 23.16,
            "book_valuer_per_share_4q_avg": 21.48,
            "equity": 1043130,
            "current_ratio": 136.19,
            "debt_ratio": 45.05,
            "inventory_turnover_ratio": 1.2,
            "account_receivable_turnover_ratio": null,
            "reinvestment_rate": null,
            "research_to_sale_ratio": null,
            "price_fair": 178.97,
            "eps_avg_yearly": 5.11,
            "eps_latest_yearly": 1.8,
            "eps_growth_yearly": 62.28
        },
        "20082": {
            "year_quarter": 20082,
            "year": 2008,
            "quarter": 2,
            "eps": 0.52,
            "eps_growth_year": -51.85,
            "eps_4q": 4.59,
            "eps_4q_growth_year": -2.81,
            "roe": 2.37,
            "roe_4q": 21.58,
            "gross_profit": 86844,
            "gross_margin": 18.28,
            "gross_margin_4q_avg": 21.62,
            "net_income": 23240,
            "revenue": 474981,
            "common_shares": 450443,
            "book_valuer_per_share": 20.43,
            "book_valuer_per_share_4q_avg": 21.58,
            "equity": 920054,
            "current_ratio": 116.55,
            "debt_ratio": 55.09,
            "inventory_turnover_ratio": 1.17,
            "account_receivable_turnover_ratio": null,
            "reinvestment_rate": null,
            "research_to_sale_ratio": null,
            "price_fair": 170.8,
            "eps_avg_yearly": 4.88,
            "eps_latest_yearly": 2.08,
            "eps_growth_yearly": 62.27
        },
        "20083": {
            "year_quarter": 20083,
            "year": 2008,
            "quarter": 3,
            "eps": 0.61,
            "eps_growth_year": -35.11,
            "eps_4q": 4,
            "eps_4q_growth_year": -5.64,
            "roe": 3.13,
            "roe_4q": 19.88,
            "gross_profit": 88056,
            "gross_margin": 17.45,
            "gross_margin_4q_avg": 20.07,
            "net_income": 29241,
            "revenue": 504515,
            "common_shares": 477943,
            "book_valuer_per_share": 19.86,
            "book_valuer_per_share_4q_avg": 21.53,
            "equity": 949295,
            "current_ratio": 120.44,
            "debt_ratio": 56.11,
            "inventory_turnover_ratio": 0.97,
            "account_receivable_turnover_ratio": null,
            "reinvestment_rate": null,
            "research_to_sale_ratio": null,
            "price_fair": 164.7,
            "eps_avg_yearly": 4.71,
            "eps_latest_yearly": 2.44,
            "eps_growth_yearly": 62.77
        },
        "20084": {
            "year_quarter": 20084,
            "year": 2008,
            "quarter": 4,
            "eps": 0.9,
            "eps_growth_year": -66.04,
            "eps_4q": 2.42,
            "eps_4q_growth_year": -54.85,
            "roe": 4.43,
            "roe_4q": 11.89,
            "gross_profit": 111072,
            "gross_margin": 19.92,
            "gross_margin_4q_avg": 19.15,
            "net_income": 43006,
            "revenue": 557557,
            "common_shares": 477943,
            "book_valuer_per_share": 20.74,
            "book_valuer_per_share_4q_avg": 21.05,
            "equity": 991473,
            "current_ratio": 156.55,
            "debt_ratio": 51.74,
            "inventory_turnover_ratio": 1.21,
            "account_receivable_turnover_ratio": 4.66,
            "reinvestment_rate": 98.37,
            "research_to_sale_ratio": null,
            "price_fair": 162.12,
            "eps_avg_yearly": 4.63,
            "eps_latest_yearly": 3.6,
            "eps_growth_yearly": 71.26
        },
        "20091": {
            "year_quarter": 20091,
            "year": 2009,
            "quarter": 1,
            "eps": 0.54,
            "eps_growth_year": 20,
            "eps_4q": 2.55,
            "eps_4q_growth_year": -49.7,
            "roe": 2.55,
            "roe_4q": 12.48,
            "gross_profit": 56389,
            "gross_margin": 20.76,
            "gross_margin_4q_avg": 19.1,
            "net_income": 25596,
            "revenue": 271610,
            "common_shares": 477943,
            "book_valuer_per_share": 21.28,
            "book_valuer_per_share_4q_avg": 20.58,
            "equity": 1017001,
            "current_ratio": 141.02,
            "debt_ratio": 46.59,
            "inventory_turnover_ratio": 0.86,
            "account_receivable_turnover_ratio": 1.5,
            "reinvestment_rate": 93.27,
            "research_to_sale_ratio": null,
            "price_fair": 156.71,
            "eps_avg_yearly": 4.48,
            "eps_latest_yearly": 2.16,
            "eps_growth_yearly": 56.81
        },
        "20092": {
            "year_quarter": 20092,
            "year": 2009,
            "quarter": 2,
            "eps": 0.72,
            "eps_growth_year": 38.46,
            "eps_4q": 2.77,
            "eps_4q_growth_year": -39.56,
            "roe": 3.4,
            "roe_4q": 13.509999999999998,
            "gross_profit": 80663,
            "gross_margin": 22.62,
            "gross_margin_4q_avg": 20.19,
            "net_income": 34289,
            "revenue": 356590,
            "common_shares": 477943,
            "book_valuer_per_share": 20.87,
            "book_valuer_per_share_4q_avg": 20.69,
            "equity": 997523,
            "current_ratio": 141.9,
            "debt_ratio": 46.21,
            "inventory_turnover_ratio": 1.27,
            "account_receivable_turnover_ratio": 2.89,
            "reinvestment_rate": 86.77,
            "research_to_sale_ratio": null,
            "price_fair": 151.11,
            "eps_avg_yearly": 4.32,
            "eps_latest_yearly": 2.88,
            "eps_growth_yearly": 45.4
        },
        "20093": {
            "year_quarter": 20093,
            "year": 2009,
            "quarter": 3,
            "eps": 0.89,
            "eps_growth_year": 45.9,
            "eps_4q": 2.93,
            "eps_4q_growth_year": -26.83,
            "roe": 4.4,
            "roe_4q": 14.780000000000001,
            "gross_profit": 80016,
            "gross_margin": 26.83,
            "gross_margin_4q_avg": 22.53,
            "net_income": 44880,
            "revenue": 298265,
            "common_shares": 501840,
            "book_valuer_per_share": 20.77,
            "book_valuer_per_share_4q_avg": 20.92,
            "equity": 1042403,
            "current_ratio": 150.4,
            "debt_ratio": 45.45,
            "inventory_turnover_ratio": 1.02,
            "account_receivable_turnover_ratio": 2.61,
            "reinvestment_rate": 86.74,
            "research_to_sale_ratio": null,
            "price_fair": 145.69,
            "eps_avg_yearly": 4.16,
            "eps_latest_yearly": 3.56,
            "eps_growth_yearly": 48.55
        },
        "20094": {
            "year_quarter": 20094,
            "year": 2009,
            "quarter": 4,
            "eps": 0.92,
            "eps_growth_year": 2.22,
            "eps_4q": 3.01,
            "eps_4q_growth_year": 24.33,
            "roe": 4.35,
            "roe_4q": 14.7,
            "gross_profit": 91837,
            "gross_margin": 22.5,
            "gross_margin_4q_avg": 23.18,
            "net_income": 46334,
            "revenue": 408083,
            "common_shares": 501840,
            "book_valuer_per_share": 21.67,
            "book_valuer_per_share_4q_avg": 21.15,
            "equity": 1087378,
            "current_ratio": 156.34,
            "debt_ratio": 44.22,
            "inventory_turnover_ratio": 1.4,
            "account_receivable_turnover_ratio": 6.42,
            "reinvestment_rate": 80.56,
            "research_to_sale_ratio": null,
            "price_fair": 145.16,
            "eps_avg_yearly": 4.15,
            "eps_latest_yearly": 3.68,
            "eps_growth_yearly": 58.17
        },
        "20101": {
            "year_quarter": 20101,
            "year": 2010,
            "quarter": 1,
            "eps": 0.49,
            "eps_growth_year": -9.26,
            "eps_4q": 3,
            "eps_4q_growth_year": 17.25,
            "roe": 2.26,
            "roe_4q": 14.41,
            "gross_profit": 75920,
            "gross_margin": 21.32,
            "gross_margin_4q_avg": 23.32,
            "net_income": 24809,
            "revenue": 356040,
            "common_shares": 501840,
            "book_valuer_per_share": 22.16,
            "book_valuer_per_share_4q_avg": 21.37,
            "equity": 1112193,
            "current_ratio": 162.83,
            "debt_ratio": 41.87,
            "inventory_turnover_ratio": 1.12,
            "account_receivable_turnover_ratio": 2.45,
            "reinvestment_rate": 75.92,
            "research_to_sale_ratio": 0.21,
            "price_fair": 139.3,
            "eps_avg_yearly": 3.98,
            "eps_latest_yearly": 1.96,
            "eps_growth_yearly": 41.89
        },
        "20102": {
            "year_quarter": 20102,
            "year": 2010,
            "quarter": 2,
            "eps": 0.34,
            "eps_growth_year": -53.05,
            "eps_4q": 2.44,
            "eps_4q_growth_year": -12.06,
            "roe": 1.72,
            "roe_4q": 12.729999999999999,
            "gross_profit": 73608,
            "gross_margin": 18.22,
            "gross_margin_4q_avg": 22.22,
            "net_income": 18662,
            "revenue": 403975,
            "common_shares": 501840,
            "book_valuer_per_share": 21.04,
            "book_valuer_per_share_4q_avg": 21.41,
            "equity": 1055660,
            "current_ratio": 144.68,
            "debt_ratio": 46.03,
            "inventory_turnover_ratio": 1.21,
            "account_receivable_turnover_ratio": 2.25,
            "reinvestment_rate": 64.3,
            "research_to_sale_ratio": 0.15,
            "price_fair": 130.81,
            "eps_avg_yearly": 3.74,
            "eps_latest_yearly": 1.36,
            "eps_growth_yearly": 31.01
        },
        "20103": {
            "year_quarter": 20103,
            "year": 2010,
            "quarter": 3,
            "eps": 1.41,
            "eps_growth_year": 57.87,
            "eps_4q": 2.9,
            "eps_4q_growth_year": -1.15,
            "roe": 7.27,
            "roe_4q": 15.6,
            "gross_profit": 132888,
            "gross_margin": 25.92,
            "gross_margin_4q_avg": 21.99,
            "net_income": 84588,
            "revenue": 512635,
            "common_shares": 602024,
            "book_valuer_per_share": 21.12,
            "book_valuer_per_share_4q_avg": 21.5,
            "equity": 1271433,
            "current_ratio": 183.7,
            "debt_ratio": 37.88,
            "inventory_turnover_ratio": 1.23,
            "account_receivable_turnover_ratio": 2.34,
            "reinvestment_rate": 37.16,
            "research_to_sale_ratio": 0.17,
            "price_fair": 131.08,
            "eps_avg_yearly": 3.75,
            "eps_latest_yearly": 5.64,
            "eps_growth_yearly": 108.35
        },
        "20104": {
            "year_quarter": 20104,
            "year": 2010,
            "quarter": 4,
            "eps": 2.24,
            "eps_growth_year": 143.84,
            "eps_4q": 4.35,
            "eps_4q_growth_year": 44.42,
            "roe": 10.19,
            "roe_4q": 21.439999999999998,
            "gross_profit": 136415,
            "gross_margin": 26.9,
            "gross_margin_4q_avg": 23.09,
            "net_income": 136479,
            "revenue": 507109,
            "common_shares": 608386,
            "book_valuer_per_share": 23.13,
            "book_valuer_per_share_4q_avg": 21.86,
            "equity": 1407315,
            "current_ratio": 256.64,
            "debt_ratio": 29.65,
            "inventory_turnover_ratio": 1.1,
            "account_receivable_turnover_ratio": 2.17,
            "reinvestment_rate": 21.67,
            "research_to_sale_ratio": 0.23,
            "price_fair": 135.45,
            "eps_avg_yearly": 3.87,
            "eps_latest_yearly": 8.96,
            "eps_growth_yearly": 116.54
        },
        "20111": {
            "year_quarter": 20111,
            "year": 2011,
            "quarter": 1,
            "eps": 1.33,
            "eps_growth_year": 171.43,
            "eps_4q": 5.25,
            "eps_4q_growth_year": 75.4,
            "roe": 5.57,
            "roe_4q": 24.75,
            "gross_profit": 114215,
            "gross_margin": 25.67,
            "gross_margin_4q_avg": 24.18,
            "net_income": 80735,
            "revenue": 444918,
            "common_shares": 610003,
            "book_valuer_per_share": 24.47,
            "book_valuer_per_share_4q_avg": 22.44,
            "equity": 1492579,
            "current_ratio": 260.81,
            "debt_ratio": 29.59,
            "inventory_turnover_ratio": 0.96,
            "account_receivable_turnover_ratio": 2.05,
            "reinvestment_rate": 32.16,
            "research_to_sale_ratio": 0.18,
            "price_fair": 140.26,
            "eps_avg_yearly": 4.01,
            "eps_latest_yearly": 5.32,
            "eps_growth_yearly": 120.18
        },
        "20112": {
            "year_quarter": 20112,
            "year": 2011,
            "quarter": 2,
            "eps": 1.75,
            "eps_growth_year": 418.05,
            "eps_4q": 6.68,
            "eps_4q_growth_year": 173.86,
            "roe": 7.35,
            "roe_4q": 30.38,
            "gross_profit": 152094,
            "gross_margin": 26.98,
            "gross_margin_4q_avg": 26.37,
            "net_income": 107203,
            "revenue": 563673,
            "common_shares": 612112,
            "book_valuer_per_share": 23.24,
            "book_valuer_per_share_4q_avg": 22.99,
            "equity": 1422619,
            "current_ratio": 210.57,
            "debt_ratio": 34.95,
            "inventory_turnover_ratio": 1.17,
            "account_receivable_turnover_ratio": 2.42,
            "reinvestment_rate": 18.78,
            "research_to_sale_ratio": 0.23,
            "price_fair": 146.13,
            "eps_avg_yearly": 4.18,
            "eps_latest_yearly": 7,
            "eps_growth_yearly": 118.46
        },
        "20113": {
            "year_quarter": 20113,
            "year": 2011,
            "quarter": 3,
            "eps": 1.68,
            "eps_growth_year": 19.25,
            "eps_4q": 6.96,
            "eps_4q_growth_year": 140.28,
            "roe": 6.98,
            "roe_4q": 30.089999999999996,
            "gross_profit": 133685,
            "gross_margin": 27.56,
            "gross_margin_4q_avg": 26.78,
            "net_income": 102853,
            "revenue": 485132,
            "common_shares": 613866,
            "book_valuer_per_share": 24.84,
            "book_valuer_per_share_4q_avg": 23.92,
            "equity": 1524734,
            "current_ratio": 275.75,
            "debt_ratio": 28.49,
            "inventory_turnover_ratio": 0.99,
            "account_receivable_turnover_ratio": 2.19,
            "reinvestment_rate": -3.31,
            "research_to_sale_ratio": 0.29,
            "price_fair": 152.6,
            "eps_avg_yearly": 4.36,
            "eps_latest_yearly": 6.72,
            "eps_growth_yearly": 120.7
        },
        "20114": {
            "year_quarter": 20114,
            "year": 2011,
            "quarter": 4,
            "eps": 1.3,
            "eps_growth_year": -42.13,
            "eps_4q": 6.04,
            "eps_4q_growth_year": 38.8,
            "roe": 5.09,
            "roe_4q": 24.990000000000002,
            "gross_profit": 118558,
            "gross_margin": 25.12,
            "gross_margin_4q_avg": 26.33,
            "net_income": 79689,
            "revenue": 471900,
            "common_shares": 613866,
            "book_valuer_per_share": 26.12,
            "book_valuer_per_share_4q_avg": 24.67,
            "equity": 1603716,
            "current_ratio": 317.47,
            "debt_ratio": 25.67,
            "inventory_turnover_ratio": 1.07,
            "account_receivable_turnover_ratio": 2.54,
            "reinvestment_rate": -19.19,
            "research_to_sale_ratio": 0.31,
            "price_fair": 140.79,
            "eps_avg_yearly": 4.02,
            "eps_latest_yearly": 5.2,
            "eps_growth_yearly": 69.56
        },
        "20121": {
            "year_quarter": 20121,
            "year": 2012,
            "quarter": 1,
            "eps": 1.36,
            "eps_growth_year": 2.26,
            "eps_4q": 6.08,
            "eps_4q_growth_year": 15.69,
            "roe": 5.07,
            "roe_4q": 24.490000000000002,
            "gross_profit": 138040,
            "gross_margin": 29.25,
            "gross_margin_4q_avg": 27.23,
            "net_income": 83362,
            "revenue": 471989,
            "common_shares": 613866,
            "book_valuer_per_share": 27.48,
            "book_valuer_per_share_4q_avg": 25.42,
            "equity": 1686953,
            "current_ratio": 274.99,
            "debt_ratio": 28.1,
            "inventory_turnover_ratio": 1.03,
            "account_receivable_turnover_ratio": 2.45,
            "reinvestment_rate": -14.76,
            "research_to_sale_ratio": 2.13,
            "price_fair": 148.75,
            "eps_avg_yearly": 4.25,
            "eps_latest_yearly": 5.44,
            "eps_growth_yearly": 91.47
        },
        "20122": {
            "year_quarter": 20122,
            "year": 2012,
            "quarter": 2,
            "eps": 1.93,
            "eps_growth_year": 10.33,
            "eps_4q": 6.26,
            "eps_4q_growth_year": -6.25,
            "roe": 7.31,
            "roe_4q": 24.45,
            "gross_profit": 179046,
            "gross_margin": 30.18,
            "gross_margin_4q_avg": 28.03,
            "net_income": 118619,
            "revenue": 593355,
            "common_shares": 613866,
            "book_valuer_per_share": 25.41,
            "book_valuer_per_share_4q_avg": 25.96,
            "equity": 1560060,
            "current_ratio": 186.58,
            "debt_ratio": 35.92,
            "inventory_turnover_ratio": 1.26,
            "account_receivable_turnover_ratio": 2.97,
            "reinvestment_rate": -12.52,
            "research_to_sale_ratio": 1.8,
            "price_fair": 161.09,
            "eps_avg_yearly": 4.6,
            "eps_latest_yearly": 7.72,
            "eps_growth_yearly": 98.06
        },
        "20123": {
            "year_quarter": 20123,
            "year": 2012,
            "quarter": 3,
            "eps": 2.15,
            "eps_growth_year": 28.27,
            "eps_4q": 6.74,
            "eps_4q_growth_year": -3.2,
            "roe": 8.11,
            "roe_4q": 25.58,
            "gross_profit": 191547,
            "gross_margin": 32.72,
            "gross_margin_4q_avg": 29.32,
            "net_income": 131930,
            "revenue": 585360,
            "common_shares": 613866,
            "book_valuer_per_share": 27.56,
            "book_valuer_per_share_4q_avg": 26.64,
            "equity": 1691896,
            "current_ratio": 266.91,
            "debt_ratio": 24.06,
            "inventory_turnover_ratio": 1.43,
            "account_receivable_turnover_ratio": 2.65,
            "reinvestment_rate": -8.91,
            "research_to_sale_ratio": 1.44,
            "price_fair": 174.56,
            "eps_avg_yearly": 4.99,
            "eps_latest_yearly": 8.6,
            "eps_growth_yearly": 96.58
        },
        "20124": {
            "year_quarter": 20124,
            "year": 2012,
            "quarter": 4,
            "eps": 2.02,
            "eps_growth_year": 55.84,
            "eps_4q": 7.46,
            "eps_4q_growth_year": 23.65,
            "roe": 7.08,
            "roe_4q": 27.57,
            "gross_profit": 190324,
            "gross_margin": 32.98,
            "gross_margin_4q_avg": 31.28,
            "net_income": 124187,
            "revenue": 577069,
            "common_shares": 613866,
            "book_valuer_per_share": 29.58,
            "book_valuer_per_share_4q_avg": 27.51,
            "equity": 1815562,
            "current_ratio": 258.77,
            "debt_ratio": 25.04,
            "inventory_turnover_ratio": 1.66,
            "account_receivable_turnover_ratio": 2.28,
            "reinvestment_rate": -4.7,
            "research_to_sale_ratio": 0.83,
            "price_fair": 184.36,
            "eps_avg_yearly": 5.27,
            "eps_latest_yearly": 8.08,
            "eps_growth_yearly": 83.19
        },
        "20131": {
            "year_quarter": 20131,
            "year": 2013,
            "quarter": 1,
            "eps": 1.86,
            "eps_growth_year": 36.76,
            "eps_4q": 7.97,
            "eps_4q_growth_year": 31.12,
            "roe": 6.12,
            "roe_4q": 28.619999999999997,
            "gross_profit": 148330,
            "gross_margin": 34.05,
            "gross_margin_4q_avg": 32.48,
            "net_income": 114477,
            "revenue": 435561,
            "common_shares": 613866,
            "book_valuer_per_share": 31.34,
            "book_valuer_per_share_4q_avg": 28.47,
            "equity": 1923905,
            "current_ratio": 317.64,
            "debt_ratio": 20.65,
            "inventory_turnover_ratio": 1.15,
            "account_receivable_turnover_ratio": 1.69,
            "reinvestment_rate": -15.24,
            "research_to_sale_ratio": 0.3,
            "price_fair": 195.91,
            "eps_avg_yearly": 5.6,
            "eps_latest_yearly": 7.44,
            "eps_growth_yearly": 91.21
        },
        "20132": {
            "year_quarter": 20132,
            "year": 2013,
            "quarter": 2,
            "eps": 1.61,
            "eps_growth_year": -16.68,
            "eps_4q": 7.64,
            "eps_4q_growth_year": 22.01,
            "roe": 5.42,
            "roe_4q": 26.729999999999997,
            "gross_profit": 157011,
            "gross_margin": 34.02,
            "gross_margin_4q_avg": 33.44,
            "net_income": 98563,
            "revenue": 461577,
            "common_shares": 613866,
            "book_valuer_per_share": 27.95,
            "book_valuer_per_share_4q_avg": 29.11,
            "equity": 1715589,
            "current_ratio": 194.74,
            "debt_ratio": 31.22,
            "inventory_turnover_ratio": 1.11,
            "account_receivable_turnover_ratio": 1.77,
            "reinvestment_rate": -12.49,
            "research_to_sale_ratio": 0.29,
            "price_fair": 203.7,
            "eps_avg_yearly": 5.82,
            "eps_latest_yearly": 6.44,
            "eps_growth_yearly": 79.51
        },
        "20133": {
            "year_quarter": 20133,
            "year": 2013,
            "quarter": 3,
            "eps": 1.8,
            "eps_growth_year": -16.25,
            "eps_4q": 7.29,
            "eps_4q_growth_year": 8.22,
            "roe": 6.23,
            "roe_4q": 24.85,
            "gross_profit": 161410,
            "gross_margin": 34.66,
            "gross_margin_4q_avg": 33.93,
            "net_income": 110361,
            "revenue": 465753,
            "common_shares": 613866,
            "book_valuer_per_share": 29.74,
            "book_valuer_per_share_4q_avg": 29.65,
            "equity": 1825915,
            "current_ratio": 249.76,
            "debt_ratio": 24.98,
            "inventory_turnover_ratio": 1.3,
            "account_receivable_turnover_ratio": 1.81,
            "reinvestment_rate": -11.31,
            "research_to_sale_ratio": 0.21,
            "price_fair": 211.66,
            "eps_avg_yearly": 6.05,
            "eps_latest_yearly": 7.2,
            "eps_growth_yearly": 76.56
        },
        "20134": {
            "year_quarter": 20134,
            "year": 2013,
            "quarter": 4,
            "eps": 1.85,
            "eps_growth_year": -8.76,
            "eps_4q": 7.11,
            "eps_4q_growth_year": -4.67,
            "roe": 6.01,
            "roe_4q": 23.78,
            "gross_profit": 157054,
            "gross_margin": 34.44,
            "gross_margin_4q_avg": 34.29,
            "net_income": 113312,
            "revenue": 455962,
            "common_shares": 613866,
            "book_valuer_per_share": 31.69,
            "book_valuer_per_share_4q_avg": 30.18,
            "equity": 1945364,
            "current_ratio": 292.28,
            "debt_ratio": 21.93,
            "inventory_turnover_ratio": 1.54,
            "account_receivable_turnover_ratio": 1.76,
            "reinvestment_rate": -6.93,
            "research_to_sale_ratio": 0.63,
            "price_fair": 219.8,
            "eps_avg_yearly": 6.28,
            "eps_latest_yearly": 7.4,
            "eps_growth_yearly": 76.41
        },
        "20141": {
            "year_quarter": 20141,
            "year": 2014,
            "quarter": 1,
            "eps": 1.76,
            "eps_growth_year": -5.38,
            "eps_4q": 7.01,
            "eps_4q_growth_year": -12.09,
            "roe": 5.39,
            "roe_4q": 23.049999999999997,
            "gross_profit": 141176,
            "gross_margin": 33.05,
            "gross_margin_4q_avg": 34.04,
            "net_income": 107850,
            "revenue": 427099,
            "common_shares": 613866,
            "book_valuer_per_share": 33.45,
            "book_valuer_per_share_4q_avg": 30.71,
            "equity": 2053204,
            "current_ratio": 361.77,
            "debt_ratio": 17.15,
            "inventory_turnover_ratio": 1.37,
            "account_receivable_turnover_ratio": 1.6,
            "reinvestment_rate": -3.05,
            "research_to_sale_ratio": 0.22,
            "price_fair": 230.91,
            "eps_avg_yearly": 6.6,
            "eps_latest_yearly": 7.04,
            "eps_growth_yearly": 86.88
        },
        "20142": {
            "year_quarter": 20142,
            "year": 2014,
            "quarter": 2,
            "eps": 1.87,
            "eps_growth_year": 16.15,
            "eps_4q": 6.61,
            "eps_4q_growth_year": -13.46,
            "roe": 5.88,
            "roe_4q": 23.51,
            "gross_profit": 189400,
            "gross_margin": 35.02,
            "gross_margin_4q_avg": 34.29,
            "net_income": 115083,
            "revenue": 540759,
            "common_shares": 613866,
            "book_valuer_per_share": 30.32,
            "book_valuer_per_share_4q_avg": 31.3,
            "equity": 1861303,
            "current_ratio": 205.23,
            "debt_ratio": 28.2,
            "inventory_turnover_ratio": 1.47,
            "account_receivable_turnover_ratio": 1.88,
            "reinvestment_rate": 2.16,
            "research_to_sale_ratio": 0.25,
            "price_fair": 244.3,
            "eps_avg_yearly": 6.98,
            "eps_latest_yearly": 7.48,
            "eps_growth_yearly": 96.1
        },
        "20143": {
            "year_quarter": 20143,
            "year": 2014,
            "quarter": 3,
            "eps": 1.99,
            "eps_growth_year": 10.56,
            "eps_4q": 6.97,
            "eps_4q_growth_year": -4.42,
            "roe": 6.97,
            "roe_4q": 24.25,
            "gross_profit": 203681,
            "gross_margin": 34.74,
            "gross_margin_4q_avg": 34.31,
            "net_income": 134359,
            "revenue": 586220,
            "common_shares": 675253,
            "book_valuer_per_share": 29.55,
            "book_valuer_per_share_4q_avg": 31.25,
            "equity": 1995673,
            "current_ratio": 292.11,
            "debt_ratio": 19.31,
            "inventory_turnover_ratio": 1.53,
            "account_receivable_turnover_ratio": 1.93,
            "reinvestment_rate": 3.93,
            "research_to_sale_ratio": 0.29,
            "price_fair": 206.8,
            "eps_avg_yearly": 7.13,
            "eps_latest_yearly": 7.96,
            "eps_growth_yearly": 19.02
        },
        "20144": {
            "year_quarter": 20144,
            "year": 2014,
            "quarter": 4,
            "eps": 2.05,
            "eps_growth_year": 10.89,
            "eps_4q": 7.34,
            "eps_4q_growth_year": 3.15,
            "roe": 6.7,
            "roe_4q": 24.94,
            "gross_profit": 193483,
            "gross_margin": 32.19,
            "gross_margin_4q_avg": 33.75,
            "net_income": 138218,
            "revenue": 601111,
            "common_shares": 675253,
            "book_valuer_per_share": 31.59,
            "book_valuer_per_share_4q_avg": 31.23,
            "equity": 2133336,
            "current_ratio": 299.01,
            "debt_ratio": 19.91,
            "inventory_turnover_ratio": 1.61,
            "account_receivable_turnover_ratio": 2.07,
            "reinvestment_rate": 5.43,
            "research_to_sale_ratio": 0.74,
            "price_fair": 106.6,
            "eps_avg_yearly": 7.08,
            "eps_latest_yearly": 8.2,
            "eps_growth_yearly": 5.06
        },
        "20151": {
            "year_quarter": 20151,
            "year": 2015,
            "quarter": 1,
            "eps": 1.38,
            "eps_growth_year": -21.59,
            "eps_4q": 7.12,
            "eps_4q_growth_year": 1.6,
            "roe": 4.27,
            "roe_4q": 23.819999999999997,
            "gross_profit": 171106,
            "gross_margin": 34.27,
            "gross_margin_4q_avg": 34.06,
            "net_income": 92998,
            "revenue": 499256,
            "common_shares": 675253,
            "book_valuer_per_share": 32.97,
            "book_valuer_per_share_4q_avg": 31.11,
            "equity": 2226334,
            "current_ratio": 321.95,
            "debt_ratio": 18.74,
            "inventory_turnover_ratio": 1.31,
            "account_receivable_turnover_ratio": 1.84,
            "reinvestment_rate": 3.1,
            "research_to_sale_ratio": 0.35,
            "price_fair": 120.87,
            "eps_avg_yearly": 7.09,
            "eps_latest_yearly": 5.52,
            "eps_growth_yearly": 7.05
        },
        "20152": {
            "year_quarter": 20152,
            "year": 2015,
            "quarter": 2,
            "eps": 1.27,
            "eps_growth_year": -32.09,
            "eps_4q": 6.69,
            "eps_4q_growth_year": 1.1,
            "roe": 4.09,
            "roe_4q": 22.029999999999998,
            "gross_profit": 163578,
            "gross_margin": 35.1,
            "gross_margin_4q_avg": 34.08,
            "net_income": 85954,
            "revenue": 465977,
            "common_shares": 675253,
            "book_valuer_per_share": 29.24,
            "book_valuer_per_share_4q_avg": 30.84,
            "equity": 1974662,
            "current_ratio": 224.92,
            "debt_ratio": 26,
            "inventory_turnover_ratio": 1.28,
            "account_receivable_turnover_ratio": 2.03,
            "reinvestment_rate": 3.13,
            "research_to_sale_ratio": 0.46,
            "price_fair": 20.91,
            "eps_avg_yearly": 6.97,
            "eps_latest_yearly": 5.08,
            "eps_growth_yearly": -2.84
        },
        "20153": {
            "year_quarter": 20153,
            "year": 2015,
            "quarter": 3,
            "eps": 2.17,
            "eps_growth_year": 9.05,
            "eps_4q": 6.86,
            "eps_4q_growth_year": -1.54,
            "roe": 7.12,
            "roe_4q": 22.18,
            "gross_profit": 152914,
            "gross_margin": 34.47,
            "gross_margin_4q_avg": 34.01,
            "net_income": 145855,
            "revenue": 443654,
            "common_shares": 675253,
            "book_valuer_per_share": 31.41,
            "book_valuer_per_share_4q_avg": 31.3,
            "equity": 2124001,
            "current_ratio": 476.79,
            "debt_ratio": 12.58,
            "inventory_turnover_ratio": 1.44,
            "account_receivable_turnover_ratio": 2.04,
            "reinvestment_rate": 3.38,
            "research_to_sale_ratio": 0.45,
            "price_fair": 183.53,
            "eps_avg_yearly": 7.09,
            "eps_latest_yearly": 8.68,
            "eps_growth_yearly": 15.88
        },
        "20154": {
            "year_quarter": 20154,
            "year": 2015,
            "quarter": 4,
            "eps": 1.39,
            "eps_growth_year": -32.21,
            "eps_4q": 6.2,
            "eps_4q_growth_year": -15.47,
            "roe": 4.29,
            "roe_4q": 19.77,
            "gross_profit": 155435,
            "gross_margin": 36.73,
            "gross_margin_4q_avg": 35.14,
            "net_income": 93412,
            "revenue": 423222,
            "common_shares": 675253,
            "book_valuer_per_share": 32.93,
            "book_valuer_per_share_4q_avg": 31.64,
            "equity": 2226162,
            "current_ratio": 448.47,
            "debt_ratio": 12.9,
            "inventory_turnover_ratio": 1.53,
            "account_receivable_turnover_ratio": 1.96,
            "reinvestment_rate": 7.83,
            "research_to_sale_ratio": 0.86,
            "price_fair": 160.41,
            "eps_avg_yearly": 7.12,
            "eps_latest_yearly": 5.56,
            "eps_growth_yearly": 12.55
        },
        "20161": {
            "year_quarter": 20161,
            "year": 2016,
            "quarter": 1,
            "eps": 1.17,
            "eps_growth_year": -15.22,
            "eps_4q": 6,
            "eps_4q_growth_year": -15.73,
            "roe": 3.48,
            "roe_4q": 18.98,
            "gross_profit": 145385,
            "gross_margin": 38.93,
            "gross_margin_4q_avg": 36.31,
            "net_income": 78777,
            "revenue": 373418,
            "common_shares": 675253,
            "book_valuer_per_share": 34.1,
            "book_valuer_per_share_4q_avg": 31.92,
            "equity": 2304911,
            "current_ratio": 540.43,
            "debt_ratio": 11.08,
            "inventory_turnover_ratio": 1.44,
            "account_receivable_turnover_ratio": 2.02,
            "reinvestment_rate": 4.37,
            "research_to_sale_ratio": 0.51,
            "price_fair": 123.22,
            "eps_avg_yearly": 7.07,
            "eps_latest_yearly": 4.68,
            "eps_growth_yearly": 7.43
        },
        "20162": {
            "year_quarter": 20162,
            "year": 2016,
            "quarter": 2,
            "eps": 1.41,
            "eps_growth_year": 11.02,
            "eps_4q": 6.13,
            "eps_4q_growth_year": -8.29,
            "roe": 4.33,
            "roe_4q": 19.220000000000002,
            "gross_profit": 156366,
            "gross_margin": 39.77,
            "gross_margin_4q_avg": 37.48,
            "net_income": 94579,
            "revenue": 393159,
            "common_shares": 675253,
            "book_valuer_per_share": 30.51,
            "book_valuer_per_share_4q_avg": 32.24,
            "equity": 2061811,
            "current_ratio": 247.01,
            "debt_ratio": 23.35,
            "inventory_turnover_ratio": 1.59,
            "account_receivable_turnover_ratio": 2.25,
            "reinvestment_rate": 1.78,
            "research_to_sale_ratio": 0.42,
            "price_fair": 83.84,
            "eps_avg_yearly": 6.94,
            "eps_latest_yearly": 5.64,
            "eps_growth_yearly": 2.09
        },
        "20163": {
            "year_quarter": 20163,
            "year": 2016,
            "quarter": 3,
            "eps": 1,
            "eps_growth_year": -53.92,
            "eps_4q": 4.97,
            "eps_4q_growth_year": -27.59,
            "roe": 3.21,
            "roe_4q": 15.309999999999999,
            "gross_profit": 150518,
            "gross_margin": 37.65,
            "gross_margin_4q_avg": 38.27,
            "net_income": 67282,
            "revenue": 399754,
            "common_shares": 675253,
            "book_valuer_per_share": 31.51,
            "book_valuer_per_share_4q_avg": 32.26,
            "equity": 2129185,
            "current_ratio": 262.21,
            "debt_ratio": 22.4,
            "inventory_turnover_ratio": 1.62,
            "account_receivable_turnover_ratio": 2.29,
            "reinvestment_rate": 2.5,
            "research_to_sale_ratio": 0.28,
            "price_fair": 19.95,
            "eps_avg_yearly": 6.65,
            "eps_latest_yearly": 4,
            "eps_growth_yearly": -8.03
        },
        "20164": {
            "year_quarter": 20164,
            "year": 2016,
            "quarter": 4,
            "eps": 1.61,
            "eps_growth_year": 15.71,
            "eps_4q": 5.19,
            "eps_4q_growth_year": -16.38,
            "roe": 4.95,
            "roe_4q": 15.97,
            "gross_profit": 145849,
            "gross_margin": 36.85,
            "gross_margin_4q_avg": 38.3,
            "net_income": 108021,
            "revenue": 395787,
            "common_shares": 675253,
            "book_valuer_per_share": 33.09,
            "book_valuer_per_share_4q_avg": 32.3,
            "equity": 2234146,
            "current_ratio": 386.1,
            "debt_ratio": 15.44,
            "inventory_turnover_ratio": 1.5,
            "account_receivable_turnover_ratio": 2.39,
            "reinvestment_rate": -1.23,
            "research_to_sale_ratio": 0.63,
            "price_fair": 122.62,
            "eps_avg_yearly": 6.55,
            "eps_latest_yearly": 6.44,
            "eps_growth_yearly": 8.73
        },
        "20171": {
            "year_quarter": 20171,
            "year": 2017,
            "quarter": 1,
            "eps": 0.24,
            "eps_growth_year": -79.49,
            "eps_4q": 4.26,
            "eps_4q_growth_year": -29.03,
            "roe": 0.74,
            "roe_4q": 13.23,
            "gross_profit": 110363,
            "gross_margin": 34.14,
            "gross_margin_4q_avg": 37.1,
            "net_income": 16488,
            "revenue": 323246,
            "common_shares": 675253,
            "book_valuer_per_share": 33.33,
            "book_valuer_per_share_4q_avg": 32.11,
            "equity": 2250634,
            "current_ratio": 504.34,
            "debt_ratio": 11.9,
            "inventory_turnover_ratio": 1.09,
            "account_receivable_turnover_ratio": 2.19,
            "reinvestment_rate": 11.02,
            "research_to_sale_ratio": 0.36,
            "price_fair": 18.43,
            "eps_avg_yearly": 6.14,
            "eps_latest_yearly": 0.96,
            "eps_growth_yearly": -10.57
        },
        "20172": {
            "year_quarter": 20172,
            "year": 2017,
            "quarter": 2,
            "eps": 1.27,
            "eps_growth_year": -9.93,
            "eps_4q": 4.13,
            "eps_4q_growth_year": -32.73,
            "roe": 4.05,
            "roe_4q": 12.95,
            "gross_profit": 124350,
            "gross_margin": 31.61,
            "gross_margin_4q_avg": 35.06,
            "net_income": 86035,
            "revenue": 393420,
            "common_shares": 675253,
            "book_valuer_per_share": 29.6,
            "book_valuer_per_share_4q_avg": 31.88,
            "equity": 1999043,
            "current_ratio": 238.94,
            "debt_ratio": 23.92,
            "inventory_turnover_ratio": 1.38,
            "account_receivable_turnover_ratio": 2.68,
            "reinvestment_rate": 9.5,
            "research_to_sale_ratio": 1.16,
            "price_fair": 212.01,
            "eps_avg_yearly": 6.06,
            "eps_latest_yearly": 5.08,
            "eps_growth_yearly": 100.09
        },
        "20173": {
            "year_quarter": 20173,
            "year": 2017,
            "quarter": 3,
            "eps": 1.66,
            "eps_growth_year": 66,
            "eps_4q": 4.79,
            "eps_4q_growth_year": -3.67,
            "roe": 5.46,
            "roe_4q": 15.2,
            "gross_profit": 161106,
            "gross_margin": 36.99,
            "gross_margin_4q_avg": 34.9,
            "net_income": 112241,
            "revenue": 435534,
            "common_shares": 675253,
            "book_valuer_per_share": 31.27,
            "book_valuer_per_share_4q_avg": 31.82,
            "equity": 2111284,
            "current_ratio": 290.91,
            "debt_ratio": 19.91,
            "inventory_turnover_ratio": 1.26,
            "account_receivable_turnover_ratio": 2.46,
            "reinvestment_rate": 9.2,
            "research_to_sale_ratio": 0.48,
            "price_fair": 210.79,
            "eps_avg_yearly": 6.02,
            "eps_latest_yearly": 6.64,
            "eps_growth_yearly": 104.81
        },
        "20174": {
            "year_quarter": 20174,
            "year": 2017,
            "quarter": 4,
            "eps": 1.84,
            "eps_growth_year": 14.52,
            "eps_4q": 5.02,
            "eps_4q_growth_year": -3.23,
            "roe": 5.71,
            "roe_4q": 15.959999999999999,
            "gross_profit": 184069,
            "gross_margin": 38.22,
            "gross_margin_4q_avg": 35.24,
            "net_income": 124159,
            "revenue": 481663,
            "common_shares": 675253,
            "book_valuer_per_share": 33.1,
            "book_valuer_per_share_4q_avg": 31.83,
            "equity": 2234990,
            "current_ratio": 314.39,
            "debt_ratio": 19.11,
            "inventory_turnover_ratio": 0.98,
            "account_receivable_turnover_ratio": 2.32,
            "reinvestment_rate": 5.27,
            "research_to_sale_ratio": 0.45,
            "price_fair": 210.7,
            "eps_avg_yearly": 6.02,
            "eps_latest_yearly": 7.36,
            "eps_growth_yearly": 106.83
        },
        "20181": {
            "year_quarter": 20181,
            "year": 2018,
            "quarter": 1,
            "eps": 1.17,
            "eps_growth_year": 387.5,
            "eps_4q": 5.95,
            "eps_4q_growth_year": 39.66,
            "roe": 3.48,
            "roe_4q": 18.7,
            "gross_profit": 141353,
            "gross_margin": 33.81,
            "gross_margin_4q_avg": 35.16,
            "net_income": 79080,
            "revenue": 418087,
            "common_shares": 675253,
            "book_valuer_per_share": 34.27,
            "book_valuer_per_share_4q_avg": 32.06,
            "equity": 2313871,
            "current_ratio": 315.25,
            "debt_ratio": 19.68,
            "inventory_turnover_ratio": 0.79,
            "account_receivable_turnover_ratio": 1.78,
            "reinvestment_rate": 6.45,
            "research_to_sale_ratio": 0.5,
            "price_fair": 205.54,
            "eps_avg_yearly": 5.87,
            "eps_latest_yearly": 4.68,
            "eps_growth_yearly": 98.94
        },
        "20182": {
            "year_quarter": 20182,
            "year": 2018,
            "quarter": 2,
            "eps": 1.79,
            "eps_growth_year": 40.94,
            "eps_4q": 6.46,
            "eps_4q_growth_year": 56.57,
            "roe": 5.47,
            "roe_4q": 20.12,
            "gross_profit": 165780,
            "gross_margin": 35.44,
            "gross_margin_4q_avg": 36.12,
            "net_income": 120678,
            "revenue": 467716,
            "common_shares": 675253,
            "book_valuer_per_share": 31.06,
            "book_valuer_per_share_4q_avg": 32.43,
            "equity": 2097554,
            "current_ratio": 239.23,
            "debt_ratio": 25.58,
            "inventory_turnover_ratio": 0.85,
            "account_receivable_turnover_ratio": 1.88,
            "reinvestment_rate": 5.83,
            "research_to_sale_ratio": 0.59,
            "price_fair": 204.84,
            "eps_avg_yearly": 5.85,
            "eps_latest_yearly": 7.16,
            "eps_growth_yearly": 110.63
        },
        "20183": {
            "year_quarter": 20183,
            "year": 2018,
            "quarter": 3,
            "eps": 1.53,
            "eps_growth_year": -7.83,
            "eps_4q": 6.33,
            "eps_4q_growth_year": 32.18,
            "roe": 4.8,
            "roe_4q": 19.46,
            "gross_profit": 169438,
            "gross_margin": 34.68,
            "gross_margin_4q_avg": 35.54,
            "net_income": 103258,
            "revenue": 488542,
            "common_shares": 675253,
            "book_valuer_per_share": 32.59,
            "book_valuer_per_share_4q_avg": 32.76,
            "equity": 2200812,
            "current_ratio": 415.93,
            "debt_ratio": 14.52,
            "inventory_turnover_ratio": 0.9,
            "account_receivable_turnover_ratio": 2.07,
            "reinvestment_rate": 3.86,
            "research_to_sale_ratio": 0.61,
            "price_fair": 200.81,
            "eps_avg_yearly": 5.74,
            "eps_latest_yearly": 6.12,
            "eps_growth_yearly": 105.39
        },
        "20184": {
            "year_quarter": 20184,
            "year": 2018,
            "quarter": 4,
            "eps": 1.36,
            "eps_growth_year": -26.04,
            "eps_4q": 5.85,
            "eps_4q_growth_year": 16.5,
            "roe": 4.09,
            "roe_4q": 17.84,
            "gross_profit": 163756,
            "gross_margin": 34.88,
            "gross_margin_4q_avg": 34.7,
            "net_income": 91826,
            "revenue": 469532,
            "common_shares": 675253,
            "book_valuer_per_share": 33.97,
            "book_valuer_per_share_4q_avg": 32.97,
            "equity": 2294054,
            "current_ratio": 477.16,
            "debt_ratio": 12.95,
            "inventory_turnover_ratio": 0.93,
            "account_receivable_turnover_ratio": 1.95,
            "reinvestment_rate": 3.92,
            "research_to_sale_ratio": 1.36,
            "price_fair": 194.78,
            "eps_avg_yearly": 5.57,
            "eps_latest_yearly": 5.44,
            "eps_growth_yearly": 101.86
        },
        "20191": {
            "year_quarter": 20191,
            "year": 2019,
            "quarter": 1,
            "eps": 1.54,
            "eps_growth_year": 31.62,
            "eps_4q": 6.22,
            "eps_4q_growth_year": 4.56,
            "roe": 4.44,
            "roe_4q": 18.8,
            "gross_profit": 140259,
            "gross_margin": 35.61,
            "gross_margin_4q_avg": 35.15,
            "net_income": 104075,
            "revenue": 393850,
            "common_shares": 675253,
            "book_valuer_per_share": 35.51,
            "book_valuer_per_share_4q_avg": 33.28,
            "equity": 2398129,
            "current_ratio": 481.8,
            "debt_ratio": 13.17,
            "inventory_turnover_ratio": 0.89,
            "account_receivable_turnover_ratio": 1.62,
            "reinvestment_rate": 5.69,
            "research_to_sale_ratio": 0.88,
            "price_fair": 196.18,
            "eps_avg_yearly": 5.61,
            "eps_latest_yearly": 6.16,
            "eps_growth_yearly": 113.34
        },
        "20192": {
            "year_quarter": 20192,
            "year": 2019,
            "quarter": 2,
            "eps": 1.48,
            "eps_growth_year": -17.32,
            "eps_4q": 5.63,
            "eps_4q_growth_year": -12.81,
            "roe": 4.39,
            "roe_4q": 17.72,
            "gross_profit": 152025,
            "gross_margin": 36.04,
            "gross_margin_4q_avg": 35.3,
            "net_income": 100162,
            "revenue": 421862,
            "common_shares": 675253,
            "book_valuer_per_share": 32,
            "book_valuer_per_share_4q_avg": 33.52,
            "equity": 2160841,
            "current_ratio": 264.95,
            "debt_ratio": 23.32,
            "inventory_turnover_ratio": 1.05,
            "account_receivable_turnover_ratio": 1.67,
            "reinvestment_rate": 6,
            "research_to_sale_ratio": 0.4,
            "price_fair": 198.01,
            "eps_avg_yearly": 5.66,
            "eps_latest_yearly": 5.92,
            "eps_growth_yearly": 114.36
        },
        "20193": {
            "year_quarter": 20193,
            "year": 2019,
            "quarter": 3,
            "eps": 1.3,
            "eps_growth_year": -15.03,
            "eps_4q": 5.48,
            "eps_4q_growth_year": -13.39,
            "roe": 4.19,
            "roe_4q": 17.11,
            "gross_profit": 149526,
            "gross_margin": 35.49,
            "gross_margin_4q_avg": 35.51,
            "net_income": 92422,
            "revenue": 421263,
            "common_shares": 709016,
            "book_valuer_per_share": 31.78,
            "book_valuer_per_share_4q_avg": 33.32,
            "equity": 2253263,
            "current_ratio": 436.72,
            "debt_ratio": 13.83,
            "inventory_turnover_ratio": 1.13,
            "account_receivable_turnover_ratio": 1.51,
            "reinvestment_rate": 7.48,
            "research_to_sale_ratio": 0.44,
            "price_fair": 190.4,
            "eps_avg_yearly": 5.44,
            "eps_latest_yearly": 5.2,
            "eps_growth_yearly": 93.6
        },
        "20194": {
            "year_quarter": 20194,
            "year": 2019,
            "quarter": 4,
            "eps": 1.45,
            "eps_growth_year": 6.69,
            "eps_4q": 5.63,
            "eps_4q_growth_year": -3.63,
            "roe": 4.47,
            "roe_4q": 17.490000000000002,
            "gross_profit": 166399,
            "gross_margin": 39.44,
            "gross_margin_4q_avg": 36.65,
            "net_income": 102865,
            "revenue": 421862,
            "common_shares": 709016,
            "book_valuer_per_share": 33.13,
            "book_valuer_per_share_4q_avg": 33.11,
            "equity": 2349088,
            "current_ratio": 438.19,
            "debt_ratio": 14.47,
            "inventory_turnover_ratio": 0.99,
            "account_receivable_turnover_ratio": 1.58,
            "reinvestment_rate": -0.56,
            "research_to_sale_ratio": 1.35,
            "price_fair": 190.93,
            "eps_avg_yearly": 5.46,
            "eps_latest_yearly": 5.8,
            "eps_growth_yearly": 105.47
        },
        "20201": {
            "year_quarter": 20201,
            "year": 2020,
            "quarter": 1,
            "eps": 1.55,
            "eps_growth_year": 0.65,
            "eps_4q": 5.71,
            "eps_4q_growth_year": -8.09,
            "roe": 4.56,
            "roe_4q": 17.61,
            "gross_profit": 168911,
            "gross_margin": 43.31,
            "gross_margin_4q_avg": 38.57,
            "net_income": 109696,
            "revenue": 389975,
            "common_shares": 709016,
            "book_valuer_per_share": 34.68,
            "book_valuer_per_share_4q_avg": 32.9,
            "equity": 2458784,
            "current_ratio": 431.82,
            "debt_ratio": 15.14,
            "inventory_turnover_ratio": 0.74,
            "account_receivable_turnover_ratio": 1.64,
            "reinvestment_rate": 0.54,
            "research_to_sale_ratio": 0.95,
            "price_fair": 194.25,
            "eps_avg_yearly": 5.55,
            "eps_latest_yearly": 6.2,
            "eps_growth_yearly": 111.15
        },
        "20202": {
            "year_quarter": 20202,
            "year": 2020,
            "quarter": 2,
            "eps": 1.14,
            "eps_growth_year": -22.97,
            "eps_4q": 5.44,
            "eps_4q_growth_year": -3.38,
            "roe": 3.48,
            "roe_4q": 16.7,
            "gross_profit": 131613,
            "gross_margin": 34.19,
            "gross_margin_4q_avg": 38.11,
            "net_income": 80834,
            "revenue": 384990,
            "common_shares": 709016,
            "book_valuer_per_share": 30.82,
            "book_valuer_per_share_4q_avg": 32.6,
            "equity": 2185285,
            "current_ratio": 248.34,
            "debt_ratio": 24.26,
            "inventory_turnover_ratio": 0.86,
            "account_receivable_turnover_ratio": 2.1,
            "reinvestment_rate": 4.46,
            "research_to_sale_ratio": 0.35,
            "price_fair": 191.89,
            "eps_avg_yearly": 5.48,
            "eps_latest_yearly": 4.56,
            "eps_growth_yearly": 99.41
        },
        "20203": {
            "year_quarter": 20203,
            "year": 2020,
            "quarter": 3,
            "eps": 1.22,
            "eps_growth_year": -6.15,
            "eps_4q": 5.36,
            "eps_4q_growth_year": -2.23,
            "roe": 3.88,
            "roe_4q": 16.389999999999997,
            "gross_profit": 176586,
            "gross_margin": 44.19,
            "gross_margin_4q_avg": 40.28,
            "net_income": 86426,
            "revenue": 399610,
            "common_shares": 709016,
            "book_valuer_per_share": 32.04,
            "book_valuer_per_share_4q_avg": 32.67,
            "equity": 2271711,
            "current_ratio": 441.81,
            "debt_ratio": 13.32,
            "inventory_turnover_ratio": 0.83,
            "account_receivable_turnover_ratio": 2.45,
            "reinvestment_rate": 2.53,
            "research_to_sale_ratio": 0.66,
            "price_fair": 193.81,
            "eps_avg_yearly": 5.54,
            "eps_latest_yearly": 4.88,
            "eps_growth_yearly": 108.44
        },
        "20204": {
            "year_quarter": 20204,
            "year": 2020,
            "quarter": 4,
            "eps": 3.48,
            "eps_growth_year": 139.87,
            "eps_4q": 7.39,
            "eps_4q_growth_year": 31.08,
            "roe": 10.29,
            "roe_4q": 22.209999999999997,
            "gross_profit": 187592,
            "gross_margin": 44.46,
            "gross_margin_4q_avg": 41.54,
            "net_income": 246740,
            "revenue": 421935,
            "common_shares": 709016,
            "book_valuer_per_share": 35.61,
            "book_valuer_per_share_4q_avg": 33.29,
            "equity": 2525111,
            "current_ratio": 475.99,
            "debt_ratio": 13.41,
            "inventory_turnover_ratio": 0.85,
            "account_receivable_turnover_ratio": 2.33,
            "reinvestment_rate": 0.26,
            "research_to_sale_ratio": 1.33,
            "price_fair": 210.18,
            "eps_avg_yearly": 6.01,
            "eps_latest_yearly": 13.92,
            "eps_growth_yearly": 139.5
        },
        "20211": {
            "year_quarter": 20211,
            "year": 2021,
            "quarter": 1,
            "eps": 1.78,
            "eps_growth_year": 14.84,
            "eps_4q": 7.62,
            "eps_4q_growth_year": 33.28,
            "roe": 4.87,
            "roe_4q": 22.52,
            "gross_profit": 201175,
            "gross_margin": 48.32,
            "gross_margin_4q_avg": 42.79,
            "net_income": 125984,
            "revenue": 416310,
            "common_shares": 709016,
            "book_valuer_per_share": 37.41,
            "book_valuer_per_share_4q_avg": 33.97,
            "equity": 2652670,
            "current_ratio": 407.81,
            "debt_ratio": 16.26,
            "inventory_turnover_ratio": 0.66,
            "account_receivable_turnover_ratio": 2.06,
            "reinvestment_rate": -2.64,
            "research_to_sale_ratio": 0.69,
            "price_fair": 223.65,
            "eps_avg_yearly": 6.39,
            "eps_latest_yearly": 7.12,
            "eps_growth_yearly": 148.56
        },
        "20212": {
            "year_quarter": 20212,
            "year": 2021,
            "quarter": 2,
            "eps": 14.56,
            "eps_growth_year": 1177.19,
            "eps_4q": 21.04,
            "eps_4q_growth_year": 286.67,
            "roe": 32.58,
            "roe_4q": 51.62,
            "gross_profit": 190381,
            "gross_margin": 37.96,
            "gross_margin_4q_avg": 43.73,
            "net_income": 1032680,
            "revenue": 501549,
            "common_shares": 709016,
            "book_valuer_per_share": 52,
            "book_valuer_per_share_4q_avg": 39.27,
            "equity": 3687134,
            "current_ratio": 640.51,
            "debt_ratio": 12.06,
            "inventory_turnover_ratio": 0.86,
            "account_receivable_turnover_ratio": 2.4,
            "reinvestment_rate": -1.99,
            "research_to_sale_ratio": 1.43,
            "price_fair": 339.94,
            "eps_avg_yearly": 9.71,
            "eps_latest_yearly": 58.24,
            "eps_growth_yearly": 220.76
        },
        "20213": {
            "year_quarter": 20213,
            "year": 2021,
            "quarter": 3,
            "eps": -4.65,
            "eps_growth_year": -481.15,
            "eps_4q": 13.37,
            "eps_4q_growth_year": 149.63,
            "roe": -10.89,
            "roe_4q": 36.849999999999994,
            "gross_profit": 215369,
            "gross_margin": 42.49,
            "gross_margin_4q_avg": 43.31,
            "net_income": -362446,
            "revenue": 506919,
            "common_shares": 779918,
            "book_valuer_per_share": 38.1,
            "book_valuer_per_share_4q_avg": 40.78,
            "equity": 2971790,
            "current_ratio": 522.44,
            "debt_ratio": 13.19,
            "inventory_turnover_ratio": 0.9,
            "account_receivable_turnover_ratio": 2.22,
            "reinvestment_rate": 0.88,
            "research_to_sale_ratio": 1.3,
            "price_fair": 347.11,
            "eps_avg_yearly": 9.92,
            "eps_latest_yearly": 58.24,
            "eps_growth_yearly": 227.29
        },
        "20214": {
            "year_quarter": 20214,
            "year": 2021,
            "quarter": 4,
            "eps": 2.21,
            "eps_growth_year": -36.56,
            "eps_4q": 12.42,
            "eps_4q_growth_year": 68.1,
            "roe": 5.63,
            "roe_4q": 32.19,
            "gross_profit": 209387,
            "gross_margin": 40.86,
            "gross_margin_4q_avg": 42.41,
            "net_income": 172176,
            "revenue": 512415,
            "common_shares": 779918,
            "book_valuer_per_share": 40.33,
            "book_valuer_per_share_4q_avg": 41.96,
            "equity": 3145735,
            "current_ratio": 483.66,
            "debt_ratio": 14.75,
            "inventory_turnover_ratio": 1.01,
            "account_receivable_turnover_ratio": 2,
            "reinvestment_rate": 0.92,
            "research_to_sale_ratio": 0.94,
            "price_fair": 353.5,
            "eps_avg_yearly": 10.1,
            "eps_latest_yearly": 58.24,
            "eps_growth_yearly": 240.43
        },
        "20221": {
            "year_quarter": 20221,
            "year": 2022,
            "quarter": 1,
            "eps": 1.5,
            "eps_growth_year": -15.73,
            "eps_4q": 12.3,
            "eps_4q_growth_year": 61.52,
            "roe": 3.65,
            "roe_4q": 30.97,
            "gross_profit": 201313,
            "gross_margin": 44.28,
            "gross_margin_4q_avg": 41.4,
            "net_income": 117010,
            "revenue": 454592,
            "common_shares": 779918,
            "book_valuer_per_share": 41.85,
            "book_valuer_per_share_4q_avg": 43.07,
            "equity": 3264320,
            "current_ratio": 592.89,
            "debt_ratio": 12.09,
            "inventory_turnover_ratio": 0.82,
            "account_receivable_turnover_ratio": 2,
            "reinvestment_rate": -0.86,
            "research_to_sale_ratio": 0.29,
            "price_fair": 356.8,
            "eps_avg_yearly": 10.19,
            "eps_latest_yearly": 6,
            "eps_growth_yearly": 241.65
        },
        "20222": {
            "year_quarter": 20222,
            "year": 2022,
            "quarter": 2,
            "eps": 0.58,
            "eps_growth_year": -96.02,
            "eps_4q": -0.35,
            "eps_4q_growth_year": -101.69,
            "roe": 1.51,
            "roe_4q": -0.10000000000000142,
            "gross_profit": 224166,
            "gross_margin": 44.37,
            "gross_margin_4q_avg": 43,
            "net_income": 45589,
            "revenue": 505200,
            "common_shares": 779918,
            "book_valuer_per_share": 35.46,
            "book_valuer_per_share_4q_avg": 38.94,
            "equity": 2765731,
            "current_ratio": 256.24,
            "debt_ratio": 25.79,
            "inventory_turnover_ratio": 0.96,
            "account_receivable_turnover_ratio": 2.45,
            "reinvestment_rate": 2.63,
            "research_to_sale_ratio": 0.43,
            "price_fair": 344.7,
            "eps_avg_yearly": 9.85,
            "eps_latest_yearly": 2.32,
            "eps_growth_yearly": 208.99
        },
        "20223": {
            "year_quarter": 20223,
            "year": 2022,
            "quarter": 3,
            "eps": 1.42,
            "eps_growth_year": null,
            "eps_4q": 5.71,
            "eps_4q_growth_year": -57.31,
            "roe": 3.92,
            "roe_4q": 14.71,
            "gross_profit": 225757,
            "gross_margin": 48.51,
            "gross_margin_4q_avg": 44.51,
            "net_income": 110473,
            "revenue": 465362,
            "common_shares": 779918,
            "book_valuer_per_share": 36.9,
            "book_valuer_per_share_4q_avg": 38.64,
            "equity": 2877811,
            "current_ratio": 597.63,
            "debt_ratio": 16.66,
            "inventory_turnover_ratio": 0.93,
            "account_receivable_turnover_ratio": 2.4,
            "reinvestment_rate": 6.05,
            "research_to_sale_ratio": 0.33,
            "price_fair": 343.6,
            "eps_avg_yearly": 9.82,
            "eps_latest_yearly": 5.68,
            "eps_growth_yearly": 254.52
        },
        "20224": {
            "year_quarter": 20224,
            "year": 2022,
            "quarter": 4,
            "eps": 1.52,
            "eps_growth_year": -30.94,
            "eps_4q": 5.03,
            "eps_4q_growth_year": -59.52,
            "roe": 4.04,
            "roe_4q": 13.120000000000001,
            "gross_profit": 190671,
            "gross_margin": 45.31,
            "gross_margin_4q_avg": 45.62,
            "net_income": 118899,
            "revenue": 420801,
            "common_shares": 779918,
            "book_valuer_per_share": 38.5,
            "book_valuer_per_share_4q_avg": 38.18,
            "equity": 3002822,
            "current_ratio": 567.36,
            "debt_ratio": 15.85,
            "inventory_turnover_ratio": 0.95,
            "account_receivable_turnover_ratio": 2.48,
            "reinvestment_rate": 6.37,
            "research_to_sale_ratio": 0.65,
            "price_fair": 345.2,
            "eps_avg_yearly": 9.86,
            "eps_latest_yearly": 6.08,
            "eps_growth_yearly": 259.7
        },
        "20231": {
            "year_quarter": 20231,
            "year": 2023,
            "quarter": 1,
            "eps": 1.21,
            "eps_growth_year": -19.33,
            "eps_4q": 4.74,
            "eps_4q_growth_year": -61.51,
            "roe": 3.09,
            "roe_4q": 12.56,
            "gross_profit": 145115,
            "gross_margin": 41.32,
            "gross_margin_4q_avg": 44.88,
            "net_income": 94347,
            "revenue": 351165,
            "common_shares": 779918,
            "book_valuer_per_share": 39.73,
            "book_valuer_per_share_4q_avg": 37.65,
            "equity": 3098906,
            "current_ratio": 536.28,
            "debt_ratio": 15.81,
            "inventory_turnover_ratio": 0.86,
            "account_receivable_turnover_ratio": 2.52,
            "reinvestment_rate": 7.27,
            "research_to_sale_ratio": 0.42,
            "price_fair": 341.9,
            "eps_avg_yearly": 9.77,
            "eps_latest_yearly": 4.84,
            "eps_growth_yearly": 250.09
        }
    },
    "months": {
        "2005-08": {
            "month": "2005-08",
            "price": "27.52",
            "revenue": 104297
        },
        "2005-09": {
            "month": "2005-09",
            "price": "27.53",
            "revenue": 105971
        },
        "2005-10": {
            "month": "2005-10",
            "price": "27.84",
            "revenue": 108110
        },
        "2005-11": {
            "month": "2005-11",
            "price": "28.24",
            "revenue": 114715
        },
        "2005-12": {
            "month": "2005-12",
            "price": "28.40",
            "revenue": 130928
        },
        "2006-01": {
            "month": "2006-01",
            "price": "33.06",
            "revenue": 140034
        },
        "2006-03": {
            "month": "2006-03",
            "price": "33.83",
            "revenue": 110925
        },
        "2006-04": {
            "month": "2006-04",
            "price": "40.19",
            "revenue": 149123
        },
        "2006-05": {
            "month": "2006-05",
            "price": "43.89",
            "revenue": 138281
        },
        "2006-06": {
            "month": "2006-06",
            "price": "43.63",
            "revenue": 143937
        },
        "2006-07": {
            "month": "2006-07",
            "price": "43.26",
            "revenue": 135085
        },
        "2006-08": {
            "month": "2006-08",
            "price": "43.67",
            "revenue": 143073
        },
        "2006-09": {
            "month": "2006-09",
            "price": "43.45",
            "revenue": 144176
        },
        "2006-10": {
            "month": "2006-10",
            "price": "45.53",
            "revenue": 144694
        },
        "2006-11": {
            "month": "2006-11",
            "price": "44.26",
            "revenue": 134137
        },
        "2006-12": {
            "month": "2006-12",
            "price": "44.91",
            "revenue": 248215
        },
        "2007-01": {
            "month": "2007-01",
            "price": "48.14",
            "revenue": 143336
        },
        "2007-02": {
            "month": "2007-02",
            "price": "48.96",
            "revenue": 114068
        },
        "2007-03": {
            "month": "2007-03",
            "price": "47.90",
            "revenue": 114311
        },
        "2007-04": {
            "month": "2007-04",
            "price": "48.15",
            "revenue": 122254
        },
        "2007-05": {
            "month": "2007-05",
            "price": "44.15",
            "revenue": 127769
        },
        "2007-06": {
            "month": "2007-06",
            "price": "44.80",
            "revenue": 156129
        },
        "2007-07": {
            "month": "2007-07",
            "price": "47.40",
            "revenue": 126591
        },
        "2007-08": {
            "month": "2007-08",
            "price": "46.15",
            "revenue": 144058
        },
        "2007-09": {
            "month": "2007-09",
            "price": "45.06",
            "revenue": 124529
        },
        "2007-10": {
            "month": "2007-10",
            "price": "45.27",
            "revenue": 141513
        },
        "2007-11": {
            "month": "2007-11",
            "price": "43.02",
            "revenue": 150712
        },
        "2007-12": {
            "month": "2007-12",
            "price": "41.47",
            "revenue": 138164
        },
        "2008-01": {
            "month": "2008-01",
            "price": "41.19",
            "revenue": 142295
        },
        "2008-02": {
            "month": "2008-02",
            "price": "40.41",
            "revenue": 122393
        },
        "2008-03": {
            "month": "2008-03",
            "price": "42.07",
            "revenue": 112261
        },
        "2008-04": {
            "month": "2008-04",
            "price": "42.65",
            "revenue": 157873
        },
        "2008-05": {
            "month": "2008-05",
            "price": "41.80",
            "revenue": 155976
        },
        "2008-06": {
            "month": "2008-06",
            "price": "38.28",
            "revenue": 161752
        },
        "2008-07": {
            "month": "2008-07",
            "price": "33.74",
            "revenue": 175336
        },
        "2008-08": {
            "month": "2008-08",
            "price": "33.16",
            "revenue": 168505
        },
        "2008-09": {
            "month": "2008-09",
            "price": "27.48",
            "revenue": 159694
        },
        "2008-10": {
            "month": "2008-10",
            "price": "19.76",
            "revenue": 175134
        },
        "2008-11": {
            "month": "2008-11",
            "price": "19.67",
            "revenue": 217095
        },
        "2008-12": {
            "month": "2008-12",
            "price": "19.72",
            "revenue": 166011
        },
        "2009-01": {
            "month": "2009-01",
            "price": "20.40",
            "revenue": 122941
        },
        "2009-02": {
            "month": "2009-02",
            "price": "19.89",
            "revenue": 107763
        },
        "2009-03": {
            "month": "2009-03",
            "price": "20.45",
            "revenue": 73242
        },
        "2009-04": {
            "month": "2009-04",
            "price": "22.51",
            "revenue": 124303
        },
        "2009-05": {
            "month": "2009-05",
            "price": "24.20",
            "revenue": 102142
        },
        "2009-06": {
            "month": "2009-06",
            "price": "26.17",
            "revenue": 99635
        },
        "2009-07": {
            "month": "2009-07",
            "price": "26.98",
            "revenue": 100328
        },
        "2009-08": {
            "month": "2009-08",
            "price": "27.68",
            "revenue": 101499
        },
        "2009-09": {
            "month": "2009-09",
            "price": "28.12",
            "revenue": 94612
        },
        "2009-10": {
            "month": "2009-10",
            "price": "26.88",
            "revenue": 130038
        },
        "2009-11": {
            "month": "2009-11",
            "price": "28.65",
            "revenue": 140870
        },
        "2009-12": {
            "month": "2009-12",
            "price": "32.53",
            "revenue": 136988
        },
        "2010-01": {
            "month": "2010-01",
            "price": "32.10",
            "revenue": 127988
        },
        "2010-02": {
            "month": "2010-02",
            "price": "31.55",
            "revenue": 110424
        },
        "2010-03": {
            "month": "2010-03",
            "price": "32.58",
            "revenue": 116569
        },
        "2010-04": {
            "month": "2010-04",
            "price": "34.97",
            "revenue": 131812
        },
        "2010-05": {
            "month": "2010-05",
            "price": "33.38",
            "revenue": 154264
        },
        "2010-06": {
            "month": "2010-06",
            "price": "32.93",
            "revenue": 118456
        },
        "2010-07": {
            "month": "2010-07",
            "price": "30.02",
            "revenue": 146992
        },
        "2010-08": {
            "month": "2010-08",
            "price": "29.30",
            "revenue": 175692
        },
        "2010-09": {
            "month": "2010-09",
            "price": "28.08",
            "revenue": 189878
        },
        "2010-10": {
            "month": "2010-10",
            "price": "29.30",
            "revenue": 183054
        },
        "2010-11": {
            "month": "2010-11",
            "price": "29.96",
            "revenue": 164828
        },
        "2010-12": {
            "month": "2010-12",
            "price": "34.32",
            "revenue": 155968
        },
        "2011-01": {
            "month": "2011-01",
            "price": "32.85",
            "revenue": 150511
        },
        "2011-02": {
            "month": "2011-02",
            "price": "35.20",
            "revenue": 112275
        },
        "2011-03": {
            "month": "2011-03",
            "price": "36.48",
            "revenue": 182132
        },
        "2011-04": {
            "month": "2011-04",
            "price": "40.43",
            "revenue": 187896
        },
        "2011-05": {
            "month": "2011-05",
            "price": "51.27",
            "revenue": 223763
        },
        "2011-06": {
            "month": "2011-06",
            "price": "54.30",
            "revenue": 150724
        },
        "2011-07": {
            "month": "2011-07",
            "price": "68.26",
            "revenue": 160875
        },
        "2011-08": {
            "month": "2011-08",
            "price": "60.85",
            "revenue": 164204
        },
        "2011-09": {
            "month": "2011-09",
            "price": "59.05",
            "revenue": 161343
        },
        "2011-10": {
            "month": "2011-10",
            "price": "60.02",
            "revenue": 161137
        },
        "2011-11": {
            "month": "2011-11",
            "price": "60.92",
            "revenue": 160378
        },
        "2011-12": {
            "month": "2011-12",
            "price": "54.14",
            "revenue": 150380
        },
        "2012-01": {
            "month": "2012-01",
            "price": "54.03",
            "revenue": 121116
        },
        "2012-02": {
            "month": "2012-02",
            "price": "59.90",
            "revenue": 157625
        },
        "2012-03": {
            "month": "2012-03",
            "price": "61.29",
            "revenue": 193193
        },
        "2012-04": {
            "month": "2012-04",
            "price": "60.41",
            "revenue": 197419
        },
        "2012-05": {
            "month": "2012-05",
            "price": "60.41",
            "revenue": 198306
        },
        "2012-06": {
            "month": "2012-06",
            "price": "59.78",
            "revenue": 197562
        },
        "2012-07": {
            "month": "2012-07",
            "price": "61.18",
            "revenue": 194915
        },
        "2012-08": {
            "month": "2012-08",
            "price": "67.87",
            "revenue": 193804
        },
        "2012-09": {
            "month": "2012-09",
            "price": "68.50",
            "revenue": 195809
        },
        "2012-10": {
            "month": "2012-10",
            "price": "74.97",
            "revenue": 197326
        },
        "2012-11": {
            "month": "2012-11",
            "price": "83.73",
            "revenue": 182802
        },
        "2012-12": {
            "month": "2012-12",
            "price": "85.22",
            "revenue": 196652
        },
        "2013-01": {
            "month": "2013-01",
            "price": "84.53",
            "revenue": 155026
        },
        "2013-02": {
            "month": "2013-02",
            "price": "83.54",
            "revenue": 120616
        },
        "2013-03": {
            "month": "2013-03",
            "price": "87.07",
            "revenue": 158629
        },
        "2013-04": {
            "month": "2013-04",
            "price": "87.77",
            "revenue": 161593
        },
        "2013-05": {
            "month": "2013-05",
            "price": "87.50",
            "revenue": 150245
        },
        "2013-06": {
            "month": "2013-06",
            "price": "83.81",
            "revenue": 150742
        },
        "2013-07": {
            "month": "2013-07",
            "price": "81.01",
            "revenue": 153804
        },
        "2013-08": {
            "month": "2013-08",
            "price": "78.85",
            "revenue": 155321
        },
        "2013-09": {
            "month": "2013-09",
            "price": "77.55",
            "revenue": 155780
        },
        "2013-10": {
            "month": "2013-10",
            "price": "79.13",
            "revenue": 150876
        },
        "2013-11": {
            "month": "2013-11",
            "price": "79.59",
            "revenue": 147584
        },
        "2013-12": {
            "month": "2013-12",
            "price": "82.82",
            "revenue": 158637
        },
        "2014-01": {
            "month": "2014-01",
            "price": "81.24",
            "revenue": 143660
        },
        "2014-02": {
            "month": "2014-02",
            "price": "82.34",
            "revenue": 125210
        },
        "2014-03": {
            "month": "2014-03",
            "price": "88.99",
            "revenue": 157098
        },
        "2014-04": {
            "month": "2014-04",
            "price": "93.97",
            "revenue": 175182
        },
        "2014-05": {
            "month": "2014-05",
            "price": "103.20",
            "revenue": 181127
        },
        "2014-06": {
            "month": "2014-06",
            "price": "111.62",
            "revenue": 185199
        },
        "2014-07": {
            "month": "2014-07",
            "price": "120.14",
            "revenue": 192383
        },
        "2014-08": {
            "month": "2014-08",
            "price": "119.90",
            "revenue": 195639
        },
        "2014-09": {
            "month": "2014-09",
            "price": "118.74",
            "revenue": 198226
        },
        "2014-10": {
            "month": "2014-10",
            "price": "111.61",
            "revenue": 202183
        },
        "2014-11": {
            "month": "2014-11",
            "price": "108.18",
            "revenue": 205820
        },
        "2014-12": {
            "month": "2014-12",
            "price": "108.81",
            "revenue": 192441
        },
        "2015-01": {
            "month": "2015-01",
            "price": "107.80",
            "revenue": 198182
        },
        "2015-02": {
            "month": "2015-02",
            "price": "108.92",
            "revenue": 139440
        },
        "2015-03": {
            "month": "2015-03",
            "price": "124.23",
            "revenue": 158068
        },
        "2015-04": {
            "month": "2015-04",
            "price": "120.92",
            "revenue": 160628
        },
        "2015-05": {
            "month": "2015-05",
            "price": "104.88",
            "revenue": 155187
        },
        "2015-06": {
            "month": "2015-06",
            "price": "86.28",
            "revenue": 153297
        },
        "2015-07": {
            "month": "2015-07",
            "price": "78.36",
            "revenue": 155569
        },
        "2015-08": {
            "month": "2015-08",
            "price": "67.50",
            "revenue": 143281
        },
        "2015-09": {
            "month": "2015-09",
            "price": "72.92",
            "revenue": 145077
        },
        "2015-10": {
            "month": "2015-10",
            "price": "79.40",
            "revenue": 141662
        },
        "2015-11": {
            "month": "2015-11",
            "price": "79.69",
            "revenue": 140515
        },
        "2015-12": {
            "month": "2015-12",
            "price": "74.13",
            "revenue": 140314
        },
        "2016-01": {
            "month": "2016-01",
            "price": "71.94",
            "revenue": 140062
        },
        "2016-02": {
            "month": "2016-02",
            "price": "77.58",
            "revenue": 100978
        },
        "2016-03": {
            "month": "2016-03",
            "price": "80.89",
            "revenue": 130961
        },
        "2016-04": {
            "month": "2016-04",
            "price": "79.84",
            "revenue": 130902
        },
        "2016-05": {
            "month": "2016-05",
            "price": "79.23",
            "revenue": 131312
        },
        "2016-06": {
            "month": "2016-06",
            "price": "79.60",
            "revenue": 132340
        },
        "2016-07": {
            "month": "2016-07",
            "price": "78.90",
            "revenue": 131934
        },
        "2016-08": {
            "month": "2016-08",
            "price": "79.65",
            "revenue": 133733
        },
        "2016-09": {
            "month": "2016-09",
            "price": "80.17",
            "revenue": 133980
        },
        "2016-10": {
            "month": "2016-10",
            "price": "78.82",
            "revenue": 133388
        },
        "2016-11": {
            "month": "2016-11",
            "price": "77.31",
            "revenue": 130616
        },
        "2016-12": {
            "month": "2016-12",
            "price": "77.22",
            "revenue": 131149
        },
        "2017-01": {
            "month": "2017-01",
            "price": "77.38",
            "revenue": 101189
        },
        "2017-02": {
            "month": "2017-02",
            "price": "76.97",
            "revenue": 101864
        },
        "2017-03": {
            "month": "2017-03",
            "price": "77.37",
            "revenue": 120193
        },
        "2017-04": {
            "month": "2017-04",
            "price": "73.12",
            "revenue": 130590
        },
        "2017-05": {
            "month": "2017-05",
            "price": "69.91",
            "revenue": 130986
        },
        "2017-06": {
            "month": "2017-06",
            "price": "70.59",
            "revenue": 131611
        },
        "2017-07": {
            "month": "2017-07",
            "price": "71.33",
            "revenue": 138590
        },
        "2017-08": {
            "month": "2017-08",
            "price": "70.00",
            "revenue": 145483
        },
        "2017-09": {
            "month": "2017-09",
            "price": "71.57",
            "revenue": 150392
        },
        "2017-10": {
            "month": "2017-10",
            "price": "78.40",
            "revenue": 157722
        },
        "2017-11": {
            "month": "2017-11",
            "price": "87.72",
            "revenue": 160788
        },
        "2017-12": {
            "month": "2017-12",
            "price": "88.29",
            "revenue": 161791
        },
        "2018-01": {
            "month": "2018-01",
            "price": "87.06",
            "revenue": 156665
        },
        "2018-02": {
            "month": "2018-02",
            "price": "86.97",
            "revenue": 106091
        },
        "2018-03": {
            "month": "2018-03",
            "price": "89.38",
            "revenue": 152727
        },
        "2018-04": {
            "month": "2018-04",
            "price": "90.48",
            "revenue": 152956
        },
        "2018-05": {
            "month": "2018-05",
            "price": "89.66",
            "revenue": 155160
        },
        "2018-06": {
            "month": "2018-06",
            "price": "93.99",
            "revenue": 160091
        },
        "2018-07": {
            "month": "2018-07",
            "price": "92.46",
            "revenue": 165413
        },
        "2018-08": {
            "month": "2018-08",
            "price": "92.22",
            "revenue": 165430
        },
        "2018-09": {
            "month": "2018-09",
            "price": "94.56",
            "revenue": 158025
        },
        "2018-10": {
            "month": "2018-10",
            "price": "83.79",
            "revenue": 158392
        },
        "2018-11": {
            "month": "2018-11",
            "price": "78.65",
            "revenue": 158110
        },
        "2018-12": {
            "month": "2018-12",
            "price": "78.51",
            "revenue": 152904
        },
        "2019-01": {
            "month": "2019-01",
            "price": "81.91",
            "revenue": 151055
        },
        "2019-02": {
            "month": "2019-02",
            "price": "82.79",
            "revenue": 101655
        },
        "2019-03": {
            "month": "2019-03",
            "price": "86.34",
            "revenue": 140695
        },
        "2019-04": {
            "month": "2019-04",
            "price": "87.90",
            "revenue": 141626
        },
        "2019-05": {
            "month": "2019-05",
            "price": "85.37",
            "revenue": 140161
        },
        "2019-06": {
            "month": "2019-06",
            "price": "86.10",
            "revenue": 140520
        },
        "2019-07": {
            "month": "2019-07",
            "price": "88.76",
            "revenue": 140324
        },
        "2019-08": {
            "month": "2019-08",
            "price": "86.96",
            "revenue": 140003
        },
        "2019-09": {
            "month": "2019-09",
            "price": "83.49",
            "revenue": 140516
        },
        "2019-10": {
            "month": "2019-10",
            "price": "83.41",
            "revenue": 141340
        },
        "2019-11": {
            "month": "2019-11",
            "price": "83.28",
            "revenue": 140098
        },
        "2019-12": {
            "month": "2019-12",
            "price": "82.92",
            "revenue": 140381
        },
        "2020-01": {
            "month": "2020-01",
            "price": "82.52",
            "revenue": 105473
        },
        "2020-02": {
            "month": "2020-02",
            "price": "82.29",
            "revenue": 142429
        },
        "2020-03": {
            "month": "2020-03",
            "price": "74.63",
            "revenue": 141319
        },
        "2020-04": {
            "month": "2020-04",
            "price": "76.29",
            "revenue": 120165
        },
        "2020-05": {
            "month": "2020-05",
            "price": "79.79",
            "revenue": 132272
        },
        "2020-06": {
            "month": "2020-06",
            "price": "81.78",
            "revenue": 133306
        },
        "2020-07": {
            "month": "2020-07",
            "price": "81.58",
            "revenue": 130146
        },
        "2020-08": {
            "month": "2020-08",
            "price": "79.53",
            "revenue": 132008
        },
        "2020-09": {
            "month": "2020-09",
            "price": "81.30",
            "revenue": 136826
        },
        "2020-10": {
            "month": "2020-10",
            "price": "81.35",
            "revenue": 140176
        },
        "2020-11": {
            "month": "2020-11",
            "price": "82.72",
            "revenue": 141032
        },
        "2020-12": {
            "month": "2020-12",
            "price": "86.59",
            "revenue": 141358
        },
        "2021-01": {
            "month": "2021-01",
            "price": "88.82",
            "revenue": 140816
        },
        "2021-02": {
            "month": "2021-02",
            "price": "97.68",
            "revenue": 110624
        },
        "2021-03": {
            "month": "2021-03",
            "price": "123.34",
            "revenue": 163946
        },
        "2021-04": {
            "month": "2021-04",
            "price": "133.29",
            "revenue": 166373
        },
        "2021-05": {
            "month": "2021-05",
            "price": "119.12",
            "revenue": 167561
        },
        "2021-06": {
            "month": "2021-06",
            "price": "129.60",
            "revenue": 168092
        },
        "2021-07": {
            "month": "2021-07",
            "price": "147.70",
            "revenue": 168991
        },
        "2021-08": {
            "month": "2021-08",
            "price": "148.52",
            "revenue": 169145
        },
        "2021-09": {
            "month": "2021-09",
            "price": "128.78",
            "revenue": 169230
        },
        "2021-10": {
            "month": "2021-10",
            "price": "120.12",
            "revenue": 169177
        },
        "2021-11": {
            "month": "2021-11",
            "price": "120.84",
            "revenue": 170657
        },
        "2021-12": {
            "month": "2021-12",
            "price": "120.98",
            "revenue": 172444
        },
        "2022-01": {
            "month": "2022-01",
            "price": "120.72",
            "revenue": 170846
        },
        "2022-02": {
            "month": "2022-02",
            "price": "122.40",
            "revenue": 113323
        },
        "2022-03": {
            "month": "2022-03",
            "price": "132.20",
            "revenue": 170144
        },
        "2022-04": {
            "month": "2022-04",
            "price": "124.95",
            "revenue": 169919
        },
        "2022-05": {
            "month": "2022-05",
            "price": "120.57",
            "revenue": 170711
        },
        "2022-06": {
            "month": "2022-06",
            "price": "122.69",
            "revenue": 164849
        },
        "2022-07": {
            "month": "2022-07",
            "price": "106.45",
            "revenue": 161313
        },
        "2022-08": {
            "month": "2022-08",
            "price": "108.37",
            "revenue": 154244
        },
        "2022-09": {
            "month": "2022-09",
            "price": "108.64",
            "revenue": 149503
        },
        "2022-10": {
            "month": "2022-10",
            "price": "98.15",
            "revenue": 140390
        },
        "2022-11": {
            "month": "2022-11",
            "price": "95.14",
            "revenue": 140076
        },
        "2022-12": {
            "month": "2022-12",
            "price": "98.67",
            "revenue": 140030
        },
        "2023-01": {
            "month": "2023-01",
            "price": "95.85",
            "revenue": 100598
        },
        "2023-02": {
            "month": "2023-02",
            "price": "99.01",
            "revenue": 121940
        },
        "2023-03": {
            "month": "2023-03",
            "price": "99.82",
            "revenue": 128627
        },
        "2023-04": {
            "month": "2023-04",
            "price": "99.84",
            "revenue": 129189
        },
        "2023-05": {
            "month": "2023-05",
            "price": "101.94",
            "revenue": 131690
        }
    }
}
