{
    "summary": {
        "stock_name": "六暉-KY",
        "stock_id": "2115",
        "category": "汽車",
        "main_business": "各式氣門嘴之製造及銷售",
        "website_url": "http://www.luhai.com.tw",
        "ceo": "許秀華",
        "pe_ratio": 15,
        "report_year_from": 2011,
        "report_year_to": 2023,
        "age": 13,
        "eps_negative_percentage": 0,
        "eps_growth_avg": {
            "last_all": 7.32,
            "last_2y": -40.98,
            "last_4y": -1.91,
            "last_8y": -2.98,
            "last_12y": null,
            "last_16y": null,
            "last_20y": null,
            "at_2006_last_3y": null,
            "at_2007_last_3y": null,
            "at_2008_last_3y": null,
            "at_2009_last_3y": null,
            "at_2010_last_3y": null,
            "at_2011_last_3y": null,
            "at_2012_last_3y": null,
            "at_2013_last_3y": null,
            "at_2014_last_3y": null,
            "at_2015_last_3y": null,
            "at_2016_last_3y": null,
            "at_2017_last_3y": 27.74,
            "at_2018_last_3y": -4.32,
            "at_2019_last_3y": -1.12,
            "at_2020_last_3y": 17.01,
            "at_2021_last_3y": 11.84,
            "at_2022_last_3y": 7.37,
            "at_2023_last_3y": -5.73,
            "at_2024_last_3y": -5.73,
            "at_2006_last_all": null,
            "at_2007_last_all": null,
            "at_2008_last_all": null,
            "at_2009_last_all": null,
            "at_2010_last_all": null,
            "at_2011_last_all": null,
            "at_2012_last_all": null,
            "at_2013_last_all": null,
            "at_2014_last_all": null,
            "at_2015_last_all": 50.3,
            "at_2016_last_all": 42.69,
            "at_2017_last_all": 27.74,
            "at_2018_last_all": 16.54,
            "at_2019_last_all": 16.02,
            "at_2020_last_all": 28.01,
            "at_2021_last_all": 19.79,
            "at_2022_last_all": 12.47,
            "at_2023_last_all": 7.32,
            "at_2024_last_all": 7.32
        },
        "latest_eps": 2.02,
        "latest_price": 29.7,
        "latest_roe": 6.55,
        "latest_gross_margin": 20.11,
        "latest_equity": 3078464,
        "latest_revenue": 685542,
        "latest_gross_profit": 137855,
        "latest_net_income": 11480,
        "latest_debt_ratio": 33.61,
        "latest_current_ratio": 259.63,
        "latest_account_receivable_turnover_ratio": 1.12,
        "latest_inventory_turnover_ratio": 1.07,
        "latest_reinvestment_rate": 76.24,
        "latest_research_to_sale_ratio": 1.55
    },
    "eps_dividends": {
        "2001": {
            "cash": 0,
            "stock": 0,
            "eps": 0
        },
        "2002": {
            "cash": 0,
            "stock": 0,
            "eps": 0
        },
        "2003": {
            "cash": 0,
            "stock": 0,
            "eps": 0
        },
        "2004": {
            "cash": 0,
            "stock": 0,
            "eps": 0
        },
        "2005": {
            "cash": 0,
            "stock": 0,
            "eps": 0
        },
        "2006": {
            "cash": 0,
            "stock": 0,
            "eps": 0
        },
        "2007": {
            "cash": 0,
            "stock": 0,
            "eps": 0
        },
        "2008": {
            "cash": 0,
            "stock": 0,
            "eps": 0
        },
        "2009": {
            "cash": 0,
            "stock": 0,
            "eps": 0
        },
        "2010": {
            "cash": 0,
            "stock": 0,
            "eps": 0
        },
        "2011": {
            "cash": 0,
            "stock": 0,
            "eps": 0
        },
        "2012": {
            "cash": 0,
            "stock": 0,
            "eps": 0
        },
        "2013": {
            "cash": 1.05,
            "stock": 0,
            "eps": 0.77
        },
        "2014": {
            "cash": 0.5,
            "stock": 0.5,
            "eps": 3.33
        },
        "2015": {
            "cash": 2.2,
            "stock": 0,
            "eps": 3.35
        },
        "2016": {
            "cash": 2.2,
            "stock": 0,
            "eps": 4.27
        },
        "2017": {
            "cash": 1,
            "stock": 1,
            "eps": 3.54
        },
        "2018": {
            "cash": 1.5,
            "stock": 0,
            "eps": 2.54
        },
        "2019": {
            "cash": 1,
            "stock": 0.5,
            "eps": 2.88
        },
        "2020": {
            "cash": 2.2,
            "stock": 0.5,
            "eps": 6.8
        },
        "2021": {
            "cash": 1.5,
            "stock": 1,
            "eps": 4.23
        },
        "2022": {
            "cash": 2,
            "stock": 0,
            "eps": 2.28
        },
        "2023": {
            "cash": 1.3,
            "stock": 0,
            "eps": 1.39
        }
    },
    "dividends": {
        "2013-03-29": {
            "cash": 1.05,
            "stock": 0
        },
        "2014-09-26": {
            "cash": 0.5,
            "stock": 0.5
        },
        "2015-09-25": {
            "cash": 2.2,
            "stock": 0
        },
        "2016-07-28": {
            "cash": 2.2,
            "stock": 0
        },
        "2017-09-22": {
            "cash": 1,
            "stock": 1
        },
        "2018-08-03": {
            "cash": 1.5,
            "stock": 0
        },
        "2019-08-30": {
            "cash": 1,
            "stock": 0.5
        },
        "2020-09-22": {
            "cash": 2.2,
            "stock": 0.5
        },
        "2021-09-10": {
            "cash": 1.5,
            "stock": 1
        },
        "2022-08-10": {
            "cash": 2,
            "stock": 0
        },
        "2023-07-28": {
            "cash": 1.3,
            "stock": 0
        }
    },
    "prices": {
        "200101": "無",
        "200102": "無",
        "200103": "無",
        "200104": "無",
        "200105": "無",
        "200106": "無",
        "200107": "無",
        "200108": "無",
        "200109": "無",
        "200110": "無",
        "200111": "無",
        "200112": "無",
        "200201": "無",
        "200202": "無",
        "200203": "無",
        "200204": "無",
        "200205": "無",
        "200206": "無",
        "200207": "無",
        "200208": "無",
        "200209": "無",
        "200210": "無",
        "200211": "無",
        "200212": "無",
        "200301": "無",
        "200302": "無",
        "200303": "無",
        "200304": "無",
        "200305": "無",
        "200306": "無",
        "200307": "無",
        "200308": "無",
        "200309": "無",
        "200310": "無",
        "200311": "無",
        "200312": "無",
        "200401": "無",
        "200402": "無",
        "200403": "無",
        "200404": "無",
        "200405": "無",
        "200406": "無",
        "200407": "無",
        "200408": "無",
        "200409": "無",
        "200410": "無",
        "200411": "無",
        "200412": "無",
        "200501": "無",
        "200502": "無",
        "200503": "無",
        "200504": "無",
        "200505": "無",
        "200506": "無",
        "200507": "無",
        "200508": "無",
        "200509": "無",
        "200510": "無",
        "200511": "無",
        "200512": "無",
        "200601": "無",
        "200602": "無",
        "200603": "無",
        "200604": "無",
        "200605": "無",
        "200606": "無",
        "200607": "無",
        "200608": "無",
        "200609": "無",
        "200610": "無",
        "200611": "無",
        "200612": "無",
        "200701": "無",
        "200702": "無",
        "200703": "無",
        "200704": "無",
        "200705": "無",
        "200706": "無",
        "200707": "無",
        "200708": "無",
        "200709": "無",
        "200710": "無",
        "200711": "無",
        "200712": "無",
        "200801": "無",
        "200802": "無",
        "200803": "無",
        "200804": "無",
        "200805": "無",
        "200806": "無",
        "200807": "無",
        "200808": "無",
        "200809": "無",
        "200810": "無",
        "200811": "無",
        "200812": "無",
        "200901": "無",
        "200902": "無",
        "200903": "無",
        "200904": "無",
        "200905": "無",
        "200906": "無",
        "200907": "無",
        "200908": "無",
        "200909": "無",
        "200910": "無",
        "200911": "無",
        "200912": "無",
        "201001": "無",
        "201002": "無",
        "201003": "無",
        "201004": "無",
        "201005": "無",
        "201006": "無",
        "201007": "無",
        "201008": "無",
        "201009": "無",
        "201010": "無",
        "201011": "無",
        "201012": "無",
        "201101": "無",
        "201102": "無",
        "201103": "無",
        "201104": "無",
        "201105": "無",
        "201106": "無",
        "201107": "無",
        "201108": "無",
        "201109": "無",
        "201110": "無",
        "201111": "無",
        "201112": "無",
        "201201": "無",
        "201202": "無",
        "201203": "無",
        "201204": "無",
        "201205": "無",
        "201206": "無",
        "201207": "無",
        "201208": "無",
        "201209": "無",
        "201210": "無",
        "201211": "無",
        "201212": "無",
        "201301": "無",
        "201302": "無",
        "201303": "無",
        "201304": "無",
        "201305": "無",
        "201306": "無",
        "201307": "無",
        "201308": "無",
        "201309": "無",
        "201310": "無",
        "201311": "無",
        "201312": "47.19",
        "201401": "41.49",
        "201402": "40.92",
        "201403": "45.91",
        "201404": "44.27",
        "201405": "47.87",
        "201406": "52.48",
        "201407": "59.68",
        "201408": "57.37",
        "201409": "58.49",
        "201410": "66.94",
        "201411": "63.03",
        "201412": "63.44",
        "201501": "61.95",
        "201502": "61.30",
        "201503": "57.62",
        "201504": "57.08",
        "201505": "51.79",
        "201506": "48.36",
        "201507": "44.70",
        "201508": "39.65",
        "201509": "39.63",
        "201510": "46.16",
        "201511": "43.48",
        "201512": "41.52",
        "201601": "38.43",
        "201602": "41.85",
        "201603": "45.49",
        "201604": "49.90",
        "201605": "47.99",
        "201606": "48.37",
        "201607": "47.33",
        "201608": "53.93",
        "201609": "62.29",
        "201610": "60.12",
        "201611": "53.67",
        "201612": "53.74",
        "201701": "55.66",
        "201702": "56.99",
        "201703": "56.24",
        "201704": "55.09",
        "201705": "61.60",
        "201706": "62.57",
        "201707": "58.25",
        "201708": "57.43",
        "201709": "53.05",
        "201710": "50.31",
        "201711": "46.77",
        "201712": "45.52",
        "201801": "45.34",
        "201802": "43.32",
        "201803": "41.10",
        "201804": "39.90",
        "201805": "38.70",
        "201806": "37.76",
        "201807": "32.66",
        "201808": "31.80",
        "201809": "31.22",
        "201810": "29.33",
        "201811": "29.22",
        "201812": "31.79",
        "201901": "34.02",
        "201902": "36.33",
        "201903": "36.30",
        "201904": "38.39",
        "201905": "40.01",
        "201906": "39.34",
        "201907": "40.74",
        "201908": "38.93",
        "201909": "39.17",
        "201910": "39.97",
        "201911": "40.20",
        "201912": "41.38",
        "202001": "41.32",
        "202002": "37.84",
        "202003": "35.49",
        "202004": "36.68",
        "202005": "39.31",
        "202006": "40.85",
        "202007": "43.19",
        "202008": "45.15",
        "202009": "41.19",
        "202010": "41.37",
        "202011": "44.15",
        "202012": "44.46",
        "202101": "44.67",
        "202102": "45.49",
        "202103": "49.43",
        "202104": "51.92",
        "202105": "47.18",
        "202106": "47.14",
        "202107": "49.48",
        "202108": "44.86",
        "202109": "42.68",
        "202110": "40.18",
        "202111": "40.30",
        "202112": "40.22",
        "202201": "40.16",
        "202202": "41.64",
        "202203": "40.49",
        "202204": "37.81",
        "202205": "35.06",
        "202206": "34.75",
        "202207": "31.28",
        "202208": "31.26",
        "202209": "31.46",
        "202210": "30.29",
        "202211": "29.51",
        "202212": "29.55",
        "202301": "30.30",
        "202302": "30.46",
        "202303": "31.93",
        "202304": "31.74",
        "202305": "32.75",
        "202306": "34.18",
        "202307": "31.57",
        "202308": "30.59",
        "202309": "30.46",
        "202310": "30.01",
        "202311": "30.23",
        "202312": "29.75"
    },
    "quarters": {
        "20011": {
            "year_quarter": 20011,
            "year": 2001,
            "quarter": 1,
            "eps": null,
            "eps_growth_year": null,
            "eps_4q": null,
            "eps_4q_growth_year": null,
            "roe": null,
            "roe_4q": 0,
            "gross_profit": null,
            "gross_margin": null,
            "gross_margin_4q_avg": 0,
            "net_income": null,
            "net_income_4q": null,
            "revenue": null,
            "revenue_4q": null,
            "common_shares": null,
            "book_valuer_per_share": null,
            "book_valuer_per_share_4q_avg": 0,
            "equity": null,
            "current_ratio": null,
            "debt_ratio": null,
            "inventory_turnover_ratio": null,
            "account_receivable_turnover_ratio": null,
            "reinvestment_rate": null,
            "research_to_sale_ratio": null,
            "price_fair": 0,
            "eps_avg_yearly": 0,
            "eps_latest_yearly": 0,
            "eps_growth_yearly": 0
        },
        "20012": {
            "year_quarter": 20012,
            "year": 2001,
            "quarter": 2,
            "eps": null,
            "eps_growth_year": null,
            "eps_4q": null,
            "eps_4q_growth_year": null,
            "roe": null,
            "roe_4q": 0,
            "gross_profit": null,
            "gross_margin": null,
            "gross_margin_4q_avg": 0,
            "net_income": null,
            "net_income_4q": null,
            "revenue": null,
            "revenue_4q": null,
            "common_shares": null,
            "book_valuer_per_share": null,
            "book_valuer_per_share_4q_avg": 0,
            "equity": null,
            "current_ratio": null,
            "debt_ratio": null,
            "inventory_turnover_ratio": null,
            "account_receivable_turnover_ratio": null,
            "reinvestment_rate": null,
            "research_to_sale_ratio": null,
            "price_fair": 0,
            "eps_avg_yearly": 0,
            "eps_latest_yearly": 0,
            "eps_growth_yearly": 0
        },
        "20013": {
            "year_quarter": 20013,
            "year": 2001,
            "quarter": 3,
            "eps": null,
            "eps_growth_year": null,
            "eps_4q": null,
            "eps_4q_growth_year": null,
            "roe": null,
            "roe_4q": 0,
            "gross_profit": null,
            "gross_margin": null,
            "gross_margin_4q_avg": 0,
            "net_income": null,
            "net_income_4q": null,
            "revenue": null,
            "revenue_4q": null,
            "common_shares": null,
            "book_valuer_per_share": null,
            "book_valuer_per_share_4q_avg": 0,
            "equity": null,
            "current_ratio": null,
            "debt_ratio": null,
            "inventory_turnover_ratio": null,
            "account_receivable_turnover_ratio": null,
            "reinvestment_rate": null,
            "research_to_sale_ratio": null,
            "price_fair": 0,
            "eps_avg_yearly": 0,
            "eps_latest_yearly": 0,
            "eps_growth_yearly": 0
        },
        "20014": {
            "year_quarter": 20014,
            "year": 2001,
            "quarter": 4,
            "eps": null,
            "eps_growth_year": null,
            "eps_4q": null,
            "eps_4q_growth_year": null,
            "roe": null,
            "roe_4q": 0,
            "gross_profit": null,
            "gross_margin": null,
            "gross_margin_4q_avg": 0,
            "net_income": null,
            "net_income_4q": null,
            "revenue": null,
            "revenue_4q": null,
            "common_shares": null,
            "book_valuer_per_share": null,
            "book_valuer_per_share_4q_avg": 0,
            "equity": null,
            "current_ratio": null,
            "debt_ratio": null,
            "inventory_turnover_ratio": null,
            "account_receivable_turnover_ratio": null,
            "reinvestment_rate": null,
            "research_to_sale_ratio": null,
            "price_fair": 0,
            "eps_avg_yearly": 0,
            "eps_latest_yearly": 0,
            "eps_growth_yearly": 0
        },
        "20021": {
            "year_quarter": 20021,
            "year": 2002,
            "quarter": 1,
            "eps": null,
            "eps_growth_year": null,
            "eps_4q": null,
            "eps_4q_growth_year": null,
            "roe": null,
            "roe_4q": 0,
            "gross_profit": null,
            "gross_margin": null,
            "gross_margin_4q_avg": 0,
            "net_income": null,
            "net_income_4q": null,
            "revenue": null,
            "revenue_4q": null,
            "common_shares": null,
            "book_valuer_per_share": null,
            "book_valuer_per_share_4q_avg": 0,
            "equity": null,
            "current_ratio": null,
            "debt_ratio": null,
            "inventory_turnover_ratio": null,
            "account_receivable_turnover_ratio": null,
            "reinvestment_rate": null,
            "research_to_sale_ratio": null,
            "price_fair": 0,
            "eps_avg_yearly": 0,
            "eps_latest_yearly": 0,
            "eps_growth_yearly": 0
        },
        "20022": {
            "year_quarter": 20022,
            "year": 2002,
            "quarter": 2,
            "eps": null,
            "eps_growth_year": null,
            "eps_4q": null,
            "eps_4q_growth_year": null,
            "roe": null,
            "roe_4q": 0,
            "gross_profit": null,
            "gross_margin": null,
            "gross_margin_4q_avg": 0,
            "net_income": null,
            "net_income_4q": null,
            "revenue": null,
            "revenue_4q": null,
            "common_shares": null,
            "book_valuer_per_share": null,
            "book_valuer_per_share_4q_avg": 0,
            "equity": null,
            "current_ratio": null,
            "debt_ratio": null,
            "inventory_turnover_ratio": null,
            "account_receivable_turnover_ratio": null,
            "reinvestment_rate": null,
            "research_to_sale_ratio": null,
            "price_fair": 0,
            "eps_avg_yearly": 0,
            "eps_latest_yearly": 0,
            "eps_growth_yearly": 0
        },
        "20023": {
            "year_quarter": 20023,
            "year": 2002,
            "quarter": 3,
            "eps": null,
            "eps_growth_year": null,
            "eps_4q": null,
            "eps_4q_growth_year": null,
            "roe": null,
            "roe_4q": 0,
            "gross_profit": null,
            "gross_margin": null,
            "gross_margin_4q_avg": 0,
            "net_income": null,
            "net_income_4q": null,
            "revenue": null,
            "revenue_4q": null,
            "common_shares": null,
            "book_valuer_per_share": null,
            "book_valuer_per_share_4q_avg": 0,
            "equity": null,
            "current_ratio": null,
            "debt_ratio": null,
            "inventory_turnover_ratio": null,
            "account_receivable_turnover_ratio": null,
            "reinvestment_rate": null,
            "research_to_sale_ratio": null,
            "price_fair": 0,
            "eps_avg_yearly": 0,
            "eps_latest_yearly": 0,
            "eps_growth_yearly": 0
        },
        "20024": {
            "year_quarter": 20024,
            "year": 2002,
            "quarter": 4,
            "eps": null,
            "eps_growth_year": null,
            "eps_4q": null,
            "eps_4q_growth_year": null,
            "roe": null,
            "roe_4q": 0,
            "gross_profit": null,
            "gross_margin": null,
            "gross_margin_4q_avg": 0,
            "net_income": null,
            "net_income_4q": null,
            "revenue": null,
            "revenue_4q": null,
            "common_shares": null,
            "book_valuer_per_share": null,
            "book_valuer_per_share_4q_avg": 0,
            "equity": null,
            "current_ratio": null,
            "debt_ratio": null,
            "inventory_turnover_ratio": null,
            "account_receivable_turnover_ratio": null,
            "reinvestment_rate": null,
            "research_to_sale_ratio": null,
            "price_fair": 0,
            "eps_avg_yearly": 0,
            "eps_latest_yearly": 0,
            "eps_growth_yearly": 0
        },
        "20031": {
            "year_quarter": 20031,
            "year": 2003,
            "quarter": 1,
            "eps": null,
            "eps_growth_year": null,
            "eps_4q": null,
            "eps_4q_growth_year": null,
            "roe": null,
            "roe_4q": 0,
            "gross_profit": null,
            "gross_margin": null,
            "gross_margin_4q_avg": 0,
            "net_income": null,
            "net_income_4q": null,
            "revenue": null,
            "revenue_4q": null,
            "common_shares": null,
            "book_valuer_per_share": null,
            "book_valuer_per_share_4q_avg": 0,
            "equity": null,
            "current_ratio": null,
            "debt_ratio": null,
            "inventory_turnover_ratio": null,
            "account_receivable_turnover_ratio": null,
            "reinvestment_rate": null,
            "research_to_sale_ratio": null,
            "price_fair": 0,
            "eps_avg_yearly": 0,
            "eps_latest_yearly": 0,
            "eps_growth_yearly": 0
        },
        "20032": {
            "year_quarter": 20032,
            "year": 2003,
            "quarter": 2,
            "eps": null,
            "eps_growth_year": null,
            "eps_4q": null,
            "eps_4q_growth_year": null,
            "roe": null,
            "roe_4q": 0,
            "gross_profit": null,
            "gross_margin": null,
            "gross_margin_4q_avg": 0,
            "net_income": null,
            "net_income_4q": null,
            "revenue": null,
            "revenue_4q": null,
            "common_shares": null,
            "book_valuer_per_share": null,
            "book_valuer_per_share_4q_avg": 0,
            "equity": null,
            "current_ratio": null,
            "debt_ratio": null,
            "inventory_turnover_ratio": null,
            "account_receivable_turnover_ratio": null,
            "reinvestment_rate": null,
            "research_to_sale_ratio": null,
            "price_fair": 0,
            "eps_avg_yearly": 0,
            "eps_latest_yearly": 0,
            "eps_growth_yearly": 0
        },
        "20033": {
            "year_quarter": 20033,
            "year": 2003,
            "quarter": 3,
            "eps": null,
            "eps_growth_year": null,
            "eps_4q": null,
            "eps_4q_growth_year": null,
            "roe": null,
            "roe_4q": 0,
            "gross_profit": null,
            "gross_margin": null,
            "gross_margin_4q_avg": 0,
            "net_income": null,
            "net_income_4q": null,
            "revenue": null,
            "revenue_4q": null,
            "common_shares": null,
            "book_valuer_per_share": null,
            "book_valuer_per_share_4q_avg": 0,
            "equity": null,
            "current_ratio": null,
            "debt_ratio": null,
            "inventory_turnover_ratio": null,
            "account_receivable_turnover_ratio": null,
            "reinvestment_rate": null,
            "research_to_sale_ratio": null,
            "price_fair": 0,
            "eps_avg_yearly": 0,
            "eps_latest_yearly": 0,
            "eps_growth_yearly": 0
        },
        "20034": {
            "year_quarter": 20034,
            "year": 2003,
            "quarter": 4,
            "eps": null,
            "eps_growth_year": null,
            "eps_4q": null,
            "eps_4q_growth_year": null,
            "roe": null,
            "roe_4q": 0,
            "gross_profit": null,
            "gross_margin": null,
            "gross_margin_4q_avg": 0,
            "net_income": null,
            "net_income_4q": null,
            "revenue": null,
            "revenue_4q": null,
            "common_shares": null,
            "book_valuer_per_share": null,
            "book_valuer_per_share_4q_avg": 0,
            "equity": null,
            "current_ratio": null,
            "debt_ratio": null,
            "inventory_turnover_ratio": null,
            "account_receivable_turnover_ratio": null,
            "reinvestment_rate": null,
            "research_to_sale_ratio": null,
            "price_fair": 0,
            "eps_avg_yearly": 0,
            "eps_latest_yearly": 0,
            "eps_growth_yearly": 0
        },
        "20041": {
            "year_quarter": 20041,
            "year": 2004,
            "quarter": 1,
            "eps": null,
            "eps_growth_year": null,
            "eps_4q": null,
            "eps_4q_growth_year": null,
            "roe": null,
            "roe_4q": 0,
            "gross_profit": null,
            "gross_margin": null,
            "gross_margin_4q_avg": 0,
            "net_income": null,
            "net_income_4q": null,
            "revenue": null,
            "revenue_4q": null,
            "common_shares": null,
            "book_valuer_per_share": null,
            "book_valuer_per_share_4q_avg": 0,
            "equity": null,
            "current_ratio": null,
            "debt_ratio": null,
            "inventory_turnover_ratio": null,
            "account_receivable_turnover_ratio": null,
            "reinvestment_rate": null,
            "research_to_sale_ratio": null,
            "price_fair": 0,
            "eps_avg_yearly": 0,
            "eps_latest_yearly": 0,
            "eps_growth_yearly": 0
        },
        "20042": {
            "year_quarter": 20042,
            "year": 2004,
            "quarter": 2,
            "eps": null,
            "eps_growth_year": null,
            "eps_4q": null,
            "eps_4q_growth_year": null,
            "roe": null,
            "roe_4q": 0,
            "gross_profit": null,
            "gross_margin": null,
            "gross_margin_4q_avg": 0,
            "net_income": null,
            "net_income_4q": null,
            "revenue": null,
            "revenue_4q": null,
            "common_shares": null,
            "book_valuer_per_share": null,
            "book_valuer_per_share_4q_avg": 0,
            "equity": null,
            "current_ratio": null,
            "debt_ratio": null,
            "inventory_turnover_ratio": null,
            "account_receivable_turnover_ratio": null,
            "reinvestment_rate": null,
            "research_to_sale_ratio": null,
            "price_fair": 0,
            "eps_avg_yearly": 0,
            "eps_latest_yearly": 0,
            "eps_growth_yearly": 0
        },
        "20043": {
            "year_quarter": 20043,
            "year": 2004,
            "quarter": 3,
            "eps": null,
            "eps_growth_year": null,
            "eps_4q": null,
            "eps_4q_growth_year": null,
            "roe": null,
            "roe_4q": 0,
            "gross_profit": null,
            "gross_margin": null,
            "gross_margin_4q_avg": 0,
            "net_income": null,
            "net_income_4q": null,
            "revenue": null,
            "revenue_4q": null,
            "common_shares": null,
            "book_valuer_per_share": null,
            "book_valuer_per_share_4q_avg": 0,
            "equity": null,
            "current_ratio": null,
            "debt_ratio": null,
            "inventory_turnover_ratio": null,
            "account_receivable_turnover_ratio": null,
            "reinvestment_rate": null,
            "research_to_sale_ratio": null,
            "price_fair": 0,
            "eps_avg_yearly": 0,
            "eps_latest_yearly": 0,
            "eps_growth_yearly": 0
        },
        "20044": {
            "year_quarter": 20044,
            "year": 2004,
            "quarter": 4,
            "eps": null,
            "eps_growth_year": null,
            "eps_4q": null,
            "eps_4q_growth_year": null,
            "roe": null,
            "roe_4q": 0,
            "gross_profit": null,
            "gross_margin": null,
            "gross_margin_4q_avg": 0,
            "net_income": null,
            "net_income_4q": null,
            "revenue": null,
            "revenue_4q": null,
            "common_shares": null,
            "book_valuer_per_share": null,
            "book_valuer_per_share_4q_avg": 0,
            "equity": null,
            "current_ratio": null,
            "debt_ratio": null,
            "inventory_turnover_ratio": null,
            "account_receivable_turnover_ratio": null,
            "reinvestment_rate": null,
            "research_to_sale_ratio": null,
            "price_fair": 0,
            "eps_avg_yearly": 0,
            "eps_latest_yearly": 0,
            "eps_growth_yearly": 0
        },
        "20051": {
            "year_quarter": 20051,
            "year": 2005,
            "quarter": 1,
            "eps": null,
            "eps_growth_year": null,
            "eps_4q": null,
            "eps_4q_growth_year": null,
            "roe": null,
            "roe_4q": 0,
            "gross_profit": null,
            "gross_margin": null,
            "gross_margin_4q_avg": 0,
            "net_income": null,
            "net_income_4q": null,
            "revenue": null,
            "revenue_4q": null,
            "common_shares": null,
            "book_valuer_per_share": null,
            "book_valuer_per_share_4q_avg": 0,
            "equity": null,
            "current_ratio": null,
            "debt_ratio": null,
            "inventory_turnover_ratio": null,
            "account_receivable_turnover_ratio": null,
            "reinvestment_rate": null,
            "research_to_sale_ratio": null,
            "price_fair": 0,
            "eps_avg_yearly": 0,
            "eps_latest_yearly": 0,
            "eps_growth_yearly": 0
        },
        "20052": {
            "year_quarter": 20052,
            "year": 2005,
            "quarter": 2,
            "eps": null,
            "eps_growth_year": null,
            "eps_4q": null,
            "eps_4q_growth_year": null,
            "roe": null,
            "roe_4q": 0,
            "gross_profit": null,
            "gross_margin": null,
            "gross_margin_4q_avg": 0,
            "net_income": null,
            "net_income_4q": null,
            "revenue": null,
            "revenue_4q": null,
            "common_shares": null,
            "book_valuer_per_share": null,
            "book_valuer_per_share_4q_avg": 0,
            "equity": null,
            "current_ratio": null,
            "debt_ratio": null,
            "inventory_turnover_ratio": null,
            "account_receivable_turnover_ratio": null,
            "reinvestment_rate": null,
            "research_to_sale_ratio": null,
            "price_fair": 0,
            "eps_avg_yearly": 0,
            "eps_latest_yearly": 0,
            "eps_growth_yearly": 0
        },
        "20053": {
            "year_quarter": 20053,
            "year": 2005,
            "quarter": 3,
            "eps": null,
            "eps_growth_year": null,
            "eps_4q": null,
            "eps_4q_growth_year": null,
            "roe": null,
            "roe_4q": 0,
            "gross_profit": null,
            "gross_margin": null,
            "gross_margin_4q_avg": 0,
            "net_income": null,
            "net_income_4q": null,
            "revenue": null,
            "revenue_4q": null,
            "common_shares": null,
            "book_valuer_per_share": null,
            "book_valuer_per_share_4q_avg": 0,
            "equity": null,
            "current_ratio": null,
            "debt_ratio": null,
            "inventory_turnover_ratio": null,
            "account_receivable_turnover_ratio": null,
            "reinvestment_rate": null,
            "research_to_sale_ratio": null,
            "price_fair": 0,
            "eps_avg_yearly": 0,
            "eps_latest_yearly": 0,
            "eps_growth_yearly": 0
        },
        "20054": {
            "year_quarter": 20054,
            "year": 2005,
            "quarter": 4,
            "eps": null,
            "eps_growth_year": null,
            "eps_4q": null,
            "eps_4q_growth_year": null,
            "roe": null,
            "roe_4q": 0,
            "gross_profit": null,
            "gross_margin": null,
            "gross_margin_4q_avg": 0,
            "net_income": null,
            "net_income_4q": null,
            "revenue": null,
            "revenue_4q": null,
            "common_shares": null,
            "book_valuer_per_share": null,
            "book_valuer_per_share_4q_avg": 0,
            "equity": null,
            "current_ratio": null,
            "debt_ratio": null,
            "inventory_turnover_ratio": null,
            "account_receivable_turnover_ratio": null,
            "reinvestment_rate": null,
            "research_to_sale_ratio": null,
            "price_fair": 0,
            "eps_avg_yearly": 0,
            "eps_latest_yearly": 0,
            "eps_growth_yearly": 0
        },
        "20061": {
            "year_quarter": 20061,
            "year": 2006,
            "quarter": 1,
            "eps": null,
            "eps_growth_year": null,
            "eps_4q": null,
            "eps_4q_growth_year": null,
            "roe": null,
            "roe_4q": 0,
            "gross_profit": null,
            "gross_margin": null,
            "gross_margin_4q_avg": 0,
            "net_income": null,
            "net_income_4q": null,
            "revenue": null,
            "revenue_4q": null,
            "common_shares": null,
            "book_valuer_per_share": null,
            "book_valuer_per_share_4q_avg": 0,
            "equity": null,
            "current_ratio": null,
            "debt_ratio": null,
            "inventory_turnover_ratio": null,
            "account_receivable_turnover_ratio": null,
            "reinvestment_rate": null,
            "research_to_sale_ratio": null,
            "price_fair": 0,
            "eps_avg_yearly": 0,
            "eps_latest_yearly": 0,
            "eps_growth_yearly": 0
        },
        "20062": {
            "year_quarter": 20062,
            "year": 2006,
            "quarter": 2,
            "eps": null,
            "eps_growth_year": null,
            "eps_4q": null,
            "eps_4q_growth_year": null,
            "roe": null,
            "roe_4q": 0,
            "gross_profit": null,
            "gross_margin": null,
            "gross_margin_4q_avg": 0,
            "net_income": null,
            "net_income_4q": null,
            "revenue": null,
            "revenue_4q": null,
            "common_shares": null,
            "book_valuer_per_share": null,
            "book_valuer_per_share_4q_avg": 0,
            "equity": null,
            "current_ratio": null,
            "debt_ratio": null,
            "inventory_turnover_ratio": null,
            "account_receivable_turnover_ratio": null,
            "reinvestment_rate": null,
            "research_to_sale_ratio": null,
            "price_fair": 0,
            "eps_avg_yearly": 0,
            "eps_latest_yearly": 0,
            "eps_growth_yearly": 0
        },
        "20063": {
            "year_quarter": 20063,
            "year": 2006,
            "quarter": 3,
            "eps": null,
            "eps_growth_year": null,
            "eps_4q": null,
            "eps_4q_growth_year": null,
            "roe": null,
            "roe_4q": 0,
            "gross_profit": null,
            "gross_margin": null,
            "gross_margin_4q_avg": 0,
            "net_income": null,
            "net_income_4q": null,
            "revenue": null,
            "revenue_4q": null,
            "common_shares": null,
            "book_valuer_per_share": null,
            "book_valuer_per_share_4q_avg": 0,
            "equity": null,
            "current_ratio": null,
            "debt_ratio": null,
            "inventory_turnover_ratio": null,
            "account_receivable_turnover_ratio": null,
            "reinvestment_rate": null,
            "research_to_sale_ratio": null,
            "price_fair": 0,
            "eps_avg_yearly": 0,
            "eps_latest_yearly": 0,
            "eps_growth_yearly": 0
        },
        "20064": {
            "year_quarter": 20064,
            "year": 2006,
            "quarter": 4,
            "eps": null,
            "eps_growth_year": null,
            "eps_4q": null,
            "eps_4q_growth_year": null,
            "roe": null,
            "roe_4q": 0,
            "gross_profit": null,
            "gross_margin": null,
            "gross_margin_4q_avg": 0,
            "net_income": null,
            "net_income_4q": null,
            "revenue": null,
            "revenue_4q": null,
            "common_shares": null,
            "book_valuer_per_share": null,
            "book_valuer_per_share_4q_avg": 0,
            "equity": null,
            "current_ratio": null,
            "debt_ratio": null,
            "inventory_turnover_ratio": null,
            "account_receivable_turnover_ratio": null,
            "reinvestment_rate": null,
            "research_to_sale_ratio": null,
            "price_fair": 0,
            "eps_avg_yearly": 0,
            "eps_latest_yearly": 0,
            "eps_growth_yearly": 0
        },
        "20071": {
            "year_quarter": 20071,
            "year": 2007,
            "quarter": 1,
            "eps": null,
            "eps_growth_year": null,
            "eps_4q": null,
            "eps_4q_growth_year": null,
            "roe": null,
            "roe_4q": 0,
            "gross_profit": null,
            "gross_margin": null,
            "gross_margin_4q_avg": 0,
            "net_income": null,
            "net_income_4q": null,
            "revenue": null,
            "revenue_4q": null,
            "common_shares": null,
            "book_valuer_per_share": null,
            "book_valuer_per_share_4q_avg": 0,
            "equity": null,
            "current_ratio": null,
            "debt_ratio": null,
            "inventory_turnover_ratio": null,
            "account_receivable_turnover_ratio": null,
            "reinvestment_rate": null,
            "research_to_sale_ratio": null,
            "price_fair": 0,
            "eps_avg_yearly": 0,
            "eps_latest_yearly": 0,
            "eps_growth_yearly": 0
        },
        "20072": {
            "year_quarter": 20072,
            "year": 2007,
            "quarter": 2,
            "eps": null,
            "eps_growth_year": null,
            "eps_4q": null,
            "eps_4q_growth_year": null,
            "roe": null,
            "roe_4q": 0,
            "gross_profit": null,
            "gross_margin": null,
            "gross_margin_4q_avg": 0,
            "net_income": null,
            "net_income_4q": null,
            "revenue": null,
            "revenue_4q": null,
            "common_shares": null,
            "book_valuer_per_share": null,
            "book_valuer_per_share_4q_avg": 0,
            "equity": null,
            "current_ratio": null,
            "debt_ratio": null,
            "inventory_turnover_ratio": null,
            "account_receivable_turnover_ratio": null,
            "reinvestment_rate": null,
            "research_to_sale_ratio": null,
            "price_fair": 0,
            "eps_avg_yearly": 0,
            "eps_latest_yearly": 0,
            "eps_growth_yearly": 0
        },
        "20073": {
            "year_quarter": 20073,
            "year": 2007,
            "quarter": 3,
            "eps": null,
            "eps_growth_year": null,
            "eps_4q": null,
            "eps_4q_growth_year": null,
            "roe": null,
            "roe_4q": 0,
            "gross_profit": null,
            "gross_margin": null,
            "gross_margin_4q_avg": 0,
            "net_income": null,
            "net_income_4q": null,
            "revenue": null,
            "revenue_4q": null,
            "common_shares": null,
            "book_valuer_per_share": null,
            "book_valuer_per_share_4q_avg": 0,
            "equity": null,
            "current_ratio": null,
            "debt_ratio": null,
            "inventory_turnover_ratio": null,
            "account_receivable_turnover_ratio": null,
            "reinvestment_rate": null,
            "research_to_sale_ratio": null,
            "price_fair": 0,
            "eps_avg_yearly": 0,
            "eps_latest_yearly": 0,
            "eps_growth_yearly": 0
        },
        "20074": {
            "year_quarter": 20074,
            "year": 2007,
            "quarter": 4,
            "eps": null,
            "eps_growth_year": null,
            "eps_4q": null,
            "eps_4q_growth_year": null,
            "roe": null,
            "roe_4q": 0,
            "gross_profit": null,
            "gross_margin": null,
            "gross_margin_4q_avg": 0,
            "net_income": null,
            "net_income_4q": null,
            "revenue": null,
            "revenue_4q": null,
            "common_shares": null,
            "book_valuer_per_share": null,
            "book_valuer_per_share_4q_avg": 0,
            "equity": null,
            "current_ratio": null,
            "debt_ratio": null,
            "inventory_turnover_ratio": null,
            "account_receivable_turnover_ratio": null,
            "reinvestment_rate": null,
            "research_to_sale_ratio": null,
            "price_fair": 0,
            "eps_avg_yearly": 0,
            "eps_latest_yearly": 0,
            "eps_growth_yearly": 0
        },
        "20081": {
            "year_quarter": 20081,
            "year": 2008,
            "quarter": 1,
            "eps": null,
            "eps_growth_year": null,
            "eps_4q": null,
            "eps_4q_growth_year": null,
            "roe": null,
            "roe_4q": 0,
            "gross_profit": null,
            "gross_margin": null,
            "gross_margin_4q_avg": 0,
            "net_income": null,
            "net_income_4q": null,
            "revenue": null,
            "revenue_4q": null,
            "common_shares": null,
            "book_valuer_per_share": null,
            "book_valuer_per_share_4q_avg": 0,
            "equity": null,
            "current_ratio": null,
            "debt_ratio": null,
            "inventory_turnover_ratio": null,
            "account_receivable_turnover_ratio": null,
            "reinvestment_rate": null,
            "research_to_sale_ratio": null,
            "price_fair": 0,
            "eps_avg_yearly": 0,
            "eps_latest_yearly": 0,
            "eps_growth_yearly": 0
        },
        "20082": {
            "year_quarter": 20082,
            "year": 2008,
            "quarter": 2,
            "eps": null,
            "eps_growth_year": null,
            "eps_4q": null,
            "eps_4q_growth_year": null,
            "roe": null,
            "roe_4q": 0,
            "gross_profit": null,
            "gross_margin": null,
            "gross_margin_4q_avg": 0,
            "net_income": null,
            "net_income_4q": null,
            "revenue": null,
            "revenue_4q": null,
            "common_shares": null,
            "book_valuer_per_share": null,
            "book_valuer_per_share_4q_avg": 0,
            "equity": null,
            "current_ratio": null,
            "debt_ratio": null,
            "inventory_turnover_ratio": null,
            "account_receivable_turnover_ratio": null,
            "reinvestment_rate": null,
            "research_to_sale_ratio": null,
            "price_fair": 0,
            "eps_avg_yearly": 0,
            "eps_latest_yearly": 0,
            "eps_growth_yearly": 0
        },
        "20083": {
            "year_quarter": 20083,
            "year": 2008,
            "quarter": 3,
            "eps": null,
            "eps_growth_year": null,
            "eps_4q": null,
            "eps_4q_growth_year": null,
            "roe": null,
            "roe_4q": 0,
            "gross_profit": null,
            "gross_margin": null,
            "gross_margin_4q_avg": 0,
            "net_income": null,
            "net_income_4q": null,
            "revenue": null,
            "revenue_4q": null,
            "common_shares": null,
            "book_valuer_per_share": null,
            "book_valuer_per_share_4q_avg": 0,
            "equity": null,
            "current_ratio": null,
            "debt_ratio": null,
            "inventory_turnover_ratio": null,
            "account_receivable_turnover_ratio": null,
            "reinvestment_rate": null,
            "research_to_sale_ratio": null,
            "price_fair": 0,
            "eps_avg_yearly": 0,
            "eps_latest_yearly": 0,
            "eps_growth_yearly": 0
        },
        "20084": {
            "year_quarter": 20084,
            "year": 2008,
            "quarter": 4,
            "eps": null,
            "eps_growth_year": null,
            "eps_4q": null,
            "eps_4q_growth_year": null,
            "roe": null,
            "roe_4q": 0,
            "gross_profit": null,
            "gross_margin": null,
            "gross_margin_4q_avg": 0,
            "net_income": null,
            "net_income_4q": null,
            "revenue": null,
            "revenue_4q": null,
            "common_shares": null,
            "book_valuer_per_share": null,
            "book_valuer_per_share_4q_avg": 0,
            "equity": null,
            "current_ratio": null,
            "debt_ratio": null,
            "inventory_turnover_ratio": null,
            "account_receivable_turnover_ratio": null,
            "reinvestment_rate": null,
            "research_to_sale_ratio": null,
            "price_fair": 0,
            "eps_avg_yearly": 0,
            "eps_latest_yearly": 0,
            "eps_growth_yearly": 0
        },
        "20091": {
            "year_quarter": 20091,
            "year": 2009,
            "quarter": 1,
            "eps": null,
            "eps_growth_year": null,
            "eps_4q": null,
            "eps_4q_growth_year": null,
            "roe": null,
            "roe_4q": 0,
            "gross_profit": null,
            "gross_margin": null,
            "gross_margin_4q_avg": 0,
            "net_income": null,
            "net_income_4q": null,
            "revenue": null,
            "revenue_4q": null,
            "common_shares": null,
            "book_valuer_per_share": null,
            "book_valuer_per_share_4q_avg": 0,
            "equity": null,
            "current_ratio": null,
            "debt_ratio": null,
            "inventory_turnover_ratio": null,
            "account_receivable_turnover_ratio": null,
            "reinvestment_rate": null,
            "research_to_sale_ratio": null,
            "price_fair": 0,
            "eps_avg_yearly": 0,
            "eps_latest_yearly": 0,
            "eps_growth_yearly": 0
        },
        "20092": {
            "year_quarter": 20092,
            "year": 2009,
            "quarter": 2,
            "eps": null,
            "eps_growth_year": null,
            "eps_4q": null,
            "eps_4q_growth_year": null,
            "roe": null,
            "roe_4q": 0,
            "gross_profit": null,
            "gross_margin": null,
            "gross_margin_4q_avg": 0,
            "net_income": null,
            "net_income_4q": null,
            "revenue": null,
            "revenue_4q": null,
            "common_shares": null,
            "book_valuer_per_share": null,
            "book_valuer_per_share_4q_avg": 0,
            "equity": null,
            "current_ratio": null,
            "debt_ratio": null,
            "inventory_turnover_ratio": null,
            "account_receivable_turnover_ratio": null,
            "reinvestment_rate": null,
            "research_to_sale_ratio": null,
            "price_fair": 0,
            "eps_avg_yearly": 0,
            "eps_latest_yearly": 0,
            "eps_growth_yearly": 0
        },
        "20093": {
            "year_quarter": 20093,
            "year": 2009,
            "quarter": 3,
            "eps": null,
            "eps_growth_year": null,
            "eps_4q": null,
            "eps_4q_growth_year": null,
            "roe": null,
            "roe_4q": 0,
            "gross_profit": null,
            "gross_margin": null,
            "gross_margin_4q_avg": 0,
            "net_income": null,
            "net_income_4q": null,
            "revenue": null,
            "revenue_4q": null,
            "common_shares": null,
            "book_valuer_per_share": null,
            "book_valuer_per_share_4q_avg": 0,
            "equity": null,
            "current_ratio": null,
            "debt_ratio": null,
            "inventory_turnover_ratio": null,
            "account_receivable_turnover_ratio": null,
            "reinvestment_rate": null,
            "research_to_sale_ratio": null,
            "price_fair": 0,
            "eps_avg_yearly": 0,
            "eps_latest_yearly": 0,
            "eps_growth_yearly": 0
        },
        "20094": {
            "year_quarter": 20094,
            "year": 2009,
            "quarter": 4,
            "eps": null,
            "eps_growth_year": null,
            "eps_4q": null,
            "eps_4q_growth_year": null,
            "roe": null,
            "roe_4q": 0,
            "gross_profit": null,
            "gross_margin": null,
            "gross_margin_4q_avg": 0,
            "net_income": null,
            "net_income_4q": null,
            "revenue": null,
            "revenue_4q": null,
            "common_shares": null,
            "book_valuer_per_share": null,
            "book_valuer_per_share_4q_avg": 0,
            "equity": null,
            "current_ratio": null,
            "debt_ratio": null,
            "inventory_turnover_ratio": null,
            "account_receivable_turnover_ratio": null,
            "reinvestment_rate": null,
            "research_to_sale_ratio": null,
            "price_fair": 0,
            "eps_avg_yearly": 0,
            "eps_latest_yearly": 0,
            "eps_growth_yearly": 0
        },
        "20101": {
            "year_quarter": 20101,
            "year": 2010,
            "quarter": 1,
            "eps": null,
            "eps_growth_year": null,
            "eps_4q": null,
            "eps_4q_growth_year": null,
            "roe": null,
            "roe_4q": 0,
            "gross_profit": null,
            "gross_margin": null,
            "gross_margin_4q_avg": 0,
            "net_income": null,
            "net_income_4q": null,
            "revenue": null,
            "revenue_4q": null,
            "common_shares": null,
            "book_valuer_per_share": null,
            "book_valuer_per_share_4q_avg": 0,
            "equity": null,
            "current_ratio": null,
            "debt_ratio": null,
            "inventory_turnover_ratio": null,
            "account_receivable_turnover_ratio": null,
            "reinvestment_rate": null,
            "research_to_sale_ratio": null,
            "price_fair": 0,
            "eps_avg_yearly": 0,
            "eps_latest_yearly": 0,
            "eps_growth_yearly": 0
        },
        "20102": {
            "year_quarter": 20102,
            "year": 2010,
            "quarter": 2,
            "eps": null,
            "eps_growth_year": null,
            "eps_4q": null,
            "eps_4q_growth_year": null,
            "roe": null,
            "roe_4q": 0,
            "gross_profit": null,
            "gross_margin": null,
            "gross_margin_4q_avg": 0,
            "net_income": null,
            "net_income_4q": null,
            "revenue": null,
            "revenue_4q": null,
            "common_shares": null,
            "book_valuer_per_share": null,
            "book_valuer_per_share_4q_avg": 0,
            "equity": null,
            "current_ratio": null,
            "debt_ratio": null,
            "inventory_turnover_ratio": null,
            "account_receivable_turnover_ratio": null,
            "reinvestment_rate": null,
            "research_to_sale_ratio": null,
            "price_fair": 0,
            "eps_avg_yearly": 0,
            "eps_latest_yearly": 0,
            "eps_growth_yearly": 0
        },
        "20103": {
            "year_quarter": 20103,
            "year": 2010,
            "quarter": 3,
            "eps": null,
            "eps_growth_year": null,
            "eps_4q": null,
            "eps_4q_growth_year": null,
            "roe": null,
            "roe_4q": 0,
            "gross_profit": null,
            "gross_margin": null,
            "gross_margin_4q_avg": 0,
            "net_income": null,
            "net_income_4q": null,
            "revenue": null,
            "revenue_4q": null,
            "common_shares": null,
            "book_valuer_per_share": null,
            "book_valuer_per_share_4q_avg": 0,
            "equity": null,
            "current_ratio": null,
            "debt_ratio": null,
            "inventory_turnover_ratio": null,
            "account_receivable_turnover_ratio": null,
            "reinvestment_rate": null,
            "research_to_sale_ratio": null,
            "price_fair": 0,
            "eps_avg_yearly": 0,
            "eps_latest_yearly": 0,
            "eps_growth_yearly": 0
        },
        "20104": {
            "year_quarter": 20104,
            "year": 2010,
            "quarter": 4,
            "eps": null,
            "eps_growth_year": null,
            "eps_4q": null,
            "eps_4q_growth_year": null,
            "roe": null,
            "roe_4q": 0,
            "gross_profit": null,
            "gross_margin": null,
            "gross_margin_4q_avg": 0,
            "net_income": null,
            "net_income_4q": null,
            "revenue": null,
            "revenue_4q": null,
            "common_shares": 601000,
            "book_valuer_per_share": 20.3,
            "book_valuer_per_share_4q_avg": 5.08,
            "equity": 1220134,
            "current_ratio": 227.96,
            "debt_ratio": 33.14,
            "inventory_turnover_ratio": null,
            "account_receivable_turnover_ratio": null,
            "reinvestment_rate": null,
            "research_to_sale_ratio": null,
            "price_fair": 0,
            "eps_avg_yearly": 0,
            "eps_latest_yearly": 0,
            "eps_growth_yearly": 0
        },
        "20111": {
            "year_quarter": 20111,
            "year": 2011,
            "quarter": 1,
            "eps": null,
            "eps_growth_year": null,
            "eps_4q": null,
            "eps_4q_growth_year": null,
            "roe": null,
            "roe_4q": 0,
            "gross_profit": null,
            "gross_margin": null,
            "gross_margin_4q_avg": 0,
            "net_income": null,
            "net_income_4q": null,
            "revenue": null,
            "revenue_4q": null,
            "common_shares": null,
            "book_valuer_per_share": null,
            "book_valuer_per_share_4q_avg": 5.08,
            "equity": null,
            "current_ratio": null,
            "debt_ratio": null,
            "inventory_turnover_ratio": null,
            "account_receivable_turnover_ratio": null,
            "reinvestment_rate": null,
            "research_to_sale_ratio": null,
            "price_fair": 0,
            "eps_avg_yearly": 0,
            "eps_latest_yearly": 0,
            "eps_growth_yearly": 0
        },
        "20112": {
            "year_quarter": 20112,
            "year": 2011,
            "quarter": 2,
            "eps": null,
            "eps_growth_year": null,
            "eps_4q": null,
            "eps_4q_growth_year": null,
            "roe": null,
            "roe_4q": 0,
            "gross_profit": null,
            "gross_margin": null,
            "gross_margin_4q_avg": 0,
            "net_income": null,
            "net_income_4q": null,
            "revenue": null,
            "revenue_4q": null,
            "common_shares": null,
            "book_valuer_per_share": null,
            "book_valuer_per_share_4q_avg": 5.08,
            "equity": null,
            "current_ratio": null,
            "debt_ratio": null,
            "inventory_turnover_ratio": null,
            "account_receivable_turnover_ratio": null,
            "reinvestment_rate": null,
            "research_to_sale_ratio": null,
            "price_fair": 0,
            "eps_avg_yearly": 0,
            "eps_latest_yearly": 0,
            "eps_growth_yearly": 0
        },
        "20113": {
            "year_quarter": 20113,
            "year": 2011,
            "quarter": 3,
            "eps": null,
            "eps_growth_year": null,
            "eps_4q": null,
            "eps_4q_growth_year": null,
            "roe": null,
            "roe_4q": 0,
            "gross_profit": null,
            "gross_margin": null,
            "gross_margin_4q_avg": 0,
            "net_income": null,
            "net_income_4q": null,
            "revenue": null,
            "revenue_4q": null,
            "common_shares": null,
            "book_valuer_per_share": null,
            "book_valuer_per_share_4q_avg": 5.08,
            "equity": null,
            "current_ratio": null,
            "debt_ratio": null,
            "inventory_turnover_ratio": null,
            "account_receivable_turnover_ratio": null,
            "reinvestment_rate": null,
            "research_to_sale_ratio": null,
            "price_fair": 0,
            "eps_avg_yearly": 0,
            "eps_latest_yearly": 0,
            "eps_growth_yearly": 0
        },
        "20114": {
            "year_quarter": 20114,
            "year": 2011,
            "quarter": 4,
            "eps": null,
            "eps_growth_year": null,
            "eps_4q": null,
            "eps_4q_growth_year": null,
            "roe": null,
            "roe_4q": 0,
            "gross_profit": null,
            "gross_margin": null,
            "gross_margin_4q_avg": 0,
            "net_income": null,
            "net_income_4q": null,
            "revenue": null,
            "revenue_4q": null,
            "common_shares": 601000,
            "book_valuer_per_share": 21.68,
            "book_valuer_per_share_4q_avg": 5.42,
            "equity": 1303066,
            "current_ratio": 215.59,
            "debt_ratio": 35.12,
            "inventory_turnover_ratio": null,
            "account_receivable_turnover_ratio": null,
            "reinvestment_rate": null,
            "research_to_sale_ratio": null,
            "price_fair": 0,
            "eps_avg_yearly": 0,
            "eps_latest_yearly": 0,
            "eps_growth_yearly": 0
        },
        "20121": {
            "year_quarter": 20121,
            "year": 2012,
            "quarter": 1,
            "eps": null,
            "eps_growth_year": null,
            "eps_4q": null,
            "eps_4q_growth_year": null,
            "roe": null,
            "roe_4q": 0,
            "gross_profit": null,
            "gross_margin": null,
            "gross_margin_4q_avg": 0,
            "net_income": null,
            "net_income_4q": null,
            "revenue": null,
            "revenue_4q": null,
            "common_shares": null,
            "book_valuer_per_share": null,
            "book_valuer_per_share_4q_avg": 5.42,
            "equity": null,
            "current_ratio": null,
            "debt_ratio": null,
            "inventory_turnover_ratio": null,
            "account_receivable_turnover_ratio": null,
            "reinvestment_rate": null,
            "research_to_sale_ratio": null,
            "price_fair": 0,
            "eps_avg_yearly": 0,
            "eps_latest_yearly": 0,
            "eps_growth_yearly": 0
        },
        "20122": {
            "year_quarter": 20122,
            "year": 2012,
            "quarter": 2,
            "eps": null,
            "eps_growth_year": null,
            "eps_4q": null,
            "eps_4q_growth_year": null,
            "roe": null,
            "roe_4q": 0,
            "gross_profit": null,
            "gross_margin": null,
            "gross_margin_4q_avg": 0,
            "net_income": null,
            "net_income_4q": null,
            "revenue": null,
            "revenue_4q": null,
            "common_shares": null,
            "book_valuer_per_share": null,
            "book_valuer_per_share_4q_avg": 5.42,
            "equity": null,
            "current_ratio": null,
            "debt_ratio": null,
            "inventory_turnover_ratio": null,
            "account_receivable_turnover_ratio": null,
            "reinvestment_rate": null,
            "research_to_sale_ratio": null,
            "price_fair": 0,
            "eps_avg_yearly": 0,
            "eps_latest_yearly": 0,
            "eps_growth_yearly": 0
        },
        "20123": {
            "year_quarter": 20123,
            "year": 2012,
            "quarter": 3,
            "eps": null,
            "eps_growth_year": null,
            "eps_4q": null,
            "eps_4q_growth_year": null,
            "roe": null,
            "roe_4q": 0,
            "gross_profit": 83541,
            "gross_margin": null,
            "gross_margin_4q_avg": 0,
            "net_income": 18953,
            "net_income_4q": null,
            "revenue": 498835,
            "revenue_4q": null,
            "common_shares": 601000,
            "book_valuer_per_share": null,
            "book_valuer_per_share_4q_avg": 5.42,
            "equity": 1292216,
            "current_ratio": null,
            "debt_ratio": null,
            "inventory_turnover_ratio": null,
            "account_receivable_turnover_ratio": null,
            "reinvestment_rate": null,
            "research_to_sale_ratio": null,
            "price_fair": 0,
            "eps_avg_yearly": 0,
            "eps_latest_yearly": 0,
            "eps_growth_yearly": 0
        },
        "20124": {
            "year_quarter": 20124,
            "year": 2012,
            "quarter": 4,
            "eps": null,
            "eps_growth_year": null,
            "eps_4q": null,
            "eps_4q_growth_year": null,
            "roe": null,
            "roe_4q": 0,
            "gross_profit": 105147,
            "gross_margin": null,
            "gross_margin_4q_avg": 0,
            "net_income": 29925,
            "net_income_4q": null,
            "revenue": 536949,
            "revenue_4q": null,
            "common_shares": 601000,
            "book_valuer_per_share": 22.16,
            "book_valuer_per_share_4q_avg": 5.54,
            "equity": 1331748,
            "current_ratio": 233.22,
            "debt_ratio": 34,
            "inventory_turnover_ratio": null,
            "account_receivable_turnover_ratio": null,
            "reinvestment_rate": null,
            "research_to_sale_ratio": null,
            "price_fair": 0,
            "eps_avg_yearly": 0,
            "eps_latest_yearly": 0,
            "eps_growth_yearly": 0
        },
        "20131": {
            "year_quarter": 20131,
            "year": 2013,
            "quarter": 1,
            "eps": null,
            "eps_growth_year": null,
            "eps_4q": null,
            "eps_4q_growth_year": null,
            "roe": null,
            "roe_4q": 0,
            "gross_profit": 115654,
            "gross_margin": null,
            "gross_margin_4q_avg": 0,
            "net_income": 35892,
            "net_income_4q": null,
            "revenue": 589138,
            "revenue_4q": null,
            "common_shares": 601000,
            "book_valuer_per_share": 22.16,
            "book_valuer_per_share_4q_avg": 11.08,
            "equity": 1331950,
            "current_ratio": 222.71,
            "debt_ratio": 33.67,
            "inventory_turnover_ratio": null,
            "account_receivable_turnover_ratio": null,
            "reinvestment_rate": null,
            "research_to_sale_ratio": null,
            "price_fair": 0,
            "eps_avg_yearly": 0,
            "eps_latest_yearly": 0,
            "eps_growth_yearly": 0
        },
        "20132": {
            "year_quarter": 20132,
            "year": 2013,
            "quarter": 2,
            "eps": null,
            "eps_growth_year": null,
            "eps_4q": null,
            "eps_4q_growth_year": null,
            "roe": null,
            "roe_4q": 0,
            "gross_profit": 95965,
            "gross_margin": null,
            "gross_margin_4q_avg": 0,
            "net_income": 21112,
            "net_income_4q": null,
            "revenue": 569012,
            "revenue_4q": null,
            "common_shares": 601000,
            "book_valuer_per_share": 21.83,
            "book_valuer_per_share_4q_avg": 16.54,
            "equity": 1311915,
            "current_ratio": 186.36,
            "debt_ratio": 40.94,
            "inventory_turnover_ratio": null,
            "account_receivable_turnover_ratio": null,
            "reinvestment_rate": null,
            "research_to_sale_ratio": null,
            "price_fair": 0,
            "eps_avg_yearly": 0,
            "eps_latest_yearly": 0,
            "eps_growth_yearly": 0
        },
        "20133": {
            "year_quarter": 20133,
            "year": 2013,
            "quarter": 3,
            "eps": 0.27,
            "eps_growth_year": null,
            "eps_4q": 0.27,
            "eps_4q_growth_year": null,
            "roe": 1.24,
            "roe_4q": 1.24,
            "gross_profit": 101223,
            "gross_margin": 16.89,
            "gross_margin_4q_avg": 4.22,
            "net_income": 16296,
            "net_income_4q": null,
            "revenue": 599162,
            "revenue_4q": null,
            "common_shares": 601000,
            "book_valuer_per_share": 21.78,
            "book_valuer_per_share_4q_avg": 21.98,
            "equity": 1308986,
            "current_ratio": 209.62,
            "debt_ratio": 41.14,
            "inventory_turnover_ratio": 1.13,
            "account_receivable_turnover_ratio": 2.02,
            "reinvestment_rate": null,
            "research_to_sale_ratio": 1.06,
            "price_fair": 0,
            "eps_avg_yearly": 0,
            "eps_latest_yearly": 0,
            "eps_growth_yearly": 0
        },
        "20134": {
            "year_quarter": 20134,
            "year": 2013,
            "quarter": 4,
            "eps": 0.5,
            "eps_growth_year": null,
            "eps_4q": 0.74,
            "eps_4q_growth_year": null,
            "roe": 2.35,
            "roe_4q": 3.59,
            "gross_profit": 131252,
            "gross_margin": 20.4,
            "gross_margin_4q_avg": 9.32,
            "net_income": 33525,
            "net_income_4q": null,
            "revenue": 643547,
            "revenue_4q": null,
            "common_shares": 676140,
            "book_valuer_per_share": 22.76,
            "book_valuer_per_share_4q_avg": 22.13,
            "equity": 1538693,
            "current_ratio": 242.61,
            "debt_ratio": 33.95,
            "inventory_turnover_ratio": 1.17,
            "account_receivable_turnover_ratio": 1.06,
            "reinvestment_rate": null,
            "research_to_sale_ratio": 0.92,
            "price_fair": 70,
            "eps_avg_yearly": 2,
            "eps_latest_yearly": 2,
            "eps_growth_yearly": 340.74
        },
        "20141": {
            "year_quarter": 20141,
            "year": 2014,
            "quarter": 1,
            "eps": 0.7,
            "eps_growth_year": null,
            "eps_4q": 1.44,
            "eps_4q_growth_year": null,
            "roe": 3.04,
            "roe_4q": 6.630000000000001,
            "gross_profit": 129818,
            "gross_margin": 20.64,
            "gross_margin_4q_avg": 14.48,
            "net_income": 47460,
            "net_income_4q": null,
            "revenue": 629072,
            "revenue_4q": null,
            "common_shares": 676140,
            "book_valuer_per_share": 23.45,
            "book_valuer_per_share_4q_avg": 22.46,
            "equity": 1585719,
            "current_ratio": 291.13,
            "debt_ratio": 33.78,
            "inventory_turnover_ratio": 1.09,
            "account_receivable_turnover_ratio": 1.01,
            "reinvestment_rate": null,
            "research_to_sale_ratio": 0.85,
            "price_fair": 84,
            "eps_avg_yearly": 2.4,
            "eps_latest_yearly": 2.8,
            "eps_growth_yearly": 250.37
        },
        "20142": {
            "year_quarter": 20142,
            "year": 2014,
            "quarter": 2,
            "eps": 0.99,
            "eps_growth_year": null,
            "eps_4q": 2.31,
            "eps_4q_growth_year": null,
            "roe": 4.22,
            "roe_4q": 10.85,
            "gross_profit": 145202,
            "gross_margin": 20.86,
            "gross_margin_4q_avg": 19.7,
            "net_income": 66865,
            "net_income_4q": null,
            "revenue": 696019,
            "revenue_4q": null,
            "common_shares": 676140,
            "book_valuer_per_share": 23.46,
            "book_valuer_per_share_4q_avg": 22.86,
            "equity": 1586316,
            "current_ratio": 272.32,
            "debt_ratio": 36.63,
            "inventory_turnover_ratio": 1.14,
            "account_receivable_turnover_ratio": 1.06,
            "reinvestment_rate": null,
            "research_to_sale_ratio": 0.82,
            "price_fair": 102.2,
            "eps_avg_yearly": 2.92,
            "eps_latest_yearly": 3.96,
            "eps_growth_yearly": 222.15
        },
        "20143": {
            "year_quarter": 20143,
            "year": 2014,
            "quarter": 3,
            "eps": 0.82,
            "eps_growth_year": 203.7,
            "eps_4q": 2.9,
            "eps_4q_growth_year": 970.25,
            "roe": 3.56,
            "roe_4q": 13.17,
            "gross_profit": 133811,
            "gross_margin": 21.31,
            "gross_margin_4q_avg": 20.8,
            "net_income": 58174,
            "net_income_4q": null,
            "revenue": 627904,
            "revenue_4q": null,
            "common_shares": 709947,
            "book_valuer_per_share": 23.75,
            "book_valuer_per_share_4q_avg": 23.36,
            "equity": 1686296,
            "current_ratio": 301.31,
            "debt_ratio": 34.76,
            "inventory_turnover_ratio": 0.98,
            "account_receivable_turnover_ratio": 0.94,
            "reinvestment_rate": null,
            "research_to_sale_ratio": 0.84,
            "price_fair": 105.35,
            "eps_avg_yearly": 3.01,
            "eps_latest_yearly": 3.28,
            "eps_growth_yearly": 149.44
        },
        "20144": {
            "year_quarter": 20144,
            "year": 2014,
            "quarter": 4,
            "eps": 0.82,
            "eps_growth_year": 64.97,
            "eps_4q": 3.25,
            "eps_4q_growth_year": 340.76,
            "roe": 3.34,
            "roe_4q": 14.16,
            "gross_profit": 144865,
            "gross_margin": 21.28,
            "gross_margin_4q_avg": 21.02,
            "net_income": 58070,
            "net_income_4q": null,
            "revenue": 680766,
            "revenue_4q": null,
            "common_shares": 709947,
            "book_valuer_per_share": 25.25,
            "book_valuer_per_share_4q_avg": 23.98,
            "equity": 1792930,
            "current_ratio": 279.13,
            "debt_ratio": 36.15,
            "inventory_turnover_ratio": 0.99,
            "account_receivable_turnover_ratio": 1.01,
            "reinvestment_rate": null,
            "research_to_sale_ratio": 0.89,
            "price_fair": 107.24,
            "eps_avg_yearly": 3.06,
            "eps_latest_yearly": 3.28,
            "eps_growth_yearly": 119.55
        },
        "20151": {
            "year_quarter": 20151,
            "year": 2015,
            "quarter": 1,
            "eps": 0.82,
            "eps_growth_year": 17.14,
            "eps_4q": 2.78,
            "eps_4q_growth_year": 93.42,
            "roe": 3.08,
            "roe_4q": 14.2,
            "gross_profit": 134301,
            "gross_margin": 20.64,
            "gross_margin_4q_avg": 21.02,
            "net_income": 58296,
            "net_income_4q": null,
            "revenue": 650772,
            "revenue_4q": null,
            "common_shares": 709947,
            "book_valuer_per_share": 26.69,
            "book_valuer_per_share_4q_avg": 24.79,
            "equity": 1988288,
            "current_ratio": 242.32,
            "debt_ratio": 32.22,
            "inventory_turnover_ratio": 0.98,
            "account_receivable_turnover_ratio": 0.96,
            "reinvestment_rate": null,
            "research_to_sale_ratio": 0.87,
            "price_fair": 108.5,
            "eps_avg_yearly": 3.1,
            "eps_latest_yearly": 3.28,
            "eps_growth_yearly": 99.63
        },
        "20152": {
            "year_quarter": 20152,
            "year": 2015,
            "quarter": 2,
            "eps": 0.88,
            "eps_growth_year": -11.11,
            "eps_4q": 3.22,
            "eps_4q_growth_year": 39.19,
            "roe": 3.35,
            "roe_4q": 13.33,
            "gross_profit": 145910,
            "gross_margin": 22.52,
            "gross_margin_4q_avg": 21.44,
            "net_income": 65198,
            "net_income_4q": null,
            "revenue": 647847,
            "revenue_4q": null,
            "common_shares": 744947,
            "book_valuer_per_share": 25.51,
            "book_valuer_per_share_4q_avg": 25.3,
            "equity": 1900065,
            "current_ratio": 372.6,
            "debt_ratio": 34.51,
            "inventory_turnover_ratio": 1.02,
            "account_receivable_turnover_ratio": 0.97,
            "reinvestment_rate": null,
            "research_to_sale_ratio": 0.81,
            "price_fair": 110.6,
            "eps_avg_yearly": 3.16,
            "eps_latest_yearly": 3.52,
            "eps_growth_yearly": 89.58
        },
        "20153": {
            "year_quarter": 20153,
            "year": 2015,
            "quarter": 3,
            "eps": 0.89,
            "eps_growth_year": 8.54,
            "eps_4q": 3.33,
            "eps_4q_growth_year": 14.66,
            "roe": 3.37,
            "roe_4q": 13.14,
            "gross_profit": 123992,
            "gross_margin": 21.35,
            "gross_margin_4q_avg": 21.45,
            "net_income": 66317,
            "net_income_4q": null,
            "revenue": 580666,
            "revenue_4q": null,
            "common_shares": 744947,
            "book_valuer_per_share": 27.32,
            "book_valuer_per_share_4q_avg": 26.19,
            "equity": 2035355,
            "current_ratio": 426.95,
            "debt_ratio": 32.15,
            "inventory_turnover_ratio": 0.97,
            "account_receivable_turnover_ratio": 0.87,
            "reinvestment_rate": null,
            "research_to_sale_ratio": 1.02,
            "price_fair": 112.35,
            "eps_avg_yearly": 3.21,
            "eps_latest_yearly": 3.56,
            "eps_growth_yearly": 78.95
        },
        "20154": {
            "year_quarter": 20154,
            "year": 2015,
            "quarter": 4,
            "eps": 0.76,
            "eps_growth_year": -6.96,
            "eps_4q": 3.31,
            "eps_4q_growth_year": 1.89,
            "roe": 2.77,
            "roe_4q": 12.57,
            "gross_profit": 141437,
            "gross_margin": 23.76,
            "gross_margin_4q_avg": 22.07,
            "net_income": 56694,
            "net_income_4q": null,
            "revenue": 595342,
            "revenue_4q": null,
            "common_shares": 744947,
            "book_valuer_per_share": 27.66,
            "book_valuer_per_share_4q_avg": 26.8,
            "equity": 2060270,
            "current_ratio": 484.8,
            "debt_ratio": 29.67,
            "inventory_turnover_ratio": 1.01,
            "account_receivable_turnover_ratio": 0.94,
            "reinvestment_rate": null,
            "research_to_sale_ratio": 0.92,
            "price_fair": 111.69,
            "eps_avg_yearly": 3.19,
            "eps_latest_yearly": 3.04,
            "eps_growth_yearly": 63.68
        },
        "20161": {
            "year_quarter": 20161,
            "year": 2016,
            "quarter": 1,
            "eps": 0.88,
            "eps_growth_year": 7.32,
            "eps_4q": 3.41,
            "eps_4q_growth_year": 22.39,
            "roe": 3.15,
            "roe_4q": 12.639999999999999,
            "gross_profit": 155248,
            "gross_margin": 25.14,
            "gross_margin_4q_avg": 23.19,
            "net_income": 65530,
            "net_income_4q": null,
            "revenue": 617421,
            "revenue_4q": null,
            "common_shares": 744947,
            "book_valuer_per_share": 28.15,
            "book_valuer_per_share_4q_avg": 27.16,
            "equity": 2096978,
            "current_ratio": 452.87,
            "debt_ratio": 30.44,
            "inventory_turnover_ratio": 1.07,
            "account_receivable_turnover_ratio": 1.02,
            "reinvestment_rate": null,
            "research_to_sale_ratio": 1.03,
            "price_fair": 112.84,
            "eps_avg_yearly": 3.22,
            "eps_latest_yearly": 3.52,
            "eps_growth_yearly": 63.63
        },
        "20162": {
            "year_quarter": 20162,
            "year": 2016,
            "quarter": 2,
            "eps": 1.13,
            "eps_growth_year": 28.41,
            "eps_4q": 3.66,
            "eps_4q_growth_year": 13.84,
            "roe": 4.15,
            "roe_4q": 13.440000000000001,
            "gross_profit": 170507,
            "gross_margin": 25.67,
            "gross_margin_4q_avg": 23.98,
            "net_income": 84386,
            "net_income_4q": null,
            "revenue": 664226,
            "revenue_4q": null,
            "common_shares": 744947,
            "book_valuer_per_share": 26.44,
            "book_valuer_per_share_4q_avg": 27.39,
            "equity": 1969986,
            "current_ratio": 325.36,
            "debt_ratio": 36.66,
            "inventory_turnover_ratio": 1.15,
            "account_receivable_turnover_ratio": 1.08,
            "reinvestment_rate": 81.61,
            "research_to_sale_ratio": 0.99,
            "price_fair": 116.96,
            "eps_avg_yearly": 3.34,
            "eps_latest_yearly": 4.52,
            "eps_growth_yearly": 68.18
        },
        "20163": {
            "year_quarter": 20163,
            "year": 2016,
            "quarter": 3,
            "eps": 1.07,
            "eps_growth_year": 20.22,
            "eps_4q": 3.84,
            "eps_4q_growth_year": 15.54,
            "roe": 4.04,
            "roe_4q": 14.110000000000001,
            "gross_profit": 167761,
            "gross_margin": 26.24,
            "gross_margin_4q_avg": 25.2,
            "net_income": 79801,
            "net_income_4q": null,
            "revenue": 639234,
            "revenue_4q": null,
            "common_shares": 744947,
            "book_valuer_per_share": 26.62,
            "book_valuer_per_share_4q_avg": 27.22,
            "equity": 1982990,
            "current_ratio": 450.17,
            "debt_ratio": 31.03,
            "inventory_turnover_ratio": 1.14,
            "account_receivable_turnover_ratio": 1.01,
            "reinvestment_rate": 20.59,
            "research_to_sale_ratio": 1,
            "price_fair": 119.7,
            "eps_avg_yearly": 3.42,
            "eps_latest_yearly": 4.28,
            "eps_growth_yearly": 60.73
        },
        "20164": {
            "year_quarter": 20164,
            "year": 2016,
            "quarter": 4,
            "eps": 1.19,
            "eps_growth_year": 56.43,
            "eps_4q": 4.27,
            "eps_4q_growth_year": 29.17,
            "roe": 4.4,
            "roe_4q": 15.740000000000002,
            "gross_profit": 188662,
            "gross_margin": 27.51,
            "gross_margin_4q_avg": 26.14,
            "net_income": 88689,
            "net_income_4q": null,
            "revenue": 685701,
            "revenue_4q": null,
            "common_shares": 744947,
            "book_valuer_per_share": 27.44,
            "book_valuer_per_share_4q_avg": 27.16,
            "equity": 2044031,
            "current_ratio": 408.74,
            "debt_ratio": 32.51,
            "inventory_turnover_ratio": 1.2,
            "account_receivable_turnover_ratio": 1.03,
            "reinvestment_rate": 16.89,
            "research_to_sale_ratio": 1.17,
            "price_fair": 123.31,
            "eps_avg_yearly": 3.52,
            "eps_latest_yearly": 4.76,
            "eps_growth_yearly": 59.51
        },
        "20171": {
            "year_quarter": 20171,
            "year": 2017,
            "quarter": 1,
            "eps": 1.16,
            "eps_growth_year": 31.82,
            "eps_4q": 4.55,
            "eps_4q_growth_year": 33.71,
            "roe": 4.26,
            "roe_4q": 16.85,
            "gross_profit": 192125,
            "gross_margin": 28.29,
            "gross_margin_4q_avg": 26.93,
            "net_income": 86399,
            "net_income_4q": null,
            "revenue": 679120,
            "revenue_4q": null,
            "common_shares": 744947,
            "book_valuer_per_share": 26.99,
            "book_valuer_per_share_4q_avg": 26.87,
            "equity": 2010777,
            "current_ratio": 419.42,
            "debt_ratio": 32.49,
            "inventory_turnover_ratio": 1.06,
            "account_receivable_turnover_ratio": 1,
            "reinvestment_rate": 13.24,
            "research_to_sale_ratio": 0.97,
            "price_fair": 126.1,
            "eps_avg_yearly": 3.6,
            "eps_latest_yearly": 4.64,
            "eps_growth_yearly": 54.53
        },
        "20172": {
            "year_quarter": 20172,
            "year": 2017,
            "quarter": 2,
            "eps": 1,
            "eps_growth_year": -11.5,
            "eps_4q": 4.02,
            "eps_4q_growth_year": 9.6,
            "roe": 3.65,
            "roe_4q": 16.35,
            "gross_profit": 172497,
            "gross_margin": 26,
            "gross_margin_4q_avg": 27.01,
            "net_income": 74226,
            "net_income_4q": null,
            "revenue": 663527,
            "revenue_4q": null,
            "common_shares": 745155,
            "book_valuer_per_share": 27.54,
            "book_valuer_per_share_4q_avg": 27.15,
            "equity": 2052425,
            "current_ratio": 254.87,
            "debt_ratio": 33.49,
            "inventory_turnover_ratio": 0.91,
            "account_receivable_turnover_ratio": 1.02,
            "reinvestment_rate": 11.16,
            "research_to_sale_ratio": 0.95,
            "price_fair": 127.03,
            "eps_avg_yearly": 3.63,
            "eps_latest_yearly": 4,
            "eps_growth_yearly": 47.22
        },
        "20173": {
            "year_quarter": 20173,
            "year": 2017,
            "quarter": 3,
            "eps": 0.68,
            "eps_growth_year": -36.45,
            "eps_4q": 3.72,
            "eps_4q_growth_year": -3.16,
            "roe": 2.67,
            "roe_4q": 14.98,
            "gross_profit": 149156,
            "gross_margin": 23.37,
            "gross_margin_4q_avg": 26.29,
            "net_income": 55861,
            "net_income_4q": null,
            "revenue": 638372,
            "revenue_4q": null,
            "common_shares": 819650,
            "book_valuer_per_share": 26.01,
            "book_valuer_per_share_4q_avg": 27,
            "equity": 2132225,
            "current_ratio": 265.09,
            "debt_ratio": 32.07,
            "inventory_turnover_ratio": 0.84,
            "account_receivable_turnover_ratio": 1.01,
            "reinvestment_rate": 14.8,
            "research_to_sale_ratio": 1.13,
            "price_fair": 125.04,
            "eps_avg_yearly": 3.57,
            "eps_latest_yearly": 2.72,
            "eps_growth_yearly": 36.27
        },
        "20174": {
            "year_quarter": 20174,
            "year": 2017,
            "quarter": 4,
            "eps": 0.7,
            "eps_growth_year": -40.91,
            "eps_4q": 3.34,
            "eps_4q_growth_year": -21.75,
            "roe": 2.66,
            "roe_4q": 13.24,
            "gross_profit": 167227,
            "gross_margin": 25.11,
            "gross_margin_4q_avg": 25.69,
            "net_income": 57666,
            "net_income_4q": null,
            "revenue": 665991,
            "revenue_4q": null,
            "common_shares": 819650,
            "book_valuer_per_share": 26.81,
            "book_valuer_per_share_4q_avg": 26.84,
            "equity": 2197393,
            "current_ratio": 268.74,
            "debt_ratio": 33.05,
            "inventory_turnover_ratio": 0.82,
            "account_receivable_turnover_ratio": 1.07,
            "reinvestment_rate": 16.65,
            "research_to_sale_ratio": 0.97,
            "price_fair": 93.13,
            "eps_avg_yearly": 3.62,
            "eps_latest_yearly": 2.8,
            "eps_growth_yearly": 15.71
        },
        "20181": {
            "year_quarter": 20181,
            "year": 2018,
            "quarter": 1,
            "eps": 0.36,
            "eps_growth_year": -68.97,
            "eps_4q": 2.65,
            "eps_4q_growth_year": -41.85,
            "roe": 1.32,
            "roe_4q": 10.3,
            "gross_profit": 123139,
            "gross_margin": 19.62,
            "gross_margin_4q_avg": 23.53,
            "net_income": 29316,
            "net_income_4q": null,
            "revenue": 627683,
            "revenue_4q": null,
            "common_shares": 819650,
            "book_valuer_per_share": 27.44,
            "book_valuer_per_share_4q_avg": 26.95,
            "equity": 2249170,
            "current_ratio": 273.84,
            "debt_ratio": 32.11,
            "inventory_turnover_ratio": 0.84,
            "account_receivable_turnover_ratio": 1.01,
            "reinvestment_rate": 21.34,
            "research_to_sale_ratio": 0.99,
            "price_fair": 10.61,
            "eps_avg_yearly": 3.54,
            "eps_latest_yearly": 1.44,
            "eps_growth_yearly": -6.43
        },
        "20182": {
            "year_quarter": 20182,
            "year": 2018,
            "quarter": 2,
            "eps": 0.58,
            "eps_growth_year": -42,
            "eps_4q": 2.32,
            "eps_4q_growth_year": -42.13,
            "roe": 2.16,
            "roe_4q": 8.81,
            "gross_profit": 126966,
            "gross_margin": 19.69,
            "gross_margin_4q_avg": 21.95,
            "net_income": 47606,
            "net_income_4q": null,
            "revenue": 644679,
            "revenue_4q": null,
            "common_shares": 819650,
            "book_valuer_per_share": 26.35,
            "book_valuer_per_share_4q_avg": 26.65,
            "equity": 2159565,
            "current_ratio": 347.92,
            "debt_ratio": 33.71,
            "inventory_turnover_ratio": 0.94,
            "account_receivable_turnover_ratio": 1.01,
            "reinvestment_rate": 22.41,
            "research_to_sale_ratio": 0.93,
            "price_fair": 10.31,
            "eps_avg_yearly": 3.44,
            "eps_latest_yearly": 2.32,
            "eps_growth_yearly": -1.51
        },
        "20183": {
            "year_quarter": 20183,
            "year": 2018,
            "quarter": 3,
            "eps": 0.67,
            "eps_growth_year": -1.47,
            "eps_4q": 2.31,
            "eps_4q_growth_year": -37.84,
            "roe": 2.57,
            "roe_4q": 8.71,
            "gross_profit": 147469,
            "gross_margin": 22.01,
            "gross_margin_4q_avg": 21.61,
            "net_income": 55094,
            "net_income_4q": null,
            "revenue": 670075,
            "revenue_4q": null,
            "common_shares": 819650,
            "book_valuer_per_share": 25.92,
            "book_valuer_per_share_4q_avg": 26.63,
            "equity": 2124646,
            "current_ratio": 460.34,
            "debt_ratio": 34.47,
            "inventory_turnover_ratio": 1.01,
            "account_receivable_turnover_ratio": 1.02,
            "reinvestment_rate": 18.95,
            "research_to_sale_ratio": 0.91,
            "price_fair": 56.6,
            "eps_avg_yearly": 3.4,
            "eps_latest_yearly": 2.68,
            "eps_growth_yearly": 6.66
        },
        "20184": {
            "year_quarter": 20184,
            "year": 2018,
            "quarter": 4,
            "eps": 0.93,
            "eps_growth_year": 32.57,
            "eps_4q": 2.54,
            "eps_4q_growth_year": -23.96,
            "roe": 3.51,
            "roe_4q": 9.56,
            "gross_profit": 163481,
            "gross_margin": 23.82,
            "gross_margin_4q_avg": 21.29,
            "net_income": 76447,
            "net_income_4q": null,
            "revenue": 686341,
            "revenue_4q": null,
            "common_shares": 819650,
            "book_valuer_per_share": 27.18,
            "book_valuer_per_share_4q_avg": 26.72,
            "equity": 2227604,
            "current_ratio": 423.9,
            "debt_ratio": 34.17,
            "inventory_turnover_ratio": 0.97,
            "account_receivable_turnover_ratio": 1.04,
            "reinvestment_rate": 15.86,
            "research_to_sale_ratio": 1.07,
            "price_fair": 90.28,
            "eps_avg_yearly": 3.43,
            "eps_latest_yearly": 3.72,
            "eps_growth_yearly": 16.36
        },
        "20191": {
            "year_quarter": 20191,
            "year": 2019,
            "quarter": 1,
            "eps": 0.67,
            "eps_growth_year": 86.11,
            "eps_4q": 2.85,
            "eps_4q_growth_year": 7.73,
            "roe": 2.39,
            "roe_4q": 10.63,
            "gross_profit": 144351,
            "gross_margin": 21.44,
            "gross_margin_4q_avg": 21.74,
            "net_income": 54694,
            "net_income_4q": null,
            "revenue": 673385,
            "revenue_4q": null,
            "common_shares": 819650,
            "book_valuer_per_share": 28.63,
            "book_valuer_per_share_4q_avg": 27.02,
            "equity": 2347032,
            "current_ratio": 479.9,
            "debt_ratio": 31.81,
            "inventory_turnover_ratio": 0.93,
            "account_receivable_turnover_ratio": 1.04,
            "reinvestment_rate": 18.36,
            "research_to_sale_ratio": 1.04,
            "price_fair": 65.62,
            "eps_avg_yearly": 3.39,
            "eps_latest_yearly": 2.68,
            "eps_growth_yearly": 9.37
        },
        "20192": {
            "year_quarter": 20192,
            "year": 2019,
            "quarter": 2,
            "eps": 0.61,
            "eps_growth_year": 5.17,
            "eps_4q": 2.74,
            "eps_4q_growth_year": 18.01,
            "roe": 2.15,
            "roe_4q": 10.620000000000001,
            "gross_profit": 146828,
            "gross_margin": 22.16,
            "gross_margin_4q_avg": 22.36,
            "net_income": 49749,
            "net_income_4q": null,
            "revenue": 662636,
            "revenue_4q": null,
            "common_shares": 819650,
            "book_valuer_per_share": 27.9,
            "book_valuer_per_share_4q_avg": 27.41,
            "equity": 2286416,
            "current_ratio": 298.42,
            "debt_ratio": 35.97,
            "inventory_turnover_ratio": 0.88,
            "account_receivable_turnover_ratio": 1,
            "reinvestment_rate": 31.88,
            "research_to_sale_ratio": 1.16,
            "price_fair": 50.81,
            "eps_avg_yearly": 3.32,
            "eps_latest_yearly": 2.44,
            "eps_growth_yearly": 5.3
        },
        "20193": {
            "year_quarter": 20193,
            "year": 2019,
            "quarter": 3,
            "eps": 0.78,
            "eps_growth_year": 16.42,
            "eps_4q": 2.88,
            "eps_4q_growth_year": 24.59,
            "roe": 2.96,
            "roe_4q": 11.01,
            "gross_profit": 153571,
            "gross_margin": 21.99,
            "gross_margin_4q_avg": 22.35,
            "net_income": 67255,
            "net_income_4q": null,
            "revenue": 698324,
            "revenue_4q": null,
            "common_shares": 860632,
            "book_valuer_per_share": 26.27,
            "book_valuer_per_share_4q_avg": 27.5,
            "equity": 2260720,
            "current_ratio": 321.72,
            "debt_ratio": 35.54,
            "inventory_turnover_ratio": 0.96,
            "account_receivable_turnover_ratio": 1.03,
            "reinvestment_rate": 37.27,
            "research_to_sale_ratio": 1.03,
            "price_fair": 72.39,
            "eps_avg_yearly": 3.29,
            "eps_latest_yearly": 3.12,
            "eps_growth_yearly": 11.99
        },
        "20194": {
            "year_quarter": 20194,
            "year": 2019,
            "quarter": 4,
            "eps": 0.82,
            "eps_growth_year": -12.53,
            "eps_4q": 2.81,
            "eps_4q_growth_year": 10.52,
            "roe": 3.08,
            "roe_4q": 10.58,
            "gross_profit": 170308,
            "gross_margin": 24.95,
            "gross_margin_4q_avg": 22.64,
            "net_income": 70212,
            "net_income_4q": null,
            "revenue": 682544,
            "revenue_4q": null,
            "common_shares": 860632,
            "book_valuer_per_share": 26.73,
            "book_valuer_per_share_4q_avg": 27.38,
            "equity": 2300695,
            "current_ratio": 203.02,
            "debt_ratio": 44.52,
            "inventory_turnover_ratio": 0.89,
            "account_receivable_turnover_ratio": 1.05,
            "reinvestment_rate": 51.3,
            "research_to_sale_ratio": 1.1,
            "price_fair": 89.04,
            "eps_avg_yearly": 3.31,
            "eps_latest_yearly": 3.28,
            "eps_growth_yearly": 16.92
        },
        "20201": {
            "year_quarter": 20201,
            "year": 2020,
            "quarter": 1,
            "eps": 0.46,
            "eps_growth_year": -31.34,
            "eps_4q": 2.64,
            "eps_4q_growth_year": -7.56,
            "roe": 1.74,
            "roe_4q": 9.93,
            "gross_profit": 121143,
            "gross_margin": 22.82,
            "gross_margin_4q_avg": 22.98,
            "net_income": 39761,
            "net_income_4q": null,
            "revenue": 530954,
            "revenue_4q": null,
            "common_shares": 860632,
            "book_valuer_per_share": 26.34,
            "book_valuer_per_share_4q_avg": 26.81,
            "equity": 2267154,
            "current_ratio": 206.45,
            "debt_ratio": 42.93,
            "inventory_turnover_ratio": 0.66,
            "account_receivable_turnover_ratio": 0.93,
            "reinvestment_rate": 54.76,
            "research_to_sale_ratio": 1.17,
            "price_fair": 38.42,
            "eps_avg_yearly": 3.2,
            "eps_latest_yearly": 1.84,
            "eps_growth_yearly": 2
        },
        "20202": {
            "year_quarter": 20202,
            "year": 2020,
            "quarter": 2,
            "eps": 4.23,
            "eps_growth_year": 593.44,
            "eps_4q": 5.99,
            "eps_4q_growth_year": 118.54,
            "roe": 15.49,
            "roe_4q": 23.270000000000003,
            "gross_profit": 103205,
            "gross_margin": 20.72,
            "gross_margin_4q_avg": 22.62,
            "net_income": 364279,
            "net_income_4q": null,
            "revenue": 498191,
            "revenue_4q": null,
            "common_shares": 860632,
            "book_valuer_per_share": 28.31,
            "book_valuer_per_share_4q_avg": 26.91,
            "equity": 2436674,
            "current_ratio": 337.45,
            "debt_ratio": 36.18,
            "inventory_turnover_ratio": 0.68,
            "account_receivable_turnover_ratio": 0.99,
            "reinvestment_rate": 50.06,
            "research_to_sale_ratio": 1.18,
            "price_fair": 139.21,
            "eps_avg_yearly": 3.98,
            "eps_latest_yearly": 16.92,
            "eps_growth_yearly": 199.79
        },
        "20203": {
            "year_quarter": 20203,
            "year": 2020,
            "quarter": 3,
            "eps": 0.86,
            "eps_growth_year": 10.26,
            "eps_4q": 6.11,
            "eps_4q_growth_year": 111.9,
            "roe": 3.13,
            "roe_4q": 23.439999999999998,
            "gross_profit": 176742,
            "gross_margin": 23.94,
            "gross_margin_4q_avg": 23.11,
            "net_income": 77853,
            "net_income_4q": null,
            "revenue": 738282,
            "revenue_4q": null,
            "common_shares": 903664,
            "book_valuer_per_share": 28.16,
            "book_valuer_per_share_4q_avg": 27.39,
            "equity": 2544984,
            "current_ratio": 345.38,
            "debt_ratio": 39.1,
            "inventory_turnover_ratio": 1.01,
            "account_receivable_turnover_ratio": 1.25,
            "reinvestment_rate": 64.35,
            "research_to_sale_ratio": 0.9,
            "price_fair": 137.38,
            "eps_avg_yearly": 3.93,
            "eps_latest_yearly": 3.44,
            "eps_growth_yearly": 181.2
        },
        "20204": {
            "year_quarter": 20204,
            "year": 2020,
            "quarter": 4,
            "eps": 1.25,
            "eps_growth_year": 53.1,
            "eps_4q": 6.58,
            "eps_4q_growth_year": 134.15,
            "roe": 4.29,
            "roe_4q": 24.65,
            "gross_profit": 225545,
            "gross_margin": 27.02,
            "gross_margin_4q_avg": 23.63,
            "net_income": 112866,
            "net_income_4q": null,
            "revenue": 834830,
            "revenue_4q": null,
            "common_shares": 903664,
            "book_valuer_per_share": 30.09,
            "book_valuer_per_share_4q_avg": 28.23,
            "equity": 2719423,
            "current_ratio": 302.24,
            "debt_ratio": 42.45,
            "inventory_turnover_ratio": 0.99,
            "account_receivable_turnover_ratio": 1.13,
            "reinvestment_rate": 76.51,
            "research_to_sale_ratio": 0.89,
            "price_fair": 137.9,
            "eps_avg_yearly": 3.94,
            "eps_latest_yearly": 5,
            "eps_growth_yearly": 189.73
        },
        "20211": {
            "year_quarter": 20211,
            "year": 2021,
            "quarter": 1,
            "eps": 1.13,
            "eps_growth_year": 145.65,
            "eps_4q": 7.27,
            "eps_4q_growth_year": 175.56,
            "roe": 3.68,
            "roe_4q": 26.590000000000003,
            "gross_profit": 224488,
            "gross_margin": 25.85,
            "gross_margin_4q_avg": 24.38,
            "net_income": 101735,
            "net_income_4q": null,
            "revenue": 868372,
            "revenue_4q": null,
            "common_shares": 903664,
            "book_valuer_per_share": 31.11,
            "book_valuer_per_share_4q_avg": 29.42,
            "equity": 2810905,
            "current_ratio": 291.56,
            "debt_ratio": 43.5,
            "inventory_turnover_ratio": 0.88,
            "account_receivable_turnover_ratio": 1.07,
            "reinvestment_rate": 86.45,
            "research_to_sale_ratio": 0.96,
            "price_fair": 137.64,
            "eps_avg_yearly": 3.93,
            "eps_latest_yearly": 4.52,
            "eps_growth_yearly": 187.96
        },
        "20212": {
            "year_quarter": 20212,
            "year": 2021,
            "quarter": 2,
            "eps": 1.21,
            "eps_growth_year": -71.39,
            "eps_4q": 4.44,
            "eps_4q_growth_year": -25.84,
            "roe": 3.83,
            "roe_4q": 14.93,
            "gross_profit": 221163,
            "gross_margin": 25.73,
            "gross_margin_4q_avg": 25.64,
            "net_income": 109104,
            "net_income_4q": null,
            "revenue": 859541,
            "revenue_4q": null,
            "common_shares": 903664,
            "book_valuer_per_share": 31.88,
            "book_valuer_per_share_4q_avg": 30.31,
            "equity": 2880574,
            "current_ratio": 286.83,
            "debt_ratio": 43.22,
            "inventory_turnover_ratio": 0.77,
            "account_receivable_turnover_ratio": 1.05,
            "reinvestment_rate": 87.3,
            "research_to_sale_ratio": 1.04,
            "price_fair": 139.48,
            "eps_avg_yearly": 3.99,
            "eps_latest_yearly": 4.84,
            "eps_growth_yearly": 193.18
        },
        "20213": {
            "year_quarter": 20213,
            "year": 2021,
            "quarter": 3,
            "eps": 0.93,
            "eps_growth_year": 8.14,
            "eps_4q": 4.19,
            "eps_4q_growth_year": -31.44,
            "roe": 3.24,
            "roe_4q": 15.04,
            "gross_profit": 205168,
            "gross_margin": 24.76,
            "gross_margin_4q_avg": 25.84,
            "net_income": 92698,
            "net_income_4q": null,
            "revenue": 828687,
            "revenue_4q": null,
            "common_shares": 994030,
            "book_valuer_per_share": 28.6,
            "book_valuer_per_share_4q_avg": 30.42,
            "equity": 2842698,
            "current_ratio": 335.59,
            "debt_ratio": 43.17,
            "inventory_turnover_ratio": 0.72,
            "account_receivable_turnover_ratio": 1.03,
            "reinvestment_rate": 87.96,
            "research_to_sale_ratio": 0.88,
            "price_fair": 141.66,
            "eps_avg_yearly": 4.05,
            "eps_latest_yearly": 3.72,
            "eps_growth_yearly": 195.39
        },
        "20214": {
            "year_quarter": 20214,
            "year": 2021,
            "quarter": 4,
            "eps": 0.96,
            "eps_growth_year": -22.87,
            "eps_4q": 4.02,
            "eps_4q_growth_year": -38.97,
            "roe": 3.3,
            "roe_4q": 14.05,
            "gross_profit": 195184,
            "gross_margin": 23.21,
            "gross_margin_4q_avg": 24.89,
            "net_income": 95757,
            "net_income_4q": null,
            "revenue": 840956,
            "revenue_4q": null,
            "common_shares": 994030,
            "book_valuer_per_share": 29.76,
            "book_valuer_per_share_4q_avg": 30.34,
            "equity": 2958526,
            "current_ratio": 308.1,
            "debt_ratio": 42.74,
            "inventory_turnover_ratio": 0.8,
            "account_receivable_turnover_ratio": 1.08,
            "reinvestment_rate": 100.63,
            "research_to_sale_ratio": 0.87,
            "price_fair": 143.94,
            "eps_avg_yearly": 4.11,
            "eps_latest_yearly": 3.84,
            "eps_growth_yearly": 195.46
        },
        "20221": {
            "year_quarter": 20221,
            "year": 2022,
            "quarter": 1,
            "eps": 0.49,
            "eps_growth_year": -56.64,
            "eps_4q": 3.48,
            "eps_4q_growth_year": -52.07,
            "roe": 1.6,
            "roe_4q": 11.97,
            "gross_profit": 179225,
            "gross_margin": 22.56,
            "gross_margin_4q_avg": 24.07,
            "net_income": 48720,
            "net_income_4q": null,
            "revenue": 794539,
            "revenue_4q": null,
            "common_shares": 994030,
            "book_valuer_per_share": 31.53,
            "book_valuer_per_share_4q_avg": 30.44,
            "equity": 3133944,
            "current_ratio": 304.88,
            "debt_ratio": 40.69,
            "inventory_turnover_ratio": 0.79,
            "account_receivable_turnover_ratio": 1.06,
            "reinvestment_rate": 100.97,
            "research_to_sale_ratio": 0.86,
            "price_fair": 145.08,
            "eps_avg_yearly": 4.15,
            "eps_latest_yearly": 1.96,
            "eps_growth_yearly": 195.37
        },
        "20222": {
            "year_quarter": 20222,
            "year": 2022,
            "quarter": 2,
            "eps": 0.62,
            "eps_growth_year": -48.76,
            "eps_4q": 3,
            "eps_4q_growth_year": -32.39,
            "roe": 2.02,
            "roe_4q": 10.16,
            "gross_profit": 176715,
            "gross_margin": 22.23,
            "gross_margin_4q_avg": 23.19,
            "net_income": 61470,
            "net_income_4q": null,
            "revenue": 795043,
            "revenue_4q": null,
            "common_shares": 994030,
            "book_valuer_per_share": 29.63,
            "book_valuer_per_share_4q_avg": 29.88,
            "equity": 2945536,
            "current_ratio": 247.92,
            "debt_ratio": 42.67,
            "inventory_turnover_ratio": 0.8,
            "account_receivable_turnover_ratio": 1.09,
            "reinvestment_rate": 101.01,
            "research_to_sale_ratio": 0.72,
            "price_fair": 145.43,
            "eps_avg_yearly": 4.16,
            "eps_latest_yearly": 2.48,
            "eps_growth_yearly": 186.72
        },
        "20223": {
            "year_quarter": 20223,
            "year": 2022,
            "quarter": 3,
            "eps": 0.54,
            "eps_growth_year": -41.94,
            "eps_4q": 2.61,
            "eps_4q_growth_year": -37.62,
            "roe": 1.79,
            "roe_4q": 8.71,
            "gross_profit": 158558,
            "gross_margin": 20.57,
            "gross_margin_4q_avg": 22.14,
            "net_income": 53805,
            "net_income_4q": null,
            "revenue": 770668,
            "revenue_4q": null,
            "common_shares": 994030,
            "book_valuer_per_share": 30.82,
            "book_valuer_per_share_4q_avg": 30.44,
            "equity": 3063509,
            "current_ratio": 308.99,
            "debt_ratio": 41.16,
            "inventory_turnover_ratio": 0.9,
            "account_receivable_turnover_ratio": 1.05,
            "reinvestment_rate": 107.91,
            "research_to_sale_ratio": 0.68,
            "price_fair": 144.29,
            "eps_avg_yearly": 4.12,
            "eps_latest_yearly": 2.16,
            "eps_growth_yearly": 179.62
        },
        "20224": {
            "year_quarter": 20224,
            "year": 2022,
            "quarter": 4,
            "eps": 0.63,
            "eps_growth_year": -34.35,
            "eps_4q": 2.28,
            "eps_4q_growth_year": -43.18,
            "roe": 2.06,
            "roe_4q": 7.470000000000001,
            "gross_profit": 150078,
            "gross_margin": 22.06,
            "gross_margin_4q_avg": 21.86,
            "net_income": 62866,
            "net_income_4q": null,
            "revenue": 680166,
            "revenue_4q": null,
            "common_shares": 994030,
            "book_valuer_per_share": 30.56,
            "book_valuer_per_share_4q_avg": 30.64,
            "equity": 3037303,
            "current_ratio": 275.44,
            "debt_ratio": 37.58,
            "inventory_turnover_ratio": 0.94,
            "account_receivable_turnover_ratio": 0.96,
            "reinvestment_rate": 102.33,
            "research_to_sale_ratio": 0.92,
            "price_fair": 141.66,
            "eps_avg_yearly": 4.05,
            "eps_latest_yearly": 2.52,
            "eps_growth_yearly": 174.08
        },
        "20231": {
            "year_quarter": 20231,
            "year": 2023,
            "quarter": 1,
            "eps": 1.21,
            "eps_growth_year": 146.94,
            "eps_4q": 3,
            "eps_4q_growth_year": -13.82,
            "roe": 3.87,
            "roe_4q": 9.74,
            "gross_profit": 125159,
            "gross_margin": 21.11,
            "gross_margin_4q_avg": 21.49,
            "net_income": 120276,
            "net_income_4q": null,
            "revenue": 592936,
            "revenue_4q": null,
            "common_shares": 994030,
            "book_valuer_per_share": 32.05,
            "book_valuer_per_share_4q_avg": 30.77,
            "equity": 3185803,
            "current_ratio": 316.32,
            "debt_ratio": 33.05,
            "inventory_turnover_ratio": 0.88,
            "account_receivable_turnover_ratio": 0.92,
            "reinvestment_rate": 84.79,
            "research_to_sale_ratio": 1.08,
            "price_fair": 146.39,
            "eps_avg_yearly": 4.18,
            "eps_latest_yearly": 4.84,
            "eps_growth_yearly": 204.09
        },
        "20232": {
            "year_quarter": 20232,
            "year": 2023,
            "quarter": 2,
            "eps": 0.06,
            "eps_growth_year": -90.32,
            "eps_4q": 2.45,
            "eps_4q_growth_year": -18.5,
            "roe": 0.21,
            "roe_4q": 7.930000000000001,
            "gross_profit": 117471,
            "gross_margin": 19.56,
            "gross_margin_4q_avg": 20.83,
            "net_income": 6441,
            "net_income_4q": null,
            "revenue": 600671,
            "revenue_4q": null,
            "common_shares": 994030,
            "book_valuer_per_share": 29.99,
            "book_valuer_per_share_4q_avg": 30.86,
            "equity": 2981233,
            "current_ratio": 284.55,
            "debt_ratio": 35.38,
            "inventory_turnover_ratio": 0.92,
            "account_receivable_turnover_ratio": 1.03,
            "reinvestment_rate": 72.9,
            "research_to_sale_ratio": 1.63,
            "price_fair": 141.58,
            "eps_avg_yearly": 4.05,
            "eps_latest_yearly": 0.24,
            "eps_growth_yearly": 182.57
        },
        "20233": {
            "year_quarter": 20233,
            "year": 2023,
            "quarter": 3,
            "eps": 0.12,
            "eps_growth_year": -77.78,
            "eps_4q": 2.02,
            "eps_4q_growth_year": -22.59,
            "roe": 0.38,
            "roe_4q": 6.52,
            "gross_profit": 137855,
            "gross_margin": 20.11,
            "gross_margin_4q_avg": 20.71,
            "net_income": 11480,
            "net_income_4q": null,
            "revenue": 685542,
            "revenue_4q": null,
            "common_shares": 994030,
            "book_valuer_per_share": 30.97,
            "book_valuer_per_share_4q_avg": 30.89,
            "equity": 3078464,
            "current_ratio": 259.63,
            "debt_ratio": 33.61,
            "inventory_turnover_ratio": 1.07,
            "account_receivable_turnover_ratio": 1.12,
            "reinvestment_rate": 76.24,
            "research_to_sale_ratio": 1.55,
            "price_fair": 135.8,
            "eps_avg_yearly": 3.88,
            "eps_latest_yearly": 0.48,
            "eps_growth_yearly": 200.6
        }
    },
    "months": {
        "2013-12": {
            "month": "2013-12",
            "price": "47.19",
            "revenue": 246179
        },
        "2014-01": {
            "month": "2014-01",
            "price": "41.49",
            "revenue": 230764
        },
        "2014-02": {
            "month": "2014-02",
            "price": "40.92",
            "revenue": 161875
        },
        "2014-03": {
            "month": "2014-03",
            "price": "45.91",
            "revenue": 236475
        },
        "2014-04": {
            "month": "2014-04",
            "price": "44.27",
            "revenue": 249584
        },
        "2014-05": {
            "month": "2014-05",
            "price": "47.87",
            "revenue": 217485
        },
        "2014-06": {
            "month": "2014-06",
            "price": "52.48",
            "revenue": 228498
        },
        "2014-07": {
            "month": "2014-07",
            "price": "59.68",
            "revenue": 200761
        },
        "2014-08": {
            "month": "2014-08",
            "price": "57.37",
            "revenue": 206777
        },
        "2014-09": {
            "month": "2014-09",
            "price": "58.49",
            "revenue": 220366
        },
        "2014-10": {
            "month": "2014-10",
            "price": "66.94",
            "revenue": 212402
        },
        "2014-11": {
            "month": "2014-11",
            "price": "63.03",
            "revenue": 231173
        },
        "2014-12": {
            "month": "2014-12",
            "price": "63.44",
            "revenue": 237191
        },
        "2015-01": {
            "month": "2015-01",
            "price": "61.95",
            "revenue": 228306
        },
        "2015-02": {
            "month": "2015-02",
            "price": "61.30",
            "revenue": 188055
        },
        "2015-03": {
            "month": "2015-03",
            "price": "57.62",
            "revenue": 234411
        },
        "2015-04": {
            "month": "2015-04",
            "price": "57.08",
            "revenue": 220389
        },
        "2015-05": {
            "month": "2015-05",
            "price": "51.79",
            "revenue": 233507
        },
        "2015-06": {
            "month": "2015-06",
            "price": "48.36",
            "revenue": 193951
        },
        "2015-07": {
            "month": "2015-07",
            "price": "44.70",
            "revenue": 194221
        },
        "2015-08": {
            "month": "2015-08",
            "price": "39.65",
            "revenue": 197941
        },
        "2015-09": {
            "month": "2015-09",
            "price": "39.63",
            "revenue": 188504
        },
        "2015-10": {
            "month": "2015-10",
            "price": "46.16",
            "revenue": 185472
        },
        "2015-11": {
            "month": "2015-11",
            "price": "43.48",
            "revenue": 212993
        },
        "2015-12": {
            "month": "2015-12",
            "price": "41.52",
            "revenue": 196877
        },
        "2016-01": {
            "month": "2016-01",
            "price": "38.43",
            "revenue": 221063
        },
        "2016-02": {
            "month": "2016-02",
            "price": "41.85",
            "revenue": 169103
        },
        "2016-03": {
            "month": "2016-03",
            "price": "45.49",
            "revenue": 227255
        },
        "2016-04": {
            "month": "2016-04",
            "price": "49.90",
            "revenue": 231626
        },
        "2016-05": {
            "month": "2016-05",
            "price": "47.99",
            "revenue": 211150
        },
        "2016-06": {
            "month": "2016-06",
            "price": "48.37",
            "revenue": 221450
        },
        "2016-07": {
            "month": "2016-07",
            "price": "47.33",
            "revenue": 202187
        },
        "2016-08": {
            "month": "2016-08",
            "price": "53.93",
            "revenue": 220736
        },
        "2016-09": {
            "month": "2016-09",
            "price": "62.29",
            "revenue": 216311
        },
        "2016-10": {
            "month": "2016-10",
            "price": "60.12",
            "revenue": 208906
        },
        "2016-11": {
            "month": "2016-11",
            "price": "53.67",
            "revenue": 234920
        },
        "2016-12": {
            "month": "2016-12",
            "price": "53.74",
            "revenue": 241875
        },
        "2017-01": {
            "month": "2017-01",
            "price": "55.66",
            "revenue": 250374
        },
        "2017-02": {
            "month": "2017-02",
            "price": "56.99",
            "revenue": 183004
        },
        "2017-03": {
            "month": "2017-03",
            "price": "56.24",
            "revenue": 245742
        },
        "2017-04": {
            "month": "2017-04",
            "price": "55.09",
            "revenue": 225050
        },
        "2017-05": {
            "month": "2017-05",
            "price": "61.60",
            "revenue": 244257
        },
        "2017-06": {
            "month": "2017-06",
            "price": "62.57",
            "revenue": 194220
        },
        "2017-07": {
            "month": "2017-07",
            "price": "58.25",
            "revenue": 208299
        },
        "2017-08": {
            "month": "2017-08",
            "price": "57.43",
            "revenue": 223327
        },
        "2017-09": {
            "month": "2017-09",
            "price": "53.05",
            "revenue": 206746
        },
        "2017-10": {
            "month": "2017-10",
            "price": "50.31",
            "revenue": 202982
        },
        "2017-11": {
            "month": "2017-11",
            "price": "46.77",
            "revenue": 246510
        },
        "2017-12": {
            "month": "2017-12",
            "price": "45.52",
            "revenue": 216499
        },
        "2018-01": {
            "month": "2018-01",
            "price": "45.34",
            "revenue": 230632
        },
        "2018-02": {
            "month": "2018-02",
            "price": "43.32",
            "revenue": 165398
        },
        "2018-03": {
            "month": "2018-03",
            "price": "41.10",
            "revenue": 231653
        },
        "2018-04": {
            "month": "2018-04",
            "price": "39.90",
            "revenue": 235748
        },
        "2018-05": {
            "month": "2018-05",
            "price": "38.70",
            "revenue": 218922
        },
        "2018-06": {
            "month": "2018-06",
            "price": "37.76",
            "revenue": 190009
        },
        "2018-07": {
            "month": "2018-07",
            "price": "32.66",
            "revenue": 203038
        },
        "2018-08": {
            "month": "2018-08",
            "price": "31.80",
            "revenue": 230323
        },
        "2018-09": {
            "month": "2018-09",
            "price": "31.22",
            "revenue": 236714
        },
        "2018-10": {
            "month": "2018-10",
            "price": "29.33",
            "revenue": 232411
        },
        "2018-11": {
            "month": "2018-11",
            "price": "29.22",
            "revenue": 241303
        },
        "2018-12": {
            "month": "2018-12",
            "price": "31.79",
            "revenue": 212627
        },
        "2019-01": {
            "month": "2019-01",
            "price": "34.02",
            "revenue": 256031
        },
        "2019-02": {
            "month": "2019-02",
            "price": "36.33",
            "revenue": 157296
        },
        "2019-03": {
            "month": "2019-03",
            "price": "36.30",
            "revenue": 260058
        },
        "2019-04": {
            "month": "2019-04",
            "price": "38.39",
            "revenue": 230747
        },
        "2019-05": {
            "month": "2019-05",
            "price": "40.01",
            "revenue": 212644
        },
        "2019-06": {
            "month": "2019-06",
            "price": "39.34",
            "revenue": 219245
        },
        "2019-07": {
            "month": "2019-07",
            "price": "40.74",
            "revenue": 243409
        },
        "2019-08": {
            "month": "2019-08",
            "price": "38.93",
            "revenue": 228205
        },
        "2019-09": {
            "month": "2019-09",
            "price": "39.17",
            "revenue": 226710
        },
        "2019-10": {
            "month": "2019-10",
            "price": "39.97",
            "revenue": 234128
        },
        "2019-11": {
            "month": "2019-11",
            "price": "40.20",
            "revenue": 217971
        },
        "2019-12": {
            "month": "2019-12",
            "price": "41.38",
            "revenue": 230445
        },
        "2020-01": {
            "month": "2020-01",
            "price": "41.32",
            "revenue": 177124
        },
        "2020-02": {
            "month": "2020-02",
            "price": "37.84",
            "revenue": 121309
        },
        "2020-03": {
            "month": "2020-03",
            "price": "35.49",
            "revenue": 232521
        },
        "2020-04": {
            "month": "2020-04",
            "price": "36.68",
            "revenue": 195847
        },
        "2020-05": {
            "month": "2020-05",
            "price": "39.31",
            "revenue": 124625
        },
        "2020-06": {
            "month": "2020-06",
            "price": "40.85",
            "revenue": 177719
        },
        "2020-07": {
            "month": "2020-07",
            "price": "43.19",
            "revenue": 229210
        },
        "2020-08": {
            "month": "2020-08",
            "price": "45.15",
            "revenue": 242837
        },
        "2020-09": {
            "month": "2020-09",
            "price": "41.19",
            "revenue": 266235
        },
        "2020-10": {
            "month": "2020-10",
            "price": "41.37",
            "revenue": 260465
        },
        "2020-11": {
            "month": "2020-11",
            "price": "44.15",
            "revenue": 274575
        },
        "2020-12": {
            "month": "2020-12",
            "price": "44.46",
            "revenue": 299790
        },
        "2021-01": {
            "month": "2021-01",
            "price": "44.67",
            "revenue": 315364
        },
        "2021-02": {
            "month": "2021-02",
            "price": "45.49",
            "revenue": 203399
        },
        "2021-03": {
            "month": "2021-03",
            "price": "49.43",
            "revenue": 349609
        },
        "2021-04": {
            "month": "2021-04",
            "price": "51.92",
            "revenue": 296464
        },
        "2021-05": {
            "month": "2021-05",
            "price": "47.18",
            "revenue": 279196
        },
        "2021-06": {
            "month": "2021-06",
            "price": "47.14",
            "revenue": 283881
        },
        "2021-07": {
            "month": "2021-07",
            "price": "49.48",
            "revenue": 289447
        },
        "2021-08": {
            "month": "2021-08",
            "price": "44.86",
            "revenue": 274042
        },
        "2021-09": {
            "month": "2021-09",
            "price": "42.68",
            "revenue": 265198
        },
        "2021-10": {
            "month": "2021-10",
            "price": "40.18",
            "revenue": 262772
        },
        "2021-11": {
            "month": "2021-11",
            "price": "40.30",
            "revenue": 300360
        },
        "2021-12": {
            "month": "2021-12",
            "price": "40.22",
            "revenue": 277824
        },
        "2022-01": {
            "month": "2022-01",
            "price": "40.16",
            "revenue": 313632
        },
        "2022-02": {
            "month": "2022-02",
            "price": "41.64",
            "revenue": 195293
        },
        "2022-03": {
            "month": "2022-03",
            "price": "40.49",
            "revenue": 285614
        },
        "2022-04": {
            "month": "2022-04",
            "price": "37.81",
            "revenue": 281341
        },
        "2022-05": {
            "month": "2022-05",
            "price": "35.06",
            "revenue": 246633
        },
        "2022-06": {
            "month": "2022-06",
            "price": "34.75",
            "revenue": 267069
        },
        "2022-07": {
            "month": "2022-07",
            "price": "31.28",
            "revenue": 276970
        },
        "2022-08": {
            "month": "2022-08",
            "price": "31.26",
            "revenue": 249194
        },
        "2022-09": {
            "month": "2022-09",
            "price": "31.46",
            "revenue": 244504
        },
        "2022-10": {
            "month": "2022-10",
            "price": "30.29",
            "revenue": 241321
        },
        "2022-11": {
            "month": "2022-11",
            "price": "29.51",
            "revenue": 207748
        },
        "2022-12": {
            "month": "2022-12",
            "price": "29.55",
            "revenue": 231097
        },
        "2023-01": {
            "month": "2023-01",
            "price": "30.30",
            "revenue": 145614
        },
        "2023-02": {
            "month": "2023-02",
            "price": "30.46",
            "revenue": 228086
        },
        "2023-03": {
            "month": "2023-03",
            "price": "31.93",
            "revenue": 219236
        },
        "2023-04": {
            "month": "2023-04",
            "price": "31.74",
            "revenue": 206500
        },
        "2023-05": {
            "month": "2023-05",
            "price": "32.75",
            "revenue": 200187
        },
        "2023-06": {
            "month": "2023-06",
            "price": "34.18",
            "revenue": 193984
        },
        "2023-07": {
            "month": "2023-07",
            "price": "31.57",
            "revenue": 194710
        },
        "2023-08": {
            "month": "2023-08",
            "price": "30.59",
            "revenue": 240658
        },
        "2023-09": {
            "month": "2023-09",
            "price": "30.46",
            "revenue": 250174
        },
        "2023-10": {
            "month": "2023-10",
            "price": "30.01",
            "revenue": 239953
        },
        "2023-11": {
            "month": "2023-11",
            "price": "30.23",
            "revenue": 241689
        },
        "2023-12": {
            "month": "2023-12",
            "price": "29.75",
            "revenue": 231647
        }
    }
}
