{
    "summary": {
        "stock_name": "裕隆",
        "stock_id": "2201",
        "category": "汽車",
        "main_business": "汽車<br>零件<br>保修及其他",
        "website_url": "http://www.yulon-motor.com.tw",
        "ceo": "姚振祥",
        "pe_ratio": 93,
        "report_year_from": 2001,
        "report_year_to": 2023,
        "age": 23,
        "eps_negative_percentage": 9,
        "eps_growth_avg": {
            "last_all": 2.61,
            "last_2y": -4.38,
            "last_4y": -36.25,
            "last_8y": -9.31,
            "last_12y": -10.43,
            "last_16y": -0.05,
            "last_20y": -0.77,
            "at_2006_last_3y": -3.46,
            "at_2007_last_3y": -13.29,
            "at_2008_last_3y": -33.98,
            "at_2009_last_3y": -8.37,
            "at_2010_last_3y": 28.51,
            "at_2011_last_3y": 24.99,
            "at_2012_last_3y": 42.56,
            "at_2013_last_3y": 14.12,
            "at_2014_last_3y": -12.41,
            "at_2015_last_3y": 2.35,
            "at_2016_last_3y": -7.99,
            "at_2017_last_3y": 12.11,
            "at_2018_last_3y": 10.91,
            "at_2019_last_3y": -25.7,
            "at_2020_last_3y": -14.77,
            "at_2021_last_3y": -6.58,
            "at_2022_last_3y": -36.25,
            "at_2023_last_3y": -4.38,
            "at_2024_last_3y": -4.38,
            "at_2006_last_all": 10.6,
            "at_2007_last_all": 9.07,
            "at_2008_last_all": -4.71,
            "at_2009_last_all": 8.38,
            "at_2010_last_all": 18.56,
            "at_2011_last_all": 15.44,
            "at_2012_last_all": 12.48,
            "at_2013_last_all": 10.29,
            "at_2014_last_all": 9.03,
            "at_2015_last_all": 11.7,
            "at_2016_last_all": 7.02,
            "at_2017_last_all": 10.75,
            "at_2018_last_all": 9.47,
            "at_2019_last_all": 3.39,
            "at_2020_last_all": 3.39,
            "at_2021_last_all": 8.01,
            "at_2022_last_all": 2.61,
            "at_2023_last_all": 2.61,
            "at_2024_last_all": 2.61
        },
        "latest_eps": 0.75,
        "latest_price": 70.1,
        "latest_roe": 6.08,
        "latest_gross_margin": 35.89,
        "latest_equity": 84660844,
        "latest_revenue": 20499026,
        "latest_gross_profit": 7356511,
        "latest_net_income": 2285536,
        "latest_debt_ratio": 78.11,
        "latest_current_ratio": 106.35,
        "latest_account_receivable_turnover_ratio": 0.1,
        "latest_inventory_turnover_ratio": 1.02,
        "latest_reinvestment_rate": null,
        "latest_research_to_sale_ratio": 0.34
    },
    "eps_dividends": {
        "1990": {
            "cash": 0.5,
            "stock": 0.7,
            "eps": 0
        },
        "1991": {
            "cash": 0,
            "stock": 0.45,
            "eps": 0
        },
        "1992": {
            "cash": 0.5,
            "stock": 0.74,
            "eps": 0
        },
        "1993": {
            "cash": 0,
            "stock": 0.6,
            "eps": 0
        },
        "1997": {
            "cash": 0.5,
            "stock": 0.5,
            "eps": 0
        },
        "1999": {
            "cash": 2,
            "stock": 1,
            "eps": 0
        },
        "2000": {
            "cash": 0.5,
            "stock": 0.5,
            "eps": 0
        },
        "2001": {
            "cash": 0,
            "stock": 0,
            "eps": 1.84
        },
        "2002": {
            "cash": 0.2,
            "stock": 0.6,
            "eps": 3.07
        },
        "2003": {
            "cash": 1.5,
            "stock": 0,
            "eps": 4.32
        },
        "2004": {
            "cash": 2.35,
            "stock": 0.15,
            "eps": 4.12
        },
        "2005": {
            "cash": 1.85,
            "stock": 0.15,
            "eps": 4.02
        },
        "2006": {
            "cash": 1.5,
            "stock": 0.15,
            "eps": 2.11
        },
        "2007": {
            "cash": 0.84,
            "stock": 0.15,
            "eps": 2.14
        },
        "2008": {
            "cash": 0.6,
            "stock": 0.15,
            "eps": 0.27
        },
        "2009": {
            "cash": 0.08,
            "stock": 0,
            "eps": 0.72
        },
        "2010": {
            "cash": 0.35,
            "stock": 0,
            "eps": 2.61
        },
        "2011": {
            "cash": 2,
            "stock": 0,
            "eps": 2.28
        },
        "2012": {
            "cash": 0,
            "stock": 0,
            "eps": 1.89
        },
        "2013": {
            "cash": 0.8,
            "stock": 0,
            "eps": 1.63
        },
        "2014": {
            "cash": 0.7,
            "stock": 0,
            "eps": 1.53
        },
        "2015": {
            "cash": 0.7,
            "stock": 0,
            "eps": 2.24
        },
        "2016": {
            "cash": 0.9,
            "stock": 0,
            "eps": 0.93
        },
        "2017": {
            "cash": 0.5,
            "stock": 0,
            "eps": 1.55
        },
        "2018": {
            "cash": 0.58,
            "stock": 0,
            "eps": 1.38
        },
        "2019": {
            "cash": 0.67,
            "stock": 0,
            "eps": -15.72
        },
        "2020": {
            "cash": 0,
            "stock": 0,
            "eps": 2.51
        },
        "2021": {
            "cash": 1,
            "stock": 0,
            "eps": 4.8
        },
        "2022": {
            "cash": 1.5,
            "stock": 0,
            "eps": -4.76
        },
        "2023": {
            "cash": 1,
            "stock": 0,
            "eps": 3.55
        }
    },
    "dividends": {
        "1990-05-12": {
            "cash": 0.5,
            "stock": 0.7
        },
        "1991-05-25": {
            "cash": 0,
            "stock": 0.45
        },
        "1992-05-23": {
            "cash": 0.5,
            "stock": 0.74
        },
        "1993-05-15": {
            "cash": 0,
            "stock": 0.6
        },
        "1997-05-17": {
            "cash": 0.5,
            "stock": 0.5
        },
        "1999-05-06": {
            "cash": 2,
            "stock": 1
        },
        "2000-05-15": {
            "cash": 0.5,
            "stock": 0.5
        },
        "2002-06-14": {
            "cash": 0.2,
            "stock": 0.6
        },
        "2003-04-14": {
            "cash": 1.5,
            "stock": 0
        },
        "2004-06-16": {
            "cash": 2.35,
            "stock": 0.15
        },
        "2005-03-23": {
            "cash": 1.85,
            "stock": 0.15
        },
        "2006-03-23": {
            "cash": 1.5,
            "stock": 0.15
        },
        "2007-06-21": {
            "cash": 0.84,
            "stock": 0.15
        },
        "2008-03-27": {
            "cash": 0.6,
            "stock": 0.15
        },
        "2009-04-27": {
            "cash": 0.08,
            "stock": 0
        },
        "2010-03-25": {
            "cash": 0.35,
            "stock": 0
        },
        "2011-01-01": {
            "cash": 1,
            "stock": 0
        },
        "2011-03-22": {
            "cash": 1,
            "stock": 0
        },
        "2013-03-25": {
            "cash": 0.8,
            "stock": 0
        },
        "2014-08-29": {
            "cash": 0.7,
            "stock": 0
        },
        "2015-08-26": {
            "cash": 0.7,
            "stock": 0
        },
        "2016-08-24": {
            "cash": 0.9,
            "stock": 0
        },
        "2017-08-18": {
            "cash": 0.5,
            "stock": 0
        },
        "2018-08-22": {
            "cash": 0.58,
            "stock": 0
        },
        "2019-08-28": {
            "cash": 0.67,
            "stock": 0
        },
        "2021-09-07": {
            "cash": 1,
            "stock": 0
        },
        "2022-09-30": {
            "cash": 1.5,
            "stock": 0
        },
        "2023-09-28": {
            "cash": 1,
            "stock": 0
        }
    },
    "prices": {
        "200101": "22.46",
        "200102": "22.08",
        "200103": "21.30",
        "200104": "20.25",
        "200105": "17.03",
        "200106": "16.26",
        "200107": "13.41",
        "200108": "13.64",
        "200109": "13.58",
        "200110": "13.73",
        "200111": "14.58",
        "200112": "15.86",
        "200201": "16.88",
        "200202": "16.13",
        "200203": "16.45",
        "200204": "17.07",
        "200205": "18.33",
        "200206": "22.58",
        "200207": "25.92",
        "200208": "24.70",
        "200209": "25.25",
        "200210": "30.34",
        "200211": "38.58",
        "200212": "41.39",
        "200301": "43.61",
        "200302": "41.46",
        "200303": "43.47",
        "200304": "42.03",
        "200305": "40.66",
        "200306": "41.38",
        "200307": "41.25",
        "200308": "40.01",
        "200309": "39.24",
        "200310": "41.25",
        "200311": "43.80",
        "200312": "42.15",
        "200401": "43.31",
        "200402": "46.98",
        "200403": "48.50",
        "200404": "43.48",
        "200405": "35.97",
        "200406": "36.19",
        "200407": "35.03",
        "200408": "30.69",
        "200409": "35.75",
        "200410": "36.74",
        "200411": "35.85",
        "200412": "36.01",
        "200501": "37.24",
        "200502": "37.54",
        "200503": "39.97",
        "200504": "37.46",
        "200505": "36.82",
        "200506": "37.17",
        "200507": "36.24",
        "200508": "34.63",
        "200509": "33.00",
        "200510": "33.92",
        "200511": "34.82",
        "200512": "35.86",
        "200601": "34.64",
        "200602": "34.06",
        "200603": "31.00",
        "200604": "31.57",
        "200605": "37.10",
        "200606": "38.01",
        "200607": "36.73",
        "200608": "32.81",
        "200609": "32.05",
        "200610": "34.25",
        "200611": "36.43",
        "200612": "40.44",
        "200701": "38.01",
        "200702": "38.42",
        "200703": "37.33",
        "200704": "38.14",
        "200705": "37.34",
        "200706": "38.28",
        "200707": "41.38",
        "200708": "37.93",
        "200709": "35.90",
        "200710": "36.75",
        "200711": "33.85",
        "200712": "30.72",
        "200801": "35.63",
        "200802": "40.57",
        "200803": "45.25",
        "200804": "42.89",
        "200805": "39.99",
        "200806": "34.37",
        "200807": "27.85",
        "200808": "26.22",
        "200809": "20.81",
        "200810": "14.11",
        "200811": "13.15",
        "200812": "14.03",
        "200901": "13.57",
        "200902": "13.02",
        "200903": "15.66",
        "200904": "21.86",
        "200905": "29.16",
        "200906": "30.14",
        "200907": "34.12",
        "200908": "29.92",
        "200909": "34.12",
        "200910": "39.70",
        "200911": "40.17",
        "200912": "38.40",
        "201001": "36.67",
        "201002": "30.57",
        "201003": "34.83",
        "201004": "36.88",
        "201005": "32.85",
        "201006": "32.10",
        "201007": "33.35",
        "201008": "45.01",
        "201009": "53.20",
        "201010": "60.72",
        "201011": "59.05",
        "201012": "61.31",
        "201101": "61.43",
        "201102": "61.61",
        "201103": "55.57",
        "201104": "57.79",
        "201105": "65.91",
        "201106": "67.93",
        "201107": "75.94",
        "201108": "68.76",
        "201109": "59.81",
        "201110": "60.37",
        "201111": "61.75",
        "201112": "52.16",
        "201201": "54.39",
        "201202": "61.01",
        "201203": "59.72",
        "201204": "49.18",
        "201205": "48.92",
        "201206": "51.59",
        "201207": "50.48",
        "201208": "55.11",
        "201209": "56.00",
        "201210": "55.48",
        "201211": "50.63",
        "201212": "54.05",
        "201301": "55.09",
        "201302": "54.25",
        "201303": "53.99",
        "201304": "51.02",
        "201305": "51.32",
        "201306": "48.39",
        "201307": "49.15",
        "201308": "47.20",
        "201309": "49.56",
        "201310": "51.39",
        "201311": "49.38",
        "201312": "50.96",
        "201401": "53.56",
        "201402": "51.79",
        "201403": "50.69",
        "201404": "49.19",
        "201405": "46.85",
        "201406": "48.24",
        "201407": "48.80",
        "201408": "47.16",
        "201409": "46.92",
        "201410": "43.65",
        "201411": "45.24",
        "201412": "46.28",
        "201501": "46.13",
        "201502": "45.44",
        "201503": "44.06",
        "201504": "41.19",
        "201505": "40.18",
        "201506": "37.59",
        "201507": "32.95",
        "201508": "28.63",
        "201509": "30.90",
        "201510": "33.36",
        "201511": "33.35",
        "201512": "31.07",
        "201601": "28.79",
        "201602": "29.15",
        "201603": "30.66",
        "201604": "29.61",
        "201605": "27.09",
        "201606": "27.28",
        "201607": "28.56",
        "201608": "28.07",
        "201609": "27.75",
        "201610": "27.65",
        "201611": "26.68",
        "201612": "26.97",
        "201701": "27.03",
        "201702": "28.37",
        "201703": "28.27",
        "201704": "27.10",
        "201705": "26.84",
        "201706": "26.90",
        "201707": "26.69",
        "201708": "25.79",
        "201709": "25.96",
        "201710": "25.56",
        "201711": "25.00",
        "201712": "23.03",
        "201801": "23.64",
        "201802": "22.80",
        "201803": "23.11",
        "201804": "22.42",
        "201805": "23.29",
        "201806": "22.44",
        "201807": "20.97",
        "201808": "20.79",
        "201809": "20.91",
        "201810": "19.43",
        "201811": "18.06",
        "201812": "19.45",
        "201901": "18.04",
        "201902": "18.70",
        "201903": "18.97",
        "201904": "19.84",
        "201905": "21.29",
        "201906": "22.36",
        "201907": "23.48",
        "201908": "21.76",
        "201909": "20.65",
        "201910": "19.52",
        "201911": "19.13",
        "201912": "19.23",
        "202001": "18.97",
        "202002": "19.80",
        "202003": "17.68",
        "202004": "17.37",
        "202005": "18.25",
        "202006": "22.17",
        "202007": "21.60",
        "202008": "24.40",
        "202009": "24.00",
        "202010": "35.46",
        "202011": "37.21",
        "202012": "38.79",
        "202101": "44.31",
        "202102": "41.59",
        "202103": "42.83",
        "202104": "45.43",
        "202105": "39.77",
        "202106": "40.61",
        "202107": "41.45",
        "202108": "38.40",
        "202109": "40.18",
        "202110": "42.26",
        "202111": "42.12",
        "202112": "41.67",
        "202201": "42.58",
        "202202": "41.76",
        "202203": "40.10",
        "202204": "40.13",
        "202205": "41.22",
        "202206": "46.68",
        "202207": "46.14",
        "202208": "42.02",
        "202209": "42.37",
        "202210": "43.06",
        "202211": "51.57",
        "202212": "63.48",
        "202301": "68.99",
        "202302": "79.23",
        "202303": "76.64",
        "202304": "79.01",
        "202305": "80.76",
        "202306": "85.52",
        "202307": "80.97",
        "202308": "77.47",
        "202309": "83.49",
        "202310": "79.71",
        "202311": "78.09",
        "202312": "75.40"
    },
    "quarters": {
        "20011": {
            "year_quarter": 20011,
            "year": 2001,
            "quarter": 1,
            "eps": 0.76,
            "eps_growth_year": -9.52,
            "eps_4q": 2.01,
            "eps_4q_growth_year": -10.83,
            "roe": 3.48,
            "roe_4q": 3.48,
            "gross_profit": 2047351,
            "gross_margin": 14.34,
            "gross_margin_4q_avg": 14.34,
            "net_income": 1241926,
            "net_income_4q": null,
            "revenue": 14272652,
            "revenue_4q": null,
            "common_shares": 16449048,
            "book_valuer_per_share": 21.66,
            "book_valuer_per_share_4q_avg": 21.66,
            "equity": 35631268,
            "current_ratio": 191.31,
            "debt_ratio": 30.87,
            "inventory_turnover_ratio": 3.33,
            "account_receivable_turnover_ratio": null,
            "reinvestment_rate": null,
            "research_to_sale_ratio": null,
            "price_fair": 0,
            "eps_avg_yearly": 0,
            "eps_latest_yearly": 0,
            "eps_growth_yearly": 0
        },
        "20012": {
            "year_quarter": 20012,
            "year": 2001,
            "quarter": 2,
            "eps": 0.61,
            "eps_growth_year": -6.15,
            "eps_4q": 2,
            "eps_4q_growth_year": -8.01,
            "roe": 2.81,
            "roe_4q": 6.29,
            "gross_profit": 1375500,
            "gross_margin": 15.91,
            "gross_margin_4q_avg": 15.13,
            "net_income": 997103,
            "net_income_4q": null,
            "revenue": 8643943,
            "revenue_4q": null,
            "common_shares": 16449048,
            "book_valuer_per_share": 21.47,
            "book_valuer_per_share_4q_avg": 21.57,
            "equity": 35315063,
            "current_ratio": 181.32,
            "debt_ratio": 31.32,
            "inventory_turnover_ratio": 5.3,
            "account_receivable_turnover_ratio": null,
            "reinvestment_rate": null,
            "research_to_sale_ratio": null,
            "price_fair": 0,
            "eps_avg_yearly": 0,
            "eps_latest_yearly": 0,
            "eps_growth_yearly": 0
        },
        "20013": {
            "year_quarter": 20013,
            "year": 2001,
            "quarter": 3,
            "eps": 0.32,
            "eps_growth_year": -48.39,
            "eps_4q": 1.66,
            "eps_4q_growth_year": -25.28,
            "roe": 1.54,
            "roe_4q": 7.83,
            "gross_profit": 1156136,
            "gross_margin": 14.32,
            "gross_margin_4q_avg": 14.86,
            "net_income": 547681,
            "net_income_4q": null,
            "revenue": 8073371,
            "revenue_4q": null,
            "common_shares": 17263000,
            "book_valuer_per_share": 20.76,
            "book_valuer_per_share_4q_avg": 21.3,
            "equity": 35832404,
            "current_ratio": 205.6,
            "debt_ratio": 30,
            "inventory_turnover_ratio": 4,
            "account_receivable_turnover_ratio": null,
            "reinvestment_rate": null,
            "research_to_sale_ratio": null,
            "price_fair": 0,
            "eps_avg_yearly": 0,
            "eps_latest_yearly": 0,
            "eps_growth_yearly": 0
        },
        "20014": {
            "year_quarter": 20014,
            "year": 2001,
            "quarter": 4,
            "eps": 0.15,
            "eps_growth_year": 400,
            "eps_4q": 1.77,
            "eps_4q_growth_year": -10.72,
            "roe": 0.7,
            "roe_4q": 8.530000000000001,
            "gross_profit": 665490,
            "gross_margin": 10.13,
            "gross_margin_4q_avg": 13.68,
            "net_income": 258070,
            "net_income_4q": null,
            "revenue": 6571167,
            "revenue_4q": null,
            "common_shares": 17263000,
            "book_valuer_per_share": 21,
            "book_valuer_per_share_4q_avg": 21.22,
            "equity": 37911822,
            "current_ratio": 145.94,
            "debt_ratio": 42.05,
            "inventory_turnover_ratio": 1.94,
            "account_receivable_turnover_ratio": null,
            "reinvestment_rate": null,
            "research_to_sale_ratio": null,
            "price_fair": 0,
            "eps_avg_yearly": 0,
            "eps_latest_yearly": 0,
            "eps_growth_yearly": 0
        },
        "20021": {
            "year_quarter": 20021,
            "year": 2002,
            "quarter": 1,
            "eps": 0.64,
            "eps_growth_year": -15.79,
            "eps_4q": 1.7,
            "eps_4q_growth_year": -15.38,
            "roe": 2.89,
            "roe_4q": 7.9399999999999995,
            "gross_profit": 1185090,
            "gross_margin": 11.12,
            "gross_margin_4q_avg": 12.87,
            "net_income": 1085653,
            "net_income_4q": null,
            "revenue": 10653432,
            "revenue_4q": null,
            "common_shares": 17263000,
            "book_valuer_per_share": 21.53,
            "book_valuer_per_share_4q_avg": 21.19,
            "equity": 37159149,
            "current_ratio": 196.53,
            "debt_ratio": 29.71,
            "inventory_turnover_ratio": 3.14,
            "account_receivable_turnover_ratio": null,
            "reinvestment_rate": null,
            "research_to_sale_ratio": null,
            "price_fair": 89.6,
            "eps_avg_yearly": 2.56,
            "eps_latest_yearly": 2.56,
            "eps_growth_yearly": 1306.67
        },
        "20022": {
            "year_quarter": 20022,
            "year": 2002,
            "quarter": 2,
            "eps": 0.73,
            "eps_growth_year": 19.67,
            "eps_4q": 1.78,
            "eps_4q_growth_year": -10.93,
            "roe": 3.5,
            "roe_4q": 8.63,
            "gross_profit": 1097238,
            "gross_margin": 12.37,
            "gross_margin_4q_avg": 11.99,
            "net_income": 1315193,
            "net_income_4q": null,
            "revenue": 8872976,
            "revenue_4q": null,
            "common_shares": 17263000,
            "book_valuer_per_share": 21.97,
            "book_valuer_per_share_4q_avg": 21.32,
            "equity": 37925531,
            "current_ratio": 198.04,
            "debt_ratio": 29.93,
            "inventory_turnover_ratio": 4.26,
            "account_receivable_turnover_ratio": null,
            "reinvestment_rate": null,
            "research_to_sale_ratio": null,
            "price_fair": 95.9,
            "eps_avg_yearly": 2.74,
            "eps_latest_yearly": 2.92,
            "eps_growth_yearly": 681.46
        },
        "20023": {
            "year_quarter": 20023,
            "year": 2002,
            "quarter": 3,
            "eps": 0.81,
            "eps_growth_year": 153.12,
            "eps_4q": 2.29,
            "eps_4q_growth_year": 38.41,
            "roe": 3.75,
            "roe_4q": 10.84,
            "gross_profit": 1025125,
            "gross_margin": 12.43,
            "gross_margin_4q_avg": 11.51,
            "net_income": 1450498,
            "net_income_4q": null,
            "revenue": 8247537,
            "revenue_4q": null,
            "common_shares": 18291464,
            "book_valuer_per_share": 21.54,
            "book_valuer_per_share_4q_avg": 21.51,
            "equity": 39401193,
            "current_ratio": 230.53,
            "debt_ratio": 28.1,
            "inventory_turnover_ratio": 4.6,
            "account_receivable_turnover_ratio": null,
            "reinvestment_rate": null,
            "research_to_sale_ratio": null,
            "price_fair": 101.73,
            "eps_avg_yearly": 2.91,
            "eps_latest_yearly": 3.24,
            "eps_growth_yearly": 468.92
        },
        "20024": {
            "year_quarter": 20024,
            "year": 2002,
            "quarter": 4,
            "eps": 0.89,
            "eps_growth_year": 493.33,
            "eps_4q": 3.02,
            "eps_4q_growth_year": 70.6,
            "roe": 3.9,
            "roe_4q": 14.040000000000001,
            "gross_profit": 1395667,
            "gross_margin": 18.4,
            "gross_margin_4q_avg": 13.58,
            "net_income": 1609836,
            "net_income_4q": null,
            "revenue": 7586465,
            "revenue_4q": null,
            "common_shares": 18291464,
            "book_valuer_per_share": 22.52,
            "book_valuer_per_share_4q_avg": 21.89,
            "equity": 43193772,
            "current_ratio": 162.24,
            "debt_ratio": 43.43,
            "inventory_turnover_ratio": 2.54,
            "account_receivable_turnover_ratio": null,
            "reinvestment_rate": 8.08,
            "research_to_sale_ratio": null,
            "price_fair": 107.45,
            "eps_avg_yearly": 3.07,
            "eps_latest_yearly": 3.56,
            "eps_growth_yearly": 361.56
        },
        "20031": {
            "year_quarter": 20031,
            "year": 2003,
            "quarter": 1,
            "eps": 1.28,
            "eps_growth_year": 100,
            "eps_4q": 3.7,
            "eps_4q_growth_year": 117.05,
            "roe": 5.34,
            "roe_4q": 16.490000000000002,
            "gross_profit": 2261193,
            "gross_margin": 15.93,
            "gross_margin_4q_avg": 14.78,
            "net_income": 2318307,
            "net_income_4q": null,
            "revenue": 14192551,
            "revenue_4q": null,
            "common_shares": 18291464,
            "book_valuer_per_share": 23.9,
            "book_valuer_per_share_4q_avg": 22.48,
            "equity": 43710692,
            "current_ratio": 205.74,
            "debt_ratio": 29.83,
            "inventory_turnover_ratio": 4.58,
            "account_receivable_turnover_ratio": null,
            "reinvestment_rate": 7.64,
            "research_to_sale_ratio": null,
            "price_fair": 121.8,
            "eps_avg_yearly": 3.48,
            "eps_latest_yearly": 5.12,
            "eps_growth_yearly": 324.31
        },
        "20032": {
            "year_quarter": 20032,
            "year": 2003,
            "quarter": 2,
            "eps": 1.04,
            "eps_growth_year": 42.47,
            "eps_4q": 4.01,
            "eps_4q_growth_year": 125.43,
            "roe": 4.36,
            "roe_4q": 17.35,
            "gross_profit": 1588972,
            "gross_margin": 17.2,
            "gross_margin_4q_avg": 15.99,
            "net_income": 1882003,
            "net_income_4q": null,
            "revenue": 9238118,
            "revenue_4q": null,
            "common_shares": 18291464,
            "book_valuer_per_share": 23.31,
            "book_valuer_per_share_4q_avg": 22.82,
            "equity": 42632666,
            "current_ratio": 168.92,
            "debt_ratio": 32.34,
            "inventory_turnover_ratio": 4.27,
            "account_receivable_turnover_ratio": null,
            "reinvestment_rate": 4.9,
            "research_to_sale_ratio": null,
            "price_fair": 125.77,
            "eps_avg_yearly": 3.59,
            "eps_latest_yearly": 4.16,
            "eps_growth_yearly": 257.76
        },
        "20033": {
            "year_quarter": 20033,
            "year": 2003,
            "quarter": 3,
            "eps": 1.22,
            "eps_growth_year": 50.62,
            "eps_4q": 4.42,
            "eps_4q_growth_year": 92.56,
            "roe": 5.08,
            "roe_4q": 18.68,
            "gross_profit": 1921993,
            "gross_margin": 18.92,
            "gross_margin_4q_avg": 17.61,
            "net_income": 2215866,
            "net_income_4q": null,
            "revenue": 10157310,
            "revenue_4q": null,
            "common_shares": 18291464,
            "book_valuer_per_share": 24.37,
            "book_valuer_per_share_4q_avg": 23.53,
            "equity": 44569936,
            "current_ratio": 255.05,
            "debt_ratio": 27.47,
            "inventory_turnover_ratio": 4.82,
            "account_receivable_turnover_ratio": null,
            "reinvestment_rate": 5.31,
            "research_to_sale_ratio": null,
            "price_fair": 132.2,
            "eps_avg_yearly": 3.78,
            "eps_latest_yearly": 4.88,
            "eps_growth_yearly": 230.82
        },
        "20034": {
            "year_quarter": 20034,
            "year": 2003,
            "quarter": 4,
            "eps": 0.78,
            "eps_growth_year": -12.36,
            "eps_4q": 4.46,
            "eps_4q_growth_year": 47.56,
            "roe": 2.95,
            "roe_4q": 17.73,
            "gross_profit": 1309809,
            "gross_margin": 14.41,
            "gross_margin_4q_avg": 16.62,
            "net_income": 1361713,
            "net_income_4q": null,
            "revenue": 9091343,
            "revenue_4q": null,
            "common_shares": 13712163,
            "book_valuer_per_share": 30.85,
            "book_valuer_per_share_4q_avg": 25.61,
            "equity": 47807034,
            "current_ratio": 148.01,
            "debt_ratio": 43.75,
            "inventory_turnover_ratio": 2.39,
            "account_receivable_turnover_ratio": null,
            "reinvestment_rate": 38.45,
            "research_to_sale_ratio": null,
            "price_fair": 129.33,
            "eps_avg_yearly": 3.7,
            "eps_latest_yearly": 3.12,
            "eps_growth_yearly": 183.94
        },
        "20041": {
            "year_quarter": 20041,
            "year": 2004,
            "quarter": 1,
            "eps": 1.37,
            "eps_growth_year": 7.03,
            "eps_4q": 5.39,
            "eps_4q_growth_year": 45.9,
            "roe": 4.04,
            "roe_4q": 16.43,
            "gross_profit": 1225937,
            "gross_margin": 9.27,
            "gross_margin_4q_avg": 14.95,
            "net_income": 1859637,
            "net_income_4q": null,
            "revenue": 13228298,
            "revenue_4q": null,
            "common_shares": 13712163,
            "book_valuer_per_share": 32.23,
            "book_valuer_per_share_4q_avg": 27.69,
            "equity": 44188848,
            "current_ratio": 206.76,
            "debt_ratio": 27.97,
            "inventory_turnover_ratio": 3.62,
            "account_receivable_turnover_ratio": null,
            "reinvestment_rate": 34.84,
            "research_to_sale_ratio": null,
            "price_fair": 136.27,
            "eps_avg_yearly": 3.89,
            "eps_latest_yearly": 5.48,
            "eps_growth_yearly": 197.12
        },
        "20042": {
            "year_quarter": 20042,
            "year": 2004,
            "quarter": 2,
            "eps": 1.12,
            "eps_growth_year": 7.69,
            "eps_4q": 5.04,
            "eps_4q_growth_year": 25.72,
            "roe": 3.6,
            "roe_4q": 15.67,
            "gross_profit": 1092364,
            "gross_margin": 9,
            "gross_margin_4q_avg": 12.9,
            "net_income": 1551812,
            "net_income_4q": null,
            "revenue": 12139155,
            "revenue_4q": null,
            "common_shares": 13712163,
            "book_valuer_per_share": 30.69,
            "book_valuer_per_share_4q_avg": 29.54,
            "equity": 42081221,
            "current_ratio": 155.53,
            "debt_ratio": 33.38,
            "inventory_turnover_ratio": 6.63,
            "account_receivable_turnover_ratio": null,
            "reinvestment_rate": 33.07,
            "research_to_sale_ratio": null,
            "price_fair": 138.32,
            "eps_avg_yearly": 3.95,
            "eps_latest_yearly": 4.48,
            "eps_growth_yearly": 170.11
        },
        "20043": {
            "year_quarter": 20043,
            "year": 2004,
            "quarter": 3,
            "eps": 0.88,
            "eps_growth_year": -27.87,
            "eps_4q": 4.32,
            "eps_4q_growth_year": -2.22,
            "roe": 2.86,
            "roe_4q": 13.45,
            "gross_profit": 791795,
            "gross_margin": 10.6,
            "gross_margin_4q_avg": 10.82,
            "net_income": 1220767,
            "net_income_4q": null,
            "revenue": 7466479,
            "revenue_4q": null,
            "common_shares": 13917845,
            "book_valuer_per_share": 31.03,
            "book_valuer_per_share_4q_avg": 31.2,
            "equity": 43188068,
            "current_ratio": 198,
            "debt_ratio": 28.26,
            "inventory_turnover_ratio": 3.02,
            "account_receivable_turnover_ratio": null,
            "reinvestment_rate": 31.41,
            "research_to_sale_ratio": null,
            "price_fair": 136.95,
            "eps_avg_yearly": 3.91,
            "eps_latest_yearly": 3.52,
            "eps_growth_yearly": 146.85
        },
        "20044": {
            "year_quarter": 20044,
            "year": 2004,
            "quarter": 4,
            "eps": 0.75,
            "eps_growth_year": -3.85,
            "eps_4q": 4.13,
            "eps_4q_growth_year": -7.4,
            "roe": 2.16,
            "roe_4q": 12.66,
            "gross_profit": 1067825,
            "gross_margin": 12.85,
            "gross_margin_4q_avg": 10.43,
            "net_income": 1029256,
            "net_income_4q": null,
            "revenue": 8307374,
            "revenue_4q": null,
            "common_shares": 13917845,
            "book_valuer_per_share": 31.53,
            "book_valuer_per_share_4q_avg": 31.37,
            "equity": 51995725,
            "current_ratio": 149.45,
            "debt_ratio": 44.01,
            "inventory_turnover_ratio": 1.92,
            "account_receivable_turnover_ratio": null,
            "reinvestment_rate": 29.55,
            "research_to_sale_ratio": null,
            "price_fair": 134.28,
            "eps_avg_yearly": 3.84,
            "eps_latest_yearly": 3,
            "eps_growth_yearly": 129.69
        },
        "20051": {
            "year_quarter": 20051,
            "year": 2005,
            "quarter": 1,
            "eps": 1.08,
            "eps_growth_year": -21.17,
            "eps_4q": 3.83,
            "eps_4q_growth_year": -28.98,
            "roe": 2.94,
            "roe_4q": 11.559999999999999,
            "gross_profit": 1397840,
            "gross_margin": 9.75,
            "gross_margin_4q_avg": 10.55,
            "net_income": 1493254,
            "net_income_4q": null,
            "revenue": 14333227,
            "revenue_4q": null,
            "common_shares": 13917845,
            "book_valuer_per_share": 35.5,
            "book_valuer_per_share_4q_avg": 32.19,
            "equity": 49412820,
            "current_ratio": 258.64,
            "debt_ratio": 28.09,
            "inventory_turnover_ratio": 3.86,
            "account_receivable_turnover_ratio": null,
            "reinvestment_rate": 29.76,
            "research_to_sale_ratio": null,
            "price_fair": 135.58,
            "eps_avg_yearly": 3.87,
            "eps_latest_yearly": 4.32,
            "eps_growth_yearly": 133.25
        },
        "20052": {
            "year_quarter": 20052,
            "year": 2005,
            "quarter": 2,
            "eps": 1.09,
            "eps_growth_year": -2.68,
            "eps_4q": 3.76,
            "eps_4q_growth_year": -25.41,
            "roe": 3.11,
            "roe_4q": 11.07,
            "gross_profit": 1182209,
            "gross_margin": 11.12,
            "gross_margin_4q_avg": 11.08,
            "net_income": 1526587,
            "net_income_4q": null,
            "revenue": 10632055,
            "revenue_4q": null,
            "common_shares": 13917845,
            "book_valuer_per_share": 34.95,
            "book_valuer_per_share_4q_avg": 33.25,
            "equity": 48636490,
            "current_ratio": 209,
            "debt_ratio": 30.82,
            "inventory_turnover_ratio": 5.3,
            "account_receivable_turnover_ratio": null,
            "reinvestment_rate": 30.71,
            "research_to_sale_ratio": null,
            "price_fair": 136.8,
            "eps_avg_yearly": 3.91,
            "eps_latest_yearly": 4.36,
            "eps_growth_yearly": 124
        },
        "20053": {
            "year_quarter": 20053,
            "year": 2005,
            "quarter": 3,
            "eps": 1.26,
            "eps_growth_year": 43.18,
            "eps_4q": 4.15,
            "eps_4q_growth_year": -3.93,
            "roe": 3.59,
            "roe_4q": 11.799999999999999,
            "gross_profit": 886601,
            "gross_margin": 9.46,
            "gross_margin_4q_avg": 10.8,
            "net_income": 1764722,
            "net_income_4q": null,
            "revenue": 9375187,
            "revenue_4q": null,
            "common_shares": 14126036,
            "book_valuer_per_share": 35.23,
            "book_valuer_per_share_4q_avg": 34.3,
            "equity": 49768516,
            "current_ratio": 265.9,
            "debt_ratio": 26.62,
            "inventory_turnover_ratio": 5.47,
            "account_receivable_turnover_ratio": null,
            "reinvestment_rate": 19.81,
            "research_to_sale_ratio": null,
            "price_fair": 139.44,
            "eps_avg_yearly": 3.98,
            "eps_latest_yearly": 5.04,
            "eps_growth_yearly": 119.89
        },
        "20054": {
            "year_quarter": 20054,
            "year": 2005,
            "quarter": 4,
            "eps": 0.59,
            "eps_growth_year": -21.33,
            "eps_4q": 4.03,
            "eps_4q_growth_year": -2.32,
            "roe": 1.54,
            "roe_4q": 11.18,
            "gross_profit": 790372,
            "gross_margin": 11.51,
            "gross_margin_4q_avg": 10.46,
            "net_income": 820648,
            "net_income_4q": null,
            "revenue": 6868320,
            "revenue_4q": null,
            "common_shares": 14126036,
            "book_valuer_per_share": 36.29,
            "book_valuer_per_share_4q_avg": 35.49,
            "equity": 57133323,
            "current_ratio": 140.91,
            "debt_ratio": 47.44,
            "inventory_turnover_ratio": 1.41,
            "account_receivable_turnover_ratio": null,
            "reinvestment_rate": 32.26,
            "research_to_sale_ratio": null,
            "price_fair": 135.89,
            "eps_avg_yearly": 3.88,
            "eps_latest_yearly": 2.36,
            "eps_growth_yearly": 99.1
        },
        "20061": {
            "year_quarter": 20061,
            "year": 2006,
            "quarter": 1,
            "eps": 0.92,
            "eps_growth_year": -14.81,
            "eps_4q": 3.85,
            "eps_4q_growth_year": 0.4,
            "roe": 2.36,
            "roe_4q": 10.6,
            "gross_profit": 967296,
            "gross_margin": 8.93,
            "gross_margin_4q_avg": 10.26,
            "net_income": 1293329,
            "net_income_4q": null,
            "revenue": 10827553,
            "revenue_4q": null,
            "common_shares": 14126036,
            "book_valuer_per_share": 37.24,
            "book_valuer_per_share_4q_avg": 35.93,
            "equity": 52608310,
            "current_ratio": 302.19,
            "debt_ratio": 23.92,
            "inventory_turnover_ratio": 2.16,
            "account_receivable_turnover_ratio": null,
            "reinvestment_rate": 20.9,
            "research_to_sale_ratio": null,
            "price_fair": 138.34,
            "eps_avg_yearly": 3.95,
            "eps_latest_yearly": 3.68,
            "eps_growth_yearly": 31.42
        },
        "20062": {
            "year_quarter": 20062,
            "year": 2006,
            "quarter": 2,
            "eps": 0.36,
            "eps_growth_year": -66.97,
            "eps_4q": 3.13,
            "eps_4q_growth_year": -16.7,
            "roe": 0.97,
            "roe_4q": 8.46,
            "gross_profit": 742494,
            "gross_margin": 12.06,
            "gross_margin_4q_avg": 10.49,
            "net_income": 503319,
            "net_income_4q": null,
            "revenue": 6156413,
            "revenue_4q": null,
            "common_shares": 14126036,
            "book_valuer_per_share": 36.27,
            "book_valuer_per_share_4q_avg": 36.26,
            "equity": 51242163,
            "current_ratio": 132.33,
            "debt_ratio": 25.32,
            "inventory_turnover_ratio": 2.43,
            "account_receivable_turnover_ratio": null,
            "reinvestment_rate": 23.82,
            "research_to_sale_ratio": null,
            "price_fair": 87.57,
            "eps_avg_yearly": 3.86,
            "eps_latest_yearly": 1.44,
            "eps_growth_yearly": 12.69
        },
        "20063": {
            "year_quarter": 20063,
            "year": 2006,
            "quarter": 3,
            "eps": 0.52,
            "eps_growth_year": -58.73,
            "eps_4q": 2.35,
            "eps_4q_growth_year": -43.34,
            "roe": 1.44,
            "roe_4q": 6.31,
            "gross_profit": 937602,
            "gross_margin": 15.38,
            "gross_margin_4q_avg": 11.97,
            "net_income": 742855,
            "net_income_4q": null,
            "revenue": 6096703,
            "revenue_4q": null,
            "common_shares": 14337606,
            "book_valuer_per_share": 36.38,
            "book_valuer_per_share_4q_avg": 36.55,
            "equity": 52163320,
            "current_ratio": 146.67,
            "debt_ratio": 22.65,
            "inventory_turnover_ratio": 2.15,
            "account_receivable_turnover_ratio": null,
            "reinvestment_rate": 24.53,
            "research_to_sale_ratio": null,
            "price_fair": 117.64,
            "eps_avg_yearly": 3.79,
            "eps_latest_yearly": 2.08,
            "eps_growth_yearly": 21.06
        },
        "20064": {
            "year_quarter": 20064,
            "year": 2006,
            "quarter": 4,
            "eps": 0.31,
            "eps_growth_year": -47.46,
            "eps_4q": 2.12,
            "eps_4q_growth_year": -47.27,
            "roe": 0.77,
            "roe_4q": 5.539999999999999,
            "gross_profit": 776931,
            "gross_margin": 19.48,
            "gross_margin_4q_avg": 13.96,
            "net_income": 433776,
            "net_income_4q": null,
            "revenue": 3987399,
            "revenue_4q": null,
            "common_shares": 14455384,
            "book_valuer_per_share": 37.67,
            "book_valuer_per_share_4q_avg": 36.89,
            "equity": 60344887,
            "current_ratio": 122.77,
            "debt_ratio": 44.51,
            "inventory_turnover_ratio": 0.63,
            "account_receivable_turnover_ratio": null,
            "reinvestment_rate": 46.72,
            "research_to_sale_ratio": null,
            "price_fair": 67.36,
            "eps_avg_yearly": 3.64,
            "eps_latest_yearly": 1.24,
            "eps_growth_yearly": 8.49
        },
        "20071": {
            "year_quarter": 20071,
            "year": 2007,
            "quarter": 1,
            "eps": 0.72,
            "eps_growth_year": -21.74,
            "eps_4q": 1.89,
            "eps_4q_growth_year": -50.93,
            "roe": 1.79,
            "roe_4q": 4.97,
            "gross_profit": 539718,
            "gross_margin": 6.92,
            "gross_margin_4q_avg": 13.46,
            "net_income": 1036847,
            "net_income_4q": null,
            "revenue": 7798656,
            "revenue_4q": null,
            "common_shares": 14455384,
            "book_valuer_per_share": 38.38,
            "book_valuer_per_share_4q_avg": 37.18,
            "equity": 55485502,
            "current_ratio": 149.15,
            "debt_ratio": 20.87,
            "inventory_turnover_ratio": 1.53,
            "account_receivable_turnover_ratio": null,
            "reinvestment_rate": 28.02,
            "research_to_sale_ratio": null,
            "price_fair": 122.59,
            "eps_avg_yearly": 3.5,
            "eps_latest_yearly": 2.88,
            "eps_growth_yearly": 30.6
        },
        "20072": {
            "year_quarter": 20072,
            "year": 2007,
            "quarter": 2,
            "eps": 0.34,
            "eps_growth_year": -5.56,
            "eps_4q": 1.86,
            "eps_4q_growth_year": -40.5,
            "roe": 0.89,
            "roe_4q": 4.890000000000001,
            "gross_profit": 590455,
            "gross_margin": 11.79,
            "gross_margin_4q_avg": 13.39,
            "net_income": 493500,
            "net_income_4q": null,
            "revenue": 5006519,
            "revenue_4q": null,
            "common_shares": 14459658,
            "book_valuer_per_share": 38.04,
            "book_valuer_per_share_4q_avg": 37.62,
            "equity": 54997996,
            "current_ratio": 145.08,
            "debt_ratio": 21.93,
            "inventory_turnover_ratio": 2.22,
            "account_receivable_turnover_ratio": null,
            "reinvestment_rate": 31,
            "research_to_sale_ratio": null,
            "price_fair": 106.8,
            "eps_avg_yearly": 3.33,
            "eps_latest_yearly": 1.36,
            "eps_growth_yearly": 22.1
        },
        "20073": {
            "year_quarter": 20073,
            "year": 2007,
            "quarter": 3,
            "eps": 0.5,
            "eps_growth_year": -3.85,
            "eps_4q": 1.85,
            "eps_4q_growth_year": -21.49,
            "roe": 1.31,
            "roe_4q": 4.76,
            "gross_profit": 544649,
            "gross_margin": 11,
            "gross_margin_4q_avg": 12.3,
            "net_income": 729309,
            "net_income_4q": null,
            "revenue": 4950951,
            "revenue_4q": null,
            "common_shares": 14772627,
            "book_valuer_per_share": 37.88,
            "book_valuer_per_share_4q_avg": 37.99,
            "equity": 55951953,
            "current_ratio": 149.16,
            "debt_ratio": 20.16,
            "inventory_turnover_ratio": 2.08,
            "account_receivable_turnover_ratio": null,
            "reinvestment_rate": 32.59,
            "research_to_sale_ratio": null,
            "price_fair": 110.16,
            "eps_avg_yearly": 3.15,
            "eps_latest_yearly": 2,
            "eps_growth_yearly": 29.53
        },
        "20074": {
            "year_quarter": 20074,
            "year": 2007,
            "quarter": 4,
            "eps": 0.58,
            "eps_growth_year": 87.1,
            "eps_4q": 2.14,
            "eps_4q_growth_year": 0.5,
            "roe": 1.42,
            "roe_4q": 5.41,
            "gross_profit": 722089,
            "gross_margin": 11.56,
            "gross_margin_4q_avg": 10.32,
            "net_income": 842531,
            "net_income_4q": null,
            "revenue": 6243969,
            "revenue_4q": null,
            "common_shares": 14772627,
            "book_valuer_per_share": 38.05,
            "book_valuer_per_share_4q_avg": 38.09,
            "equity": 62485316,
            "current_ratio": 123.27,
            "debt_ratio": 43.3,
            "inventory_turnover_ratio": 1.11,
            "account_receivable_turnover_ratio": null,
            "reinvestment_rate": 19.18,
            "research_to_sale_ratio": null,
            "price_fair": 108.41,
            "eps_avg_yearly": 3.1,
            "eps_latest_yearly": 2.32,
            "eps_growth_yearly": 42.55
        },
        "20081": {
            "year_quarter": 20081,
            "year": 2008,
            "quarter": 1,
            "eps": 0.53,
            "eps_growth_year": -26.39,
            "eps_4q": 1.74,
            "eps_4q_growth_year": -7.55,
            "roe": 1.35,
            "roe_4q": 4.97,
            "gross_profit": 1455105,
            "gross_margin": 14.58,
            "gross_margin_4q_avg": 12.23,
            "net_income": 865123,
            "net_income_4q": null,
            "revenue": 9983376,
            "revenue_4q": null,
            "common_shares": 15439096,
            "book_valuer_per_share": 38.31,
            "book_valuer_per_share_4q_avg": 38.07,
            "equity": 65304716,
            "current_ratio": 132.2,
            "debt_ratio": 39.94,
            "inventory_turnover_ratio": 1.13,
            "account_receivable_turnover_ratio": null,
            "reinvestment_rate": 11.81,
            "research_to_sale_ratio": null,
            "price_fair": 90.91,
            "eps_avg_yearly": 2.89,
            "eps_latest_yearly": 2.12,
            "eps_growth_yearly": 21.48
        },
        "20082": {
            "year_quarter": 20082,
            "year": 2008,
            "quarter": 2,
            "eps": -0.18,
            "eps_growth_year": -152.94,
            "eps_4q": 1.35,
            "eps_4q_growth_year": -27.56,
            "roe": -0.32,
            "roe_4q": 3.7600000000000002,
            "gross_profit": 1206414,
            "gross_margin": 13.85,
            "gross_margin_4q_avg": 12.75,
            "net_income": -204596,
            "net_income_4q": null,
            "revenue": 8710161,
            "revenue_4q": null,
            "common_shares": 15473431,
            "book_valuer_per_share": 37.34,
            "book_valuer_per_share_4q_avg": 37.9,
            "equity": 63890609,
            "current_ratio": 126.78,
            "debt_ratio": 41.8,
            "inventory_turnover_ratio": 1.04,
            "account_receivable_turnover_ratio": null,
            "reinvestment_rate": 10.78,
            "research_to_sale_ratio": null,
            "price_fair": 97.35,
            "eps_avg_yearly": 2.78,
            "eps_latest_yearly": 2.12,
            "eps_growth_yearly": 27.78
        },
        "20083": {
            "year_quarter": 20083,
            "year": 2008,
            "quarter": 3,
            "eps": -0.14,
            "eps_growth_year": -128,
            "eps_4q": 0.73,
            "eps_4q_growth_year": -60.43,
            "roe": -0.3,
            "roe_4q": 2.15,
            "gross_profit": 1066808,
            "gross_margin": 12.07,
            "gross_margin_4q_avg": 13.02,
            "net_income": -193641,
            "net_income_4q": null,
            "revenue": 8840847,
            "revenue_4q": null,
            "common_shares": 15704045,
            "book_valuer_per_share": 37.23,
            "book_valuer_per_share_4q_avg": 37.73,
            "equity": 64582625,
            "current_ratio": 125.57,
            "debt_ratio": 41.55,
            "inventory_turnover_ratio": 1.04,
            "account_receivable_turnover_ratio": null,
            "reinvestment_rate": 11.54,
            "research_to_sale_ratio": null,
            "price_fair": 95.5,
            "eps_avg_yearly": 2.73,
            "eps_latest_yearly": 2.12,
            "eps_growth_yearly": 35.89
        },
        "20084": {
            "year_quarter": 20084,
            "year": 2008,
            "quarter": 4,
            "eps": 0.06,
            "eps_growth_year": -89.66,
            "eps_4q": 0.36,
            "eps_4q_growth_year": -83.03,
            "roe": -0.1,
            "roe_4q": 0.6300000000000001,
            "gross_profit": 1276624,
            "gross_margin": 15.51,
            "gross_margin_4q_avg": 14,
            "net_income": -66317,
            "net_income_4q": null,
            "revenue": 8231249,
            "revenue_4q": null,
            "common_shares": 15704045,
            "book_valuer_per_share": 36.56,
            "book_valuer_per_share_4q_avg": 37.36,
            "equity": 63456610,
            "current_ratio": 129.49,
            "debt_ratio": 40.74,
            "inventory_turnover_ratio": 0.91,
            "account_receivable_turnover_ratio": 0.94,
            "reinvestment_rate": 11.49,
            "research_to_sale_ratio": null,
            "price_fair": 94.77,
            "eps_avg_yearly": 2.71,
            "eps_latest_yearly": 2.12,
            "eps_growth_yearly": 43.2
        },
        "20091": {
            "year_quarter": 20091,
            "year": 2009,
            "quarter": 1,
            "eps": 0.14,
            "eps_growth_year": -73.58,
            "eps_4q": -0.07,
            "eps_4q_growth_year": -104.2,
            "roe": 0.47,
            "roe_4q": -0.25,
            "gross_profit": 1364119,
            "gross_margin": 16.46,
            "gross_margin_4q_avg": 14.47,
            "net_income": 298401,
            "net_income_4q": null,
            "revenue": 8288205,
            "revenue_4q": null,
            "common_shares": 15704045,
            "book_valuer_per_share": 36.99,
            "book_valuer_per_share_4q_avg": 37.03,
            "equity": 64220973,
            "current_ratio": 136.3,
            "debt_ratio": 37.76,
            "inventory_turnover_ratio": 1.05,
            "account_receivable_turnover_ratio": 0.46,
            "reinvestment_rate": 3.36,
            "research_to_sale_ratio": null,
            "price_fair": 84.65,
            "eps_avg_yearly": 2.42,
            "eps_latest_yearly": 0.56,
            "eps_growth_yearly": 70.68
        },
        "20092": {
            "year_quarter": 20092,
            "year": 2009,
            "quarter": 2,
            "eps": 0.25,
            "eps_growth_year": null,
            "eps_4q": 0.22,
            "eps_4q_growth_year": -83.53,
            "roe": 0.86,
            "roe_4q": 0.9299999999999999,
            "gross_profit": 1921210,
            "gross_margin": 17.61,
            "gross_margin_4q_avg": 15.41,
            "net_income": 556528,
            "net_income_4q": null,
            "revenue": 10908823,
            "revenue_4q": null,
            "common_shares": 15704354,
            "book_valuer_per_share": 37.29,
            "book_valuer_per_share_4q_avg": 37.02,
            "equity": 64745291,
            "current_ratio": 131.25,
            "debt_ratio": 39.41,
            "inventory_turnover_ratio": 1.6,
            "account_receivable_turnover_ratio": 0.58,
            "reinvestment_rate": 8.98,
            "research_to_sale_ratio": null,
            "price_fair": 75.6,
            "eps_avg_yearly": 2.16,
            "eps_latest_yearly": 1,
            "eps_growth_yearly": 94.57
        },
        "20093": {
            "year_quarter": 20093,
            "year": 2009,
            "quarter": 3,
            "eps": 0.43,
            "eps_growth_year": null,
            "eps_4q": 0.65,
            "eps_4q_growth_year": -10.57,
            "roe": 1.39,
            "roe_4q": 2.6199999999999997,
            "gross_profit": 1856457,
            "gross_margin": 15.72,
            "gross_margin_4q_avg": 16.33,
            "net_income": 908281,
            "net_income_4q": null,
            "revenue": 11811445,
            "revenue_4q": null,
            "common_shares": 15706863,
            "book_valuer_per_share": 37.75,
            "book_valuer_per_share_4q_avg": 37.15,
            "equity": 65639853,
            "current_ratio": 133.48,
            "debt_ratio": 38.86,
            "inventory_turnover_ratio": 1.86,
            "account_receivable_turnover_ratio": 0.61,
            "reinvestment_rate": 37.46,
            "research_to_sale_ratio": null,
            "price_fair": 66.66,
            "eps_avg_yearly": 1.9,
            "eps_latest_yearly": 1.72,
            "eps_growth_yearly": 111.93
        },
        "20094": {
            "year_quarter": 20094,
            "year": 2009,
            "quarter": 4,
            "eps": -0.1,
            "eps_growth_year": -266.67,
            "eps_4q": 0.72,
            "eps_4q_growth_year": 99.17,
            "roe": -0.05,
            "roe_4q": 2.67,
            "gross_profit": 2401129,
            "gross_margin": 13.56,
            "gross_margin_4q_avg": 15.84,
            "net_income": -32950,
            "net_income_4q": null,
            "revenue": 17713205,
            "revenue_4q": null,
            "common_shares": 15729199,
            "book_valuer_per_share": 38.12,
            "book_valuer_per_share_4q_avg": 37.54,
            "equity": 65980405,
            "current_ratio": 123.34,
            "debt_ratio": 41.42,
            "inventory_turnover_ratio": 3.12,
            "account_receivable_turnover_ratio": 1.66,
            "reinvestment_rate": 348.06,
            "research_to_sale_ratio": null,
            "price_fair": 65.33,
            "eps_avg_yearly": 1.87,
            "eps_latest_yearly": 1.72,
            "eps_growth_yearly": 138.98
        },
        "20101": {
            "year_quarter": 20101,
            "year": 2010,
            "quarter": 1,
            "eps": 0.96,
            "eps_growth_year": 585.71,
            "eps_4q": 1.54,
            "eps_4q_growth_year": null,
            "roe": 2.66,
            "roe_4q": 4.86,
            "gross_profit": 2437167,
            "gross_margin": 16.73,
            "gross_margin_4q_avg": 15.91,
            "net_income": 1774550,
            "net_income_4q": null,
            "revenue": 14570818,
            "revenue_4q": null,
            "common_shares": 15729199,
            "book_valuer_per_share": 38.89,
            "book_valuer_per_share_4q_avg": 38.01,
            "equity": 67444928,
            "current_ratio": 122.56,
            "debt_ratio": 41.65,
            "inventory_turnover_ratio": 2.51,
            "account_receivable_turnover_ratio": 0.66,
            "reinvestment_rate": 401.38,
            "research_to_sale_ratio": 0.24,
            "price_fair": 59.56,
            "eps_avg_yearly": 1.7,
            "eps_latest_yearly": 1.72,
            "eps_growth_yearly": 131.28
        },
        "20102": {
            "year_quarter": 20102,
            "year": 2010,
            "quarter": 2,
            "eps": 0.52,
            "eps_growth_year": 109.05,
            "eps_4q": 1.81,
            "eps_4q_growth_year": 714.19,
            "roe": 1.64,
            "roe_4q": 5.64,
            "gross_profit": 2503606,
            "gross_margin": 17.21,
            "gross_margin_4q_avg": 15.81,
            "net_income": 1108754,
            "net_income_4q": null,
            "revenue": 14549664,
            "revenue_4q": null,
            "common_shares": 15729199,
            "book_valuer_per_share": 39.06,
            "book_valuer_per_share_4q_avg": 38.46,
            "equity": 67579119,
            "current_ratio": 114.21,
            "debt_ratio": 44.47,
            "inventory_turnover_ratio": 2.21,
            "account_receivable_turnover_ratio": 0.6,
            "reinvestment_rate": 400.57,
            "research_to_sale_ratio": 0.28,
            "price_fair": 61.6,
            "eps_avg_yearly": 1.76,
            "eps_latest_yearly": 2.08,
            "eps_growth_yearly": 136.75
        },
        "20103": {
            "year_quarter": 20103,
            "year": 2010,
            "quarter": 3,
            "eps": 0.5,
            "eps_growth_year": 16.85,
            "eps_4q": 1.88,
            "eps_4q_growth_year": 188.33,
            "roe": 1.64,
            "roe_4q": 5.89,
            "gross_profit": 2796155,
            "gross_margin": 15.55,
            "gross_margin_4q_avg": 15.76,
            "net_income": 1116369,
            "net_income_4q": null,
            "revenue": 17977989,
            "revenue_4q": null,
            "common_shares": 15729199,
            "book_valuer_per_share": 39.49,
            "book_valuer_per_share_4q_avg": 38.89,
            "equity": 68585988,
            "current_ratio": 111.48,
            "debt_ratio": 45.98,
            "inventory_turnover_ratio": 2.56,
            "account_receivable_turnover_ratio": 0.67,
            "reinvestment_rate": 398.57,
            "research_to_sale_ratio": 1.23,
            "price_fair": 61.35,
            "eps_avg_yearly": 1.75,
            "eps_latest_yearly": 2,
            "eps_growth_yearly": 119.19
        },
        "20104": {
            "year_quarter": 20104,
            "year": 2010,
            "quarter": 4,
            "eps": 0.63,
            "eps_growth_year": null,
            "eps_4q": 2.62,
            "eps_4q_growth_year": 262.4,
            "roe": 1.78,
            "roe_4q": 7.72,
            "gross_profit": 2946647,
            "gross_margin": 16.93,
            "gross_margin_4q_avg": 16.61,
            "net_income": 1229757,
            "net_income_4q": null,
            "revenue": 17409035,
            "revenue_4q": null,
            "common_shares": 15729199,
            "book_valuer_per_share": 39.87,
            "book_valuer_per_share_4q_avg": 39.33,
            "equity": 69421408,
            "current_ratio": 110.71,
            "debt_ratio": 47.4,
            "inventory_turnover_ratio": 2.16,
            "account_receivable_turnover_ratio": 0.61,
            "reinvestment_rate": 319.87,
            "research_to_sale_ratio": -0.33,
            "price_fair": 65.42,
            "eps_avg_yearly": 1.87,
            "eps_latest_yearly": 2.52,
            "eps_growth_yearly": 143.32
        },
        "20111": {
            "year_quarter": 20111,
            "year": 2011,
            "quarter": 1,
            "eps": 0.89,
            "eps_growth_year": -7.29,
            "eps_4q": 2.55,
            "eps_4q_growth_year": 65.52,
            "roe": 2.45,
            "roe_4q": 7.51,
            "gross_profit": 3293975,
            "gross_margin": 15.95,
            "gross_margin_4q_avg": 16.41,
            "net_income": 1727451,
            "net_income_4q": null,
            "revenue": 20652288,
            "revenue_4q": null,
            "common_shares": 15729199,
            "book_valuer_per_share": 41.1,
            "book_valuer_per_share_4q_avg": 39.88,
            "equity": 71641009,
            "current_ratio": 115.56,
            "debt_ratio": 47.84,
            "inventory_turnover_ratio": 2.58,
            "account_receivable_turnover_ratio": 0.68,
            "reinvestment_rate": 341.87,
            "research_to_sale_ratio": 0.26,
            "price_fair": 67.58,
            "eps_avg_yearly": 1.93,
            "eps_latest_yearly": 3.56,
            "eps_growth_yearly": 110.24
        },
        "20112": {
            "year_quarter": 20112,
            "year": 2011,
            "quarter": 2,
            "eps": 0.55,
            "eps_growth_year": 5.8,
            "eps_4q": 2.58,
            "eps_4q_growth_year": 42.18,
            "roe": 1.5,
            "roe_4q": 7.37,
            "gross_profit": 2794473,
            "gross_margin": 17.24,
            "gross_margin_4q_avg": 16.42,
            "net_income": 1065674,
            "net_income_4q": null,
            "revenue": 16212731,
            "revenue_4q": null,
            "common_shares": 15729199,
            "book_valuer_per_share": 40.56,
            "book_valuer_per_share_4q_avg": 40.26,
            "equity": 70610087,
            "current_ratio": 112.1,
            "debt_ratio": 50.31,
            "inventory_turnover_ratio": 2.03,
            "account_receivable_turnover_ratio": 0.5,
            "reinvestment_rate": 325.22,
            "research_to_sale_ratio": 0.31,
            "price_fair": 70.25,
            "eps_avg_yearly": 2.01,
            "eps_latest_yearly": 2.2,
            "eps_growth_yearly": 115.54
        },
        "20113": {
            "year_quarter": 20113,
            "year": 2011,
            "quarter": 3,
            "eps": 0.45,
            "eps_growth_year": -10.47,
            "eps_4q": 2.52,
            "eps_4q_growth_year": 33.94,
            "roe": 1.38,
            "roe_4q": 7.11,
            "gross_profit": 2774224,
            "gross_margin": 15.75,
            "gross_margin_4q_avg": 16.47,
            "net_income": 985346,
            "net_income_4q": null,
            "revenue": 17615663,
            "revenue_4q": null,
            "common_shares": 15729199,
            "book_valuer_per_share": 41.25,
            "book_valuer_per_share_4q_avg": 40.7,
            "equity": 72074708,
            "current_ratio": 113.71,
            "debt_ratio": 51.7,
            "inventory_turnover_ratio": 1.84,
            "account_receivable_turnover_ratio": 0.49,
            "reinvestment_rate": 314.01,
            "research_to_sale_ratio": 0.3,
            "price_fair": 69.62,
            "eps_avg_yearly": 1.99,
            "eps_latest_yearly": 1.8,
            "eps_growth_yearly": 91.81
        },
        "20114": {
            "year_quarter": 20114,
            "year": 2011,
            "quarter": 4,
            "eps": 0.39,
            "eps_growth_year": -38.61,
            "eps_4q": 2.28,
            "eps_4q_growth_year": -12.85,
            "roe": 1.15,
            "roe_4q": 6.4799999999999995,
            "gross_profit": 3344469,
            "gross_margin": 15.13,
            "gross_margin_4q_avg": 16.02,
            "net_income": 833210,
            "net_income_4q": null,
            "revenue": 22103272,
            "revenue_4q": null,
            "common_shares": 15729199,
            "book_valuer_per_share": 41.32,
            "book_valuer_per_share_4q_avg": 41.06,
            "equity": 72510253,
            "current_ratio": 108.08,
            "debt_ratio": 54.45,
            "inventory_turnover_ratio": 1.87,
            "account_receivable_turnover_ratio": 0.56,
            "reinvestment_rate": 280.89,
            "research_to_sale_ratio": 0.2,
            "price_fair": 67.2,
            "eps_avg_yearly": 1.92,
            "eps_latest_yearly": 1.56,
            "eps_growth_yearly": 81.15
        },
        "20121": {
            "year_quarter": 20121,
            "year": 2012,
            "quarter": 1,
            "eps": 0.74,
            "eps_growth_year": -16.85,
            "eps_4q": 2.13,
            "eps_4q_growth_year": -16.47,
            "roe": 1.91,
            "roe_4q": 5.9399999999999995,
            "gross_profit": 3786027,
            "gross_margin": 16.42,
            "gross_margin_4q_avg": 16.14,
            "net_income": 1395483,
            "net_income_4q": null,
            "revenue": 23058072,
            "revenue_4q": null,
            "common_shares": 15729199,
            "book_valuer_per_share": 41.87,
            "book_valuer_per_share_4q_avg": 41.25,
            "equity": 73542767,
            "current_ratio": 100.74,
            "debt_ratio": 55.97,
            "inventory_turnover_ratio": 1.87,
            "account_receivable_turnover_ratio": 0.59,
            "reinvestment_rate": 310.68,
            "research_to_sale_ratio": 0.18,
            "price_fair": 69.87,
            "eps_avg_yearly": 2,
            "eps_latest_yearly": 2.96,
            "eps_growth_yearly": 116.92
        },
        "20122": {
            "year_quarter": 20122,
            "year": 2012,
            "quarter": 2,
            "eps": 0.57,
            "eps_growth_year": 3.75,
            "eps_4q": 2.15,
            "eps_4q_growth_year": -16.65,
            "roe": 1.43,
            "roe_4q": 5.87,
            "gross_profit": 3140657,
            "gross_margin": 17.68,
            "gross_margin_4q_avg": 16.25,
            "net_income": 1041867,
            "net_income_4q": null,
            "revenue": 17759333,
            "revenue_4q": null,
            "common_shares": 15729199,
            "book_valuer_per_share": 41.27,
            "book_valuer_per_share_4q_avg": 41.43,
            "equity": 72580858,
            "current_ratio": 99.56,
            "debt_ratio": 56.78,
            "inventory_turnover_ratio": 1.4,
            "account_receivable_turnover_ratio": 0.43,
            "reinvestment_rate": 272.59,
            "research_to_sale_ratio": 0.24,
            "price_fair": 70.7,
            "eps_avg_yearly": 2.02,
            "eps_latest_yearly": 2.28,
            "eps_growth_yearly": 99.52
        },
        "20123": {
            "year_quarter": 20123,
            "year": 2012,
            "quarter": 3,
            "eps": 0.37,
            "eps_growth_year": -17.65,
            "eps_4q": 2.07,
            "eps_4q_growth_year": -18.06,
            "roe": 1.04,
            "roe_4q": 5.529999999999999,
            "gross_profit": 3526426,
            "gross_margin": 17.82,
            "gross_margin_4q_avg": 16.76,
            "net_income": 759366,
            "net_income_4q": null,
            "revenue": 19784205,
            "revenue_4q": null,
            "common_shares": 15729199,
            "book_valuer_per_share": 41.69,
            "book_valuer_per_share_4q_avg": 41.54,
            "equity": 73378698,
            "current_ratio": 97.99,
            "debt_ratio": 56.58,
            "inventory_turnover_ratio": 1.41,
            "account_receivable_turnover_ratio": 0.45,
            "reinvestment_rate": 266.13,
            "research_to_sale_ratio": 0.23,
            "price_fair": 69.25,
            "eps_avg_yearly": 1.98,
            "eps_latest_yearly": 1.48,
            "eps_growth_yearly": 81.06
        },
        "20124": {
            "year_quarter": 20124,
            "year": 2012,
            "quarter": 4,
            "eps": 0.21,
            "eps_growth_year": -45.06,
            "eps_4q": 1.89,
            "eps_4q_growth_year": -16.96,
            "roe": 0.29,
            "roe_4q": 4.67,
            "gross_profit": 2750701,
            "gross_margin": 16.1,
            "gross_margin_4q_avg": 17.01,
            "net_income": 215999,
            "net_income_4q": null,
            "revenue": 17087308,
            "revenue_4q": null,
            "common_shares": 15729199,
            "book_valuer_per_share": 41.88,
            "book_valuer_per_share_4q_avg": 41.68,
            "equity": 73722579,
            "current_ratio": 102.08,
            "debt_ratio": 57.3,
            "inventory_turnover_ratio": 1.29,
            "account_receivable_turnover_ratio": 0.41,
            "reinvestment_rate": 261.02,
            "research_to_sale_ratio": 0.35,
            "price_fair": 66.4,
            "eps_avg_yearly": 1.9,
            "eps_latest_yearly": 0.84,
            "eps_growth_yearly": 62.92
        },
        "20131": {
            "year_quarter": 20131,
            "year": 2013,
            "quarter": 1,
            "eps": 0.75,
            "eps_growth_year": 1.35,
            "eps_4q": 1.86,
            "eps_4q_growth_year": -12.36,
            "roe": 1.77,
            "roe_4q": 4.53,
            "gross_profit": 3825929,
            "gross_margin": 18.92,
            "gross_margin_4q_avg": 17.63,
            "net_income": 1319163,
            "net_income_4q": null,
            "revenue": 20225573,
            "revenue_4q": null,
            "common_shares": 15729199,
            "book_valuer_per_share": 42.86,
            "book_valuer_per_share_4q_avg": 41.93,
            "equity": 75721539,
            "current_ratio": 101.76,
            "debt_ratio": 57.06,
            "inventory_turnover_ratio": 1.56,
            "account_receivable_turnover_ratio": 0.47,
            "reinvestment_rate": 468.67,
            "research_to_sale_ratio": 0.54,
            "price_fair": 72.5,
            "eps_avg_yearly": 2.07,
            "eps_latest_yearly": 3,
            "eps_growth_yearly": 98.29
        },
        "20132": {
            "year_quarter": 20132,
            "year": 2013,
            "quarter": 2,
            "eps": 0.62,
            "eps_growth_year": 8.08,
            "eps_4q": 1.87,
            "eps_4q_growth_year": -12.92,
            "roe": 1.28,
            "roe_4q": 4.38,
            "gross_profit": 3434838,
            "gross_margin": 16.19,
            "gross_margin_4q_avg": 17.26,
            "net_income": 967525,
            "net_income_4q": null,
            "revenue": 21212219,
            "revenue_4q": null,
            "common_shares": 15729199,
            "book_valuer_per_share": 42.96,
            "book_valuer_per_share_4q_avg": 42.35,
            "equity": 75846300,
            "current_ratio": 100.47,
            "debt_ratio": 54.67,
            "inventory_turnover_ratio": 1.77,
            "account_receivable_turnover_ratio": 0.46,
            "reinvestment_rate": 439.58,
            "research_to_sale_ratio": 0.35,
            "price_fair": 76.2,
            "eps_avg_yearly": 2.18,
            "eps_latest_yearly": 2.48,
            "eps_growth_yearly": 70.89
        },
        "20133": {
            "year_quarter": 20133,
            "year": 2013,
            "quarter": 3,
            "eps": 0.45,
            "eps_growth_year": 21.47,
            "eps_4q": 1.92,
            "eps_4q_growth_year": -7.3,
            "roe": 0.54,
            "roe_4q": 3.88,
            "gross_profit": 3731153,
            "gross_margin": 15.6,
            "gross_margin_4q_avg": 16.7,
            "net_income": 409079,
            "net_income_4q": null,
            "revenue": 23912821,
            "revenue_4q": null,
            "common_shares": 15729199,
            "book_valuer_per_share": 43.35,
            "book_valuer_per_share_4q_avg": 42.76,
            "equity": 76315228,
            "current_ratio": 99.67,
            "debt_ratio": 55.84,
            "inventory_turnover_ratio": 1.97,
            "account_receivable_turnover_ratio": 0.48,
            "reinvestment_rate": 444.87,
            "research_to_sale_ratio": 0.35,
            "price_fair": 76.4,
            "eps_avg_yearly": 2.18,
            "eps_latest_yearly": 1.8,
            "eps_growth_yearly": 42.49
        },
        "20134": {
            "year_quarter": 20134,
            "year": 2013,
            "quarter": 4,
            "eps": -0.19,
            "eps_growth_year": -187.01,
            "eps_4q": 1.52,
            "eps_4q_growth_year": -19.78,
            "roe": -0.53,
            "roe_4q": 3.06,
            "gross_profit": 3344685,
            "gross_margin": 11.99,
            "gross_margin_4q_avg": 15.68,
            "net_income": -404700,
            "net_income_4q": null,
            "revenue": 27891491,
            "revenue_4q": null,
            "common_shares": 15729199,
            "book_valuer_per_share": 43.38,
            "book_valuer_per_share_4q_avg": 43.14,
            "equity": 77379152,
            "current_ratio": 100.19,
            "debt_ratio": 56.3,
            "inventory_turnover_ratio": 2.26,
            "account_receivable_turnover_ratio": 0.53,
            "reinvestment_rate": 207,
            "research_to_sale_ratio": 0.32,
            "price_fair": 76.4,
            "eps_avg_yearly": 2.18,
            "eps_latest_yearly": 1.8,
            "eps_growth_yearly": 42.49
        },
        "20141": {
            "year_quarter": 20141,
            "year": 2014,
            "quarter": 1,
            "eps": 0.55,
            "eps_growth_year": -26.67,
            "eps_4q": 1.32,
            "eps_4q_growth_year": -29.01,
            "roe": 1.22,
            "roe_4q": 2.51,
            "gross_profit": 4184709,
            "gross_margin": 16.02,
            "gross_margin_4q_avg": 14.95,
            "net_income": 949223,
            "net_income_4q": null,
            "revenue": 26124894,
            "revenue_4q": null,
            "common_shares": 15729199,
            "book_valuer_per_share": 44.08,
            "book_valuer_per_share_4q_avg": 43.44,
            "equity": 78872640,
            "current_ratio": 100.71,
            "debt_ratio": 56.98,
            "inventory_turnover_ratio": 2.09,
            "account_receivable_turnover_ratio": 0.47,
            "reinvestment_rate": 211.24,
            "research_to_sale_ratio": 0.32,
            "price_fair": 76.4,
            "eps_avg_yearly": 2.18,
            "eps_latest_yearly": 1.8,
            "eps_growth_yearly": 42.49
        },
        "20142": {
            "year_quarter": 20142,
            "year": 2014,
            "quarter": 2,
            "eps": 0.39,
            "eps_growth_year": -37.1,
            "eps_4q": 1.11,
            "eps_4q_growth_year": -40.9,
            "roe": 0.69,
            "roe_4q": 1.92,
            "gross_profit": 3989437,
            "gross_margin": 14.04,
            "gross_margin_4q_avg": 14.41,
            "net_income": 541190,
            "net_income_4q": null,
            "revenue": 28424516,
            "revenue_4q": null,
            "common_shares": 15729199,
            "book_valuer_per_share": 43.42,
            "book_valuer_per_share_4q_avg": 43.56,
            "equity": 77015589,
            "current_ratio": 100.88,
            "debt_ratio": 59.53,
            "inventory_turnover_ratio": 2.35,
            "account_receivable_turnover_ratio": 0.48,
            "reinvestment_rate": 178.47,
            "research_to_sale_ratio": 0.35,
            "price_fair": 75.1,
            "eps_avg_yearly": 2.15,
            "eps_latest_yearly": 1.56,
            "eps_growth_yearly": 47.27
        },
        "20143": {
            "year_quarter": 20143,
            "year": 2014,
            "quarter": 3,
            "eps": 0.8,
            "eps_growth_year": 77.78,
            "eps_4q": 1.44,
            "eps_4q_growth_year": -24.93,
            "roe": 1.94,
            "roe_4q": 3.3199999999999994,
            "gross_profit": 5740640,
            "gross_margin": 17.37,
            "gross_margin_4q_avg": 14.86,
            "net_income": 1517316,
            "net_income_4q": null,
            "revenue": 33057967,
            "revenue_4q": null,
            "common_shares": 15729199,
            "book_valuer_per_share": 44.4,
            "book_valuer_per_share_4q_avg": 43.82,
            "equity": 79328960,
            "current_ratio": 101.2,
            "debt_ratio": 60.3,
            "inventory_turnover_ratio": 2.58,
            "account_receivable_turnover_ratio": 0.52,
            "reinvestment_rate": 180.81,
            "research_to_sale_ratio": 0.36,
            "price_fair": 78.1,
            "eps_avg_yearly": 2.23,
            "eps_latest_yearly": 3.2,
            "eps_growth_yearly": 78.41
        },
        "20144": {
            "year_quarter": 20144,
            "year": 2014,
            "quarter": 4,
            "eps": -0.21,
            "eps_growth_year": null,
            "eps_4q": 1.42,
            "eps_4q_growth_year": -6.78,
            "roe": -0.25,
            "roe_4q": 3.5999999999999996,
            "gross_profit": 3437936,
            "gross_margin": 10.42,
            "gross_margin_4q_avg": 14.46,
            "net_income": -198323,
            "net_income_4q": null,
            "revenue": 33003139,
            "revenue_4q": null,
            "common_shares": 15729199,
            "book_valuer_per_share": 44.84,
            "book_valuer_per_share_4q_avg": 44.19,
            "equity": 80148720,
            "current_ratio": 96.55,
            "debt_ratio": 60.49,
            "inventory_turnover_ratio": 2.81,
            "account_receivable_turnover_ratio": 0.5,
            "reinvestment_rate": 216.31,
            "research_to_sale_ratio": 0.16,
            "price_fair": 77.32,
            "eps_avg_yearly": 2.21,
            "eps_latest_yearly": 3.2,
            "eps_growth_yearly": 76.44
        },
        "20151": {
            "year_quarter": 20151,
            "year": 2015,
            "quarter": 1,
            "eps": 0.6,
            "eps_growth_year": 9.09,
            "eps_4q": 1.46,
            "eps_4q_growth_year": 10.68,
            "roe": 1.63,
            "roe_4q": 4.01,
            "gross_profit": 4798120,
            "gross_margin": 15.15,
            "gross_margin_4q_avg": 14.25,
            "net_income": 1317091,
            "net_income_4q": null,
            "revenue": 31664613,
            "revenue_4q": null,
            "common_shares": 15729199,
            "book_valuer_per_share": 45.19,
            "book_valuer_per_share_4q_avg": 44.46,
            "equity": 81122423,
            "current_ratio": 99.28,
            "debt_ratio": 60.37,
            "inventory_turnover_ratio": 2.79,
            "account_receivable_turnover_ratio": 0.47,
            "reinvestment_rate": 234.58,
            "research_to_sale_ratio": 0.28,
            "price_fair": 73.38,
            "eps_avg_yearly": 2.1,
            "eps_latest_yearly": 3.2,
            "eps_growth_yearly": 69.05
        },
        "20152": {
            "year_quarter": 20152,
            "year": 2015,
            "quarter": 2,
            "eps": 0.44,
            "eps_growth_year": 12.82,
            "eps_4q": 1.52,
            "eps_4q_growth_year": 37.29,
            "roe": 0.97,
            "roe_4q": 4.289999999999999,
            "gross_profit": 4609333,
            "gross_margin": 16.21,
            "gross_margin_4q_avg": 14.79,
            "net_income": 779133,
            "net_income_4q": null,
            "revenue": 28437001,
            "revenue_4q": null,
            "common_shares": 15729199,
            "book_valuer_per_share": 44.71,
            "book_valuer_per_share_4q_avg": 44.79,
            "equity": 79770119,
            "current_ratio": 101.95,
            "debt_ratio": 62.25,
            "inventory_turnover_ratio": 2.4,
            "account_receivable_turnover_ratio": 0.4,
            "reinvestment_rate": 202.46,
            "research_to_sale_ratio": 0.23,
            "price_fair": 72.1,
            "eps_avg_yearly": 2.06,
            "eps_latest_yearly": 1.76,
            "eps_growth_yearly": 72.9
        },
        "20153": {
            "year_quarter": 20153,
            "year": 2015,
            "quarter": 3,
            "eps": 0.53,
            "eps_growth_year": -33.75,
            "eps_4q": 1.26,
            "eps_4q_growth_year": -12.15,
            "roe": 0.76,
            "roe_4q": 3.11,
            "gross_profit": 4587323,
            "gross_margin": 15.48,
            "gross_margin_4q_avg": 14.32,
            "net_income": 611822,
            "net_income_4q": null,
            "revenue": 29627992,
            "revenue_4q": null,
            "common_shares": 15729199,
            "book_valuer_per_share": 45.55,
            "book_valuer_per_share_4q_avg": 45.07,
            "equity": 81041855,
            "current_ratio": 102.75,
            "debt_ratio": 62.55,
            "inventory_turnover_ratio": 2.27,
            "account_receivable_turnover_ratio": 0.4,
            "reinvestment_rate": 217.22,
            "research_to_sale_ratio": 0.23,
            "price_fair": 73.03,
            "eps_avg_yearly": 2.09,
            "eps_latest_yearly": 2.12,
            "eps_growth_yearly": 85.77
        },
        "20154": {
            "year_quarter": 20154,
            "year": 2015,
            "quarter": 4,
            "eps": 0.67,
            "eps_growth_year": null,
            "eps_4q": 2.15,
            "eps_4q_growth_year": 51.65,
            "roe": 1.49,
            "roe_4q": 4.85,
            "gross_profit": 3966390,
            "gross_margin": 12.09,
            "gross_margin_4q_avg": 14.73,
            "net_income": 1211246,
            "net_income_4q": null,
            "revenue": 32796215,
            "revenue_4q": null,
            "common_shares": 15729199,
            "book_valuer_per_share": 45.79,
            "book_valuer_per_share_4q_avg": 45.31,
            "equity": 81181643,
            "current_ratio": 102.98,
            "debt_ratio": 61.71,
            "inventory_turnover_ratio": 2.83,
            "account_receivable_turnover_ratio": 0.43,
            "reinvestment_rate": 206.08,
            "research_to_sale_ratio": 0.22,
            "price_fair": 76.3,
            "eps_avg_yearly": 2.18,
            "eps_latest_yearly": 2.68,
            "eps_growth_yearly": 99.02
        },
        "20161": {
            "year_quarter": 20161,
            "year": 2016,
            "quarter": 1,
            "eps": 0.43,
            "eps_growth_year": -28.33,
            "eps_4q": 1.99,
            "eps_4q_growth_year": 35.91,
            "roe": 0.96,
            "roe_4q": 4.18,
            "gross_profit": 4833246,
            "gross_margin": 16.41,
            "gross_margin_4q_avg": 15.05,
            "net_income": 785830,
            "net_income_4q": null,
            "revenue": 29461746,
            "revenue_4q": null,
            "common_shares": 15729199,
            "book_valuer_per_share": 46.06,
            "book_valuer_per_share_4q_avg": 45.53,
            "equity": 81743676,
            "current_ratio": 103.05,
            "debt_ratio": 62.08,
            "inventory_turnover_ratio": 2.73,
            "account_receivable_turnover_ratio": 0.38,
            "reinvestment_rate": 198.18,
            "research_to_sale_ratio": 0.23,
            "price_fair": 72.68,
            "eps_avg_yearly": 2.08,
            "eps_latest_yearly": 1.72,
            "eps_growth_yearly": 57.17
        },
        "20162": {
            "year_quarter": 20162,
            "year": 2016,
            "quarter": 2,
            "eps": 0.46,
            "eps_growth_year": 4.55,
            "eps_4q": 2.01,
            "eps_4q_growth_year": 32.42,
            "roe": 0.7,
            "roe_4q": 3.91,
            "gross_profit": 4506445,
            "gross_margin": 16.65,
            "gross_margin_4q_avg": 15.16,
            "net_income": 564113,
            "net_income_4q": null,
            "revenue": 27060636,
            "revenue_4q": null,
            "common_shares": 15729199,
            "book_valuer_per_share": 45.36,
            "book_valuer_per_share_4q_avg": 45.69,
            "equity": 79334816,
            "current_ratio": 102.05,
            "debt_ratio": 64.13,
            "inventory_turnover_ratio": 2.5,
            "account_receivable_turnover_ratio": 0.33,
            "reinvestment_rate": 198.72,
            "research_to_sale_ratio": 0.27,
            "price_fair": 71.4,
            "eps_avg_yearly": 2.04,
            "eps_latest_yearly": 1.84,
            "eps_growth_yearly": 67.15
        },
        "20163": {
            "year_quarter": 20163,
            "year": 2016,
            "quarter": 3,
            "eps": 0.37,
            "eps_growth_year": -30.19,
            "eps_4q": 1.86,
            "eps_4q_growth_year": 47.32,
            "roe": 0.91,
            "roe_4q": 4.06,
            "gross_profit": 4718301,
            "gross_margin": 18.26,
            "gross_margin_4q_avg": 15.85,
            "net_income": 723443,
            "net_income_4q": null,
            "revenue": 25843021,
            "revenue_4q": null,
            "common_shares": 15729199,
            "book_valuer_per_share": 45.37,
            "book_valuer_per_share_4q_avg": 45.65,
            "equity": 79805012,
            "current_ratio": 103.12,
            "debt_ratio": 63.74,
            "inventory_turnover_ratio": 2.39,
            "account_receivable_turnover_ratio": 0.3,
            "reinvestment_rate": 178.95,
            "research_to_sale_ratio": 0.28,
            "price_fair": 71.4,
            "eps_avg_yearly": 2.04,
            "eps_latest_yearly": 1.48,
            "eps_growth_yearly": 72.33
        },
        "20164": {
            "year_quarter": 20164,
            "year": 2016,
            "quarter": 4,
            "eps": -0.33,
            "eps_growth_year": -149.23,
            "eps_4q": 0.85,
            "eps_4q_growth_year": -60.18,
            "roe": -0.37,
            "roe_4q": 2.2,
            "gross_profit": 5141983,
            "gross_margin": 17.25,
            "gross_margin_4q_avg": 17.14,
            "net_income": -294161,
            "net_income_4q": null,
            "revenue": 29801282,
            "revenue_4q": null,
            "common_shares": 15729199,
            "book_valuer_per_share": 44.66,
            "book_valuer_per_share_4q_avg": 45.36,
            "equity": 79062820,
            "current_ratio": 99.4,
            "debt_ratio": 64.27,
            "inventory_turnover_ratio": 3.11,
            "account_receivable_turnover_ratio": 0.33,
            "reinvestment_rate": 180.12,
            "research_to_sale_ratio": 0.27,
            "price_fair": 75.22,
            "eps_avg_yearly": 2.15,
            "eps_latest_yearly": 1.48,
            "eps_growth_yearly": 94.63
        },
        "20171": {
            "year_quarter": 20171,
            "year": 2017,
            "quarter": 1,
            "eps": 0.52,
            "eps_growth_year": 20.93,
            "eps_4q": 0.94,
            "eps_4q_growth_year": -52.8,
            "roe": 1.58,
            "roe_4q": 2.8200000000000003,
            "gross_profit": 5051101,
            "gross_margin": 20.37,
            "gross_margin_4q_avg": 18.13,
            "net_income": 1247614,
            "net_income_4q": null,
            "revenue": 24792463,
            "revenue_4q": null,
            "common_shares": 15729199,
            "book_valuer_per_share": 44.65,
            "book_valuer_per_share_4q_avg": 45.01,
            "equity": 79264129,
            "current_ratio": 100.05,
            "debt_ratio": 64.61,
            "inventory_turnover_ratio": 2.6,
            "account_receivable_turnover_ratio": 0.27,
            "reinvestment_rate": -130.07,
            "research_to_sale_ratio": 0.3,
            "price_fair": 23.18,
            "eps_avg_yearly": 2.06,
            "eps_latest_yearly": 1.48,
            "eps_growth_yearly": 1.23
        },
        "20172": {
            "year_quarter": 20172,
            "year": 2017,
            "quarter": 2,
            "eps": 0.23,
            "eps_growth_year": -50,
            "eps_4q": 0.73,
            "eps_4q_growth_year": -63.86,
            "roe": 0.07,
            "roe_4q": 2.1900000000000004,
            "gross_profit": 5107123,
            "gross_margin": 22.1,
            "gross_margin_4q_avg": 19.5,
            "net_income": 56039,
            "net_income_4q": null,
            "revenue": 23111609,
            "revenue_4q": null,
            "common_shares": 15729199,
            "book_valuer_per_share": 44.54,
            "book_valuer_per_share_4q_avg": 44.81,
            "equity": 77817858,
            "current_ratio": 101.33,
            "debt_ratio": 66.7,
            "inventory_turnover_ratio": 2.29,
            "account_receivable_turnover_ratio": 0.24,
            "reinvestment_rate": -162.42,
            "research_to_sale_ratio": 0.31,
            "price_fair": 5.72,
            "eps_avg_yearly": 1.91,
            "eps_latest_yearly": 0.92,
            "eps_growth_yearly": -14.14
        },
        "20173": {
            "year_quarter": 20173,
            "year": 2017,
            "quarter": 3,
            "eps": 0.67,
            "eps_growth_year": 81.08,
            "eps_4q": 1.01,
            "eps_4q_growth_year": -45.99,
            "roe": 1.49,
            "roe_4q": 2.77,
            "gross_profit": 4631447,
            "gross_margin": 21.66,
            "gross_margin_4q_avg": 20.35,
            "net_income": 1169913,
            "net_income_4q": null,
            "revenue": 21380562,
            "revenue_4q": null,
            "common_shares": 15729199,
            "book_valuer_per_share": 45.27,
            "book_valuer_per_share_4q_avg": 44.78,
            "equity": 79081878,
            "current_ratio": 101.95,
            "debt_ratio": 67.28,
            "inventory_turnover_ratio": 1.75,
            "account_receivable_turnover_ratio": 0.21,
            "reinvestment_rate": -134.98,
            "research_to_sale_ratio": 0.33,
            "price_fair": 69.86,
            "eps_avg_yearly": 2,
            "eps_latest_yearly": 2.68,
            "eps_growth_yearly": 73.35
        },
        "20174": {
            "year_quarter": 20174,
            "year": 2017,
            "quarter": 4,
            "eps": 0.13,
            "eps_growth_year": null,
            "eps_4q": 1.47,
            "eps_4q_growth_year": 71.45,
            "roe": 0.76,
            "roe_4q": 3.9,
            "gross_profit": 5211743,
            "gross_margin": 20.99,
            "gross_margin_4q_avg": 21.28,
            "net_income": 604859,
            "net_income_4q": null,
            "revenue": 24826394,
            "revenue_4q": null,
            "common_shares": 15729199,
            "book_valuer_per_share": 45.12,
            "book_valuer_per_share_4q_avg": 44.9,
            "equity": 79121139,
            "current_ratio": 106.67,
            "debt_ratio": 69.38,
            "inventory_turnover_ratio": 1.7,
            "account_receivable_turnover_ratio": 0.23,
            "reinvestment_rate": -59.14,
            "research_to_sale_ratio": 0.27,
            "price_fair": 65.16,
            "eps_avg_yearly": 1.86,
            "eps_latest_yearly": 0.52,
            "eps_growth_yearly": 37.37
        },
        "20181": {
            "year_quarter": 20181,
            "year": 2018,
            "quarter": 1,
            "eps": 0.88,
            "eps_growth_year": 69.23,
            "eps_4q": 1.81,
            "eps_4q_growth_year": 92.24,
            "roe": 2.21,
            "roe_4q": 4.53,
            "gross_profit": 5326743,
            "gross_margin": 22.54,
            "gross_margin_4q_avg": 21.82,
            "net_income": 1779204,
            "net_income_4q": null,
            "revenue": 23632049,
            "revenue_4q": null,
            "common_shares": 15729199,
            "book_valuer_per_share": 46.62,
            "book_valuer_per_share_4q_avg": 45.39,
            "equity": 81785982,
            "current_ratio": 108.42,
            "debt_ratio": 69.3,
            "inventory_turnover_ratio": 1.35,
            "account_receivable_turnover_ratio": 0.21,
            "reinvestment_rate": -47.53,
            "research_to_sale_ratio": 0.39,
            "price_fair": 70,
            "eps_avg_yearly": 2,
            "eps_latest_yearly": 3.52,
            "eps_growth_yearly": 226.56
        },
        "20182": {
            "year_quarter": 20182,
            "year": 2018,
            "quarter": 2,
            "eps": 0.06,
            "eps_growth_year": -73.91,
            "eps_4q": 1.64,
            "eps_4q_growth_year": 126.08,
            "roe": 0.66,
            "roe_4q": 5.12,
            "gross_profit": 4393230,
            "gross_margin": 20.15,
            "gross_margin_4q_avg": 21.34,
            "net_income": 532324,
            "net_income_4q": null,
            "revenue": 21802887,
            "revenue_4q": null,
            "common_shares": 15729199,
            "book_valuer_per_share": 46.03,
            "book_valuer_per_share_4q_avg": 45.76,
            "equity": 80091072,
            "current_ratio": 107.55,
            "debt_ratio": 71.1,
            "inventory_turnover_ratio": 1.13,
            "account_receivable_turnover_ratio": 0.18,
            "reinvestment_rate": -40.58,
            "research_to_sale_ratio": 0.31,
            "price_fair": 66.15,
            "eps_avg_yearly": 1.89,
            "eps_latest_yearly": 0.24,
            "eps_growth_yearly": 205.2
        },
        "20183": {
            "year_quarter": 20183,
            "year": 2018,
            "quarter": 3,
            "eps": 0.17,
            "eps_growth_year": -74.63,
            "eps_4q": 1.16,
            "eps_4q_growth_year": 15.71,
            "roe": 0.79,
            "roe_4q": 4.42,
            "gross_profit": 4962495,
            "gross_margin": 24.54,
            "gross_margin_4q_avg": 22.06,
            "net_income": 635524,
            "net_income_4q": null,
            "revenue": 20223757,
            "revenue_4q": null,
            "common_shares": 15729199,
            "book_valuer_per_share": 45.78,
            "book_valuer_per_share_4q_avg": 45.89,
            "equity": 80022057,
            "current_ratio": 107.21,
            "debt_ratio": 71.76,
            "inventory_turnover_ratio": 0.96,
            "account_receivable_turnover_ratio": 0.16,
            "reinvestment_rate": -53.02,
            "research_to_sale_ratio": 0.38,
            "price_fair": 58.8,
            "eps_avg_yearly": 1.68,
            "eps_latest_yearly": 0.68,
            "eps_growth_yearly": 231.27
        },
        "20184": {
            "year_quarter": 20184,
            "year": 2018,
            "quarter": 4,
            "eps": 0.27,
            "eps_growth_year": 110.47,
            "eps_4q": 1.3,
            "eps_4q_growth_year": -10.98,
            "roe": 1.1,
            "roe_4q": 4.76,
            "gross_profit": 4277187,
            "gross_margin": 19.05,
            "gross_margin_4q_avg": 21.57,
            "net_income": 899984,
            "net_income_4q": null,
            "revenue": 22457008,
            "revenue_4q": null,
            "common_shares": 15729199,
            "book_valuer_per_share": 45.95,
            "book_valuer_per_share_4q_avg": 46.1,
            "equity": 83060290,
            "current_ratio": 106.79,
            "debt_ratio": 72.83,
            "inventory_turnover_ratio": 1.09,
            "account_receivable_turnover_ratio": 0.16,
            "reinvestment_rate": -47.8,
            "research_to_sale_ratio": 0.26,
            "price_fair": 57.18,
            "eps_avg_yearly": 1.63,
            "eps_latest_yearly": 1.08,
            "eps_growth_yearly": 231.58
        },
        "20191": {
            "year_quarter": 20191,
            "year": 2019,
            "quarter": 1,
            "eps": 0.17,
            "eps_growth_year": -80.68,
            "eps_4q": 0.64,
            "eps_4q_growth_year": -64.59,
            "roe": 0.89,
            "roe_4q": 3.4400000000000004,
            "gross_profit": 5051427,
            "gross_margin": 24.96,
            "gross_margin_4q_avg": 22.18,
            "net_income": 741655,
            "net_income_4q": null,
            "revenue": 20236887,
            "revenue_4q": null,
            "common_shares": 15729199,
            "book_valuer_per_share": 46.6,
            "book_valuer_per_share_4q_avg": 46.09,
            "equity": 84355763,
            "current_ratio": 106.52,
            "debt_ratio": 73.15,
            "inventory_turnover_ratio": 0.89,
            "account_receivable_turnover_ratio": 0.15,
            "reinvestment_rate": -28.68,
            "research_to_sale_ratio": 0.3,
            "price_fair": 54.8,
            "eps_avg_yearly": 1.57,
            "eps_latest_yearly": 0.68,
            "eps_growth_yearly": 204.46
        },
        "20192": {
            "year_quarter": 20192,
            "year": 2019,
            "quarter": 2,
            "eps": -0.77,
            "eps_growth_year": -1383.33,
            "eps_4q": -0.18,
            "eps_4q_growth_year": -110.88,
            "roe": -0.91,
            "roe_4q": 1.87,
            "gross_profit": 3636372,
            "gross_margin": 17.3,
            "gross_margin_4q_avg": 21.46,
            "net_income": -757141,
            "net_income_4q": null,
            "revenue": 21021878,
            "revenue_4q": null,
            "common_shares": 15729199,
            "book_valuer_per_share": 45.11,
            "book_valuer_per_share_4q_avg": 45.86,
            "equity": 81452313,
            "current_ratio": 111.8,
            "debt_ratio": 74.86,
            "inventory_turnover_ratio": 1.05,
            "account_receivable_turnover_ratio": 0.17,
            "reinvestment_rate": -130.07,
            "research_to_sale_ratio": 0.19,
            "price_fair": 54.28,
            "eps_avg_yearly": 1.55,
            "eps_latest_yearly": 0.68,
            "eps_growth_yearly": 228.39
        },
        "20193": {
            "year_quarter": 20193,
            "year": 2019,
            "quarter": 3,
            "eps": -1.05,
            "eps_growth_year": -717.65,
            "eps_4q": -1.34,
            "eps_4q_growth_year": -214.92,
            "roe": -1.38,
            "roe_4q": -0.2999999999999998,
            "gross_profit": 4219753,
            "gross_margin": 19.56,
            "gross_margin_4q_avg": 20.22,
            "net_income": -1106923,
            "net_income_4q": null,
            "revenue": 21575214,
            "revenue_4q": null,
            "common_shares": 15729199,
            "book_valuer_per_share": 43.61,
            "book_valuer_per_share_4q_avg": 45.32,
            "equity": 79389658,
            "current_ratio": 112.2,
            "debt_ratio": 75.68,
            "inventory_turnover_ratio": 1.04,
            "account_receivable_turnover_ratio": 0.17,
            "reinvestment_rate": -217.25,
            "research_to_sale_ratio": 0.14,
            "price_fair": 52.62,
            "eps_avg_yearly": 1.5,
            "eps_latest_yearly": 0.68,
            "eps_growth_yearly": 240.6
        },
        "20194": {
            "year_quarter": 20194,
            "year": 2019,
            "quarter": 4,
            "eps": -14.07,
            "eps_growth_year": -5329.85,
            "eps_4q": -15.67,
            "eps_4q_growth_year": -1301.03,
            "roe": -34.31,
            "roe_4q": -35.71,
            "gross_profit": -7034761,
            "gross_margin": -30.63,
            "gross_margin_4q_avg": 7.8,
            "net_income": -23411068,
            "net_income_4q": null,
            "revenue": 22966594,
            "revenue_4q": null,
            "common_shares": 15729199,
            "book_valuer_per_share": 29.36,
            "book_valuer_per_share_4q_avg": 41.17,
            "equity": 57081151,
            "current_ratio": 100.58,
            "debt_ratio": 81.82,
            "inventory_turnover_ratio": 1.77,
            "account_receivable_turnover_ratio": 0.17,
            "reinvestment_rate": null,
            "research_to_sale_ratio": 2.93,
            "price_fair": 48.87,
            "eps_avg_yearly": 1.4,
            "eps_latest_yearly": 0.68,
            "eps_growth_yearly": 252.87
        },
        "20201": {
            "year_quarter": 20201,
            "year": 2020,
            "quarter": 1,
            "eps": 0.13,
            "eps_growth_year": -23.53,
            "eps_4q": -15.71,
            "eps_4q_growth_year": -2556.05,
            "roe": 0.96,
            "roe_4q": -35.64,
            "gross_profit": 5073129,
            "gross_margin": 28.87,
            "gross_margin_4q_avg": 8.78,
            "net_income": 547251,
            "net_income_4q": null,
            "revenue": 17572356,
            "revenue_4q": null,
            "common_shares": 15729199,
            "book_valuer_per_share": 29.33,
            "book_valuer_per_share_4q_avg": 36.85,
            "equity": 57353756,
            "current_ratio": 100.81,
            "debt_ratio": 81.54,
            "inventory_turnover_ratio": 0.77,
            "account_receivable_turnover_ratio": 0.13,
            "reinvestment_rate": null,
            "research_to_sale_ratio": 1.22,
            "price_fair": 47.74,
            "eps_avg_yearly": 1.36,
            "eps_latest_yearly": 0.68,
            "eps_growth_yearly": 292.48
        },
        "20202": {
            "year_quarter": 20202,
            "year": 2020,
            "quarter": 2,
            "eps": 0.37,
            "eps_growth_year": null,
            "eps_4q": -14.58,
            "eps_4q_growth_year": null,
            "roe": 1.93,
            "roe_4q": -32.800000000000004,
            "gross_profit": 4926893,
            "gross_margin": 24.87,
            "gross_margin_4q_avg": 10.67,
            "net_income": 1103034,
            "net_income_4q": null,
            "revenue": 19813005,
            "revenue_4q": null,
            "common_shares": 15729199,
            "book_valuer_per_share": 29.55,
            "book_valuer_per_share_4q_avg": 32.96,
            "equity": 57007170,
            "current_ratio": 101.24,
            "debt_ratio": 81.17,
            "inventory_turnover_ratio": 0.93,
            "account_receivable_turnover_ratio": 0.15,
            "reinvestment_rate": null,
            "research_to_sale_ratio": 0.49,
            "price_fair": 46.48,
            "eps_avg_yearly": 1.33,
            "eps_latest_yearly": 1.48,
            "eps_growth_yearly": 363.54
        },
        "20203": {
            "year_quarter": 20203,
            "year": 2020,
            "quarter": 3,
            "eps": 0.76,
            "eps_growth_year": null,
            "eps_4q": -20.69,
            "eps_4q_growth_year": null,
            "roe": 2.49,
            "roe_4q": -28.930000000000003,
            "gross_profit": 4598129,
            "gross_margin": 21.71,
            "gross_margin_4q_avg": 11.21,
            "net_income": 1440115,
            "net_income_4q": null,
            "revenue": 21178914,
            "revenue_4q": null,
            "common_shares": 10000000,
            "book_valuer_per_share": 47.55,
            "book_valuer_per_share_4q_avg": 33.95,
            "equity": 58581222,
            "current_ratio": 104.59,
            "debt_ratio": 80.56,
            "inventory_turnover_ratio": 1.11,
            "account_receivable_turnover_ratio": 0.15,
            "reinvestment_rate": null,
            "research_to_sale_ratio": 1.31,
            "price_fair": 51.94,
            "eps_avg_yearly": 1.48,
            "eps_latest_yearly": 3.04,
            "eps_growth_yearly": 413.53
        },
        "20204": {
            "year_quarter": 20204,
            "year": 2020,
            "quarter": 4,
            "eps": 1.25,
            "eps_growth_year": null,
            "eps_4q": 2.77,
            "eps_4q_growth_year": null,
            "roe": 2.83,
            "roe_4q": 8.21,
            "gross_profit": 4019438,
            "gross_margin": 16.72,
            "gross_margin_4q_avg": 23.04,
            "net_income": 1749162,
            "net_income_4q": null,
            "revenue": 24044189,
            "revenue_4q": null,
            "common_shares": 10000000,
            "book_valuer_per_share": 49.32,
            "book_valuer_per_share_4q_avg": 38.94,
            "equity": 64875320,
            "current_ratio": 107.05,
            "debt_ratio": 78.47,
            "inventory_turnover_ratio": 1.57,
            "account_receivable_turnover_ratio": 0.17,
            "reinvestment_rate": null,
            "research_to_sale_ratio": 3.22,
            "price_fair": 63.13,
            "eps_avg_yearly": 1.8,
            "eps_latest_yearly": 5,
            "eps_growth_yearly": 399.38
        },
        "20211": {
            "year_quarter": 20211,
            "year": 2021,
            "quarter": 1,
            "eps": 1.39,
            "eps_growth_year": 969.23,
            "eps_4q": 3.95,
            "eps_4q_growth_year": null,
            "roe": 3.08,
            "roe_4q": 10.33,
            "gross_profit": 5975825,
            "gross_margin": 29.19,
            "gross_margin_4q_avg": 23.12,
            "net_income": 2029650,
            "net_income_4q": null,
            "revenue": 20471216,
            "revenue_4q": null,
            "common_shares": 10000000,
            "book_valuer_per_share": 50.69,
            "book_valuer_per_share_4q_avg": 44.28,
            "equity": 66863375,
            "current_ratio": 108.22,
            "debt_ratio": 77.94,
            "inventory_turnover_ratio": 1.26,
            "account_receivable_turnover_ratio": 0.14,
            "reinvestment_rate": null,
            "research_to_sale_ratio": 0.44,
            "price_fair": 74.08,
            "eps_avg_yearly": 2.12,
            "eps_latest_yearly": 5.56,
            "eps_growth_yearly": 369.83
        },
        "20212": {
            "year_quarter": 20212,
            "year": 2021,
            "quarter": 2,
            "eps": 0.96,
            "eps_growth_year": 159.46,
            "eps_4q": 4.33,
            "eps_4q_growth_year": null,
            "roe": 2.54,
            "roe_4q": 10.94,
            "gross_profit": 5602645,
            "gross_margin": 31.28,
            "gross_margin_4q_avg": 24.73,
            "net_income": 1695871,
            "net_income_4q": null,
            "revenue": 17911454,
            "revenue_4q": null,
            "common_shares": 10000000,
            "book_valuer_per_share": 50.52,
            "book_valuer_per_share_4q_avg": 49.52,
            "equity": 66449843,
            "current_ratio": 107.99,
            "debt_ratio": 78.56,
            "inventory_turnover_ratio": 1.06,
            "account_receivable_turnover_ratio": 0.12,
            "reinvestment_rate": null,
            "research_to_sale_ratio": 0.07,
            "price_fair": 82.6,
            "eps_avg_yearly": 2.36,
            "eps_latest_yearly": 3.84,
            "eps_growth_yearly": 378.11
        },
        "20213": {
            "year_quarter": 20213,
            "year": 2021,
            "quarter": 3,
            "eps": 1.14,
            "eps_growth_year": 50,
            "eps_4q": 4.68,
            "eps_4q_growth_year": null,
            "roe": 2.8,
            "roe_4q": 11.25,
            "gross_profit": 6032327,
            "gross_margin": 31.13,
            "gross_margin_4q_avg": 27.08,
            "net_income": 1884580,
            "net_income_4q": null,
            "revenue": 19376397,
            "revenue_4q": null,
            "common_shares": 10000000,
            "book_valuer_per_share": 51.31,
            "book_valuer_per_share_4q_avg": 50.46,
            "equity": 68120716,
            "current_ratio": 107.35,
            "debt_ratio": 78.25,
            "inventory_turnover_ratio": 1.15,
            "account_receivable_turnover_ratio": 0.13,
            "reinvestment_rate": null,
            "research_to_sale_ratio": 0.73,
            "price_fair": 88.08,
            "eps_avg_yearly": 2.52,
            "eps_latest_yearly": 4.56,
            "eps_growth_yearly": 320.59
        },
        "20214": {
            "year_quarter": 20214,
            "year": 2021,
            "quarter": 4,
            "eps": 1.31,
            "eps_growth_year": 5.31,
            "eps_4q": 4.75,
            "eps_4q_growth_year": 71.4,
            "roe": 3.07,
            "roe_4q": 11.49,
            "gross_profit": 5810161,
            "gross_margin": 28.64,
            "gross_margin_4q_avg": 30.06,
            "net_income": 2132214,
            "net_income_4q": null,
            "revenue": 20288705,
            "revenue_4q": null,
            "common_shares": 10000000,
            "book_valuer_per_share": 53.05,
            "book_valuer_per_share_4q_avg": 51.39,
            "equity": 70699523,
            "current_ratio": 103.46,
            "debt_ratio": 78.17,
            "inventory_turnover_ratio": 1.34,
            "account_receivable_turnover_ratio": 0.13,
            "reinvestment_rate": null,
            "research_to_sale_ratio": 0.58,
            "price_fair": 101.85,
            "eps_avg_yearly": 2.91,
            "eps_latest_yearly": 5.24,
            "eps_growth_yearly": 352.43
        },
        "20221": {
            "year_quarter": 20221,
            "year": 2022,
            "quarter": 1,
            "eps": 2.12,
            "eps_growth_year": 52.52,
            "eps_4q": 5.47,
            "eps_4q_growth_year": 38.61,
            "roe": 4.18,
            "roe_4q": 12.59,
            "gross_profit": 6544981,
            "gross_margin": 34.38,
            "gross_margin_4q_avg": 31.36,
            "net_income": 3043945,
            "net_income_4q": null,
            "revenue": 19037660,
            "revenue_4q": null,
            "common_shares": 10000000,
            "book_valuer_per_share": 56.11,
            "book_valuer_per_share_4q_avg": 52.75,
            "equity": 74882413,
            "current_ratio": 104.62,
            "debt_ratio": 77.62,
            "inventory_turnover_ratio": 1.18,
            "account_receivable_turnover_ratio": 0.11,
            "reinvestment_rate": null,
            "research_to_sale_ratio": 0.15,
            "price_fair": 116.32,
            "eps_avg_yearly": 3.32,
            "eps_latest_yearly": 8.48,
            "eps_growth_yearly": 180.73
        },
        "20222": {
            "year_quarter": 20222,
            "year": 2022,
            "quarter": 2,
            "eps": -3.97,
            "eps_growth_year": -513.54,
            "eps_4q": 0.61,
            "eps_4q_growth_year": -86.01,
            "roe": -4.42,
            "roe_4q": 5.629999999999999,
            "gross_profit": 6998202,
            "gross_margin": 39.48,
            "gross_margin_4q_avg": 33.41,
            "net_income": -3163630,
            "net_income_4q": null,
            "revenue": 17725433,
            "revenue_4q": null,
            "common_shares": 10000000,
            "book_valuer_per_share": 50.06,
            "book_valuer_per_share_4q_avg": 52.63,
            "equity": 68106083,
            "current_ratio": 104.43,
            "debt_ratio": 80.04,
            "inventory_turnover_ratio": 0.98,
            "account_receivable_turnover_ratio": 0.1,
            "reinvestment_rate": null,
            "research_to_sale_ratio": 0.38,
            "price_fair": 126.13,
            "eps_avg_yearly": 3.6,
            "eps_latest_yearly": 8.48,
            "eps_growth_yearly": 231.04
        },
        "20223": {
            "year_quarter": 20223,
            "year": 2022,
            "quarter": 3,
            "eps": -0.13,
            "eps_growth_year": -111.4,
            "eps_4q": -0.64,
            "eps_4q_growth_year": -113.72,
            "roe": 1.16,
            "roe_4q": 3.9899999999999998,
            "gross_profit": 6877160,
            "gross_margin": 35.66,
            "gross_margin_4q_avg": 34.54,
            "net_income": 828320,
            "net_income_4q": null,
            "revenue": 19286349,
            "revenue_4q": null,
            "common_shares": 10000000,
            "book_valuer_per_share": 51.5,
            "book_valuer_per_share_4q_avg": 52.68,
            "equity": 74911878,
            "current_ratio": 107.51,
            "debt_ratio": 78.92,
            "inventory_turnover_ratio": 1.14,
            "account_receivable_turnover_ratio": 0.1,
            "reinvestment_rate": null,
            "research_to_sale_ratio": 0.44,
            "price_fair": 136.36,
            "eps_avg_yearly": 3.9,
            "eps_latest_yearly": 8.48,
            "eps_growth_yearly": 180.82
        },
        "20224": {
            "year_quarter": 20224,
            "year": 2022,
            "quarter": 4,
            "eps": -2.78,
            "eps_growth_year": -311.92,
            "eps_4q": -4.73,
            "eps_4q_growth_year": -199.6,
            "roe": -2.57,
            "roe_4q": -1.6500000000000004,
            "gross_profit": 7035943,
            "gross_margin": 33.46,
            "gross_margin_4q_avg": 35.75,
            "net_income": -1896672,
            "net_income_4q": null,
            "revenue": 21029821,
            "revenue_4q": null,
            "common_shares": 10000000,
            "book_valuer_per_share": 48.5,
            "book_valuer_per_share_4q_avg": 51.54,
            "equity": 72511852,
            "current_ratio": 106.79,
            "debt_ratio": 79.88,
            "inventory_turnover_ratio": 1.36,
            "account_receivable_turnover_ratio": 0.11,
            "reinvestment_rate": null,
            "research_to_sale_ratio": 0.38,
            "price_fair": 147.31,
            "eps_avg_yearly": 4.21,
            "eps_latest_yearly": 8.48,
            "eps_growth_yearly": 174.76
        },
        "20231": {
            "year_quarter": 20231,
            "year": 2023,
            "quarter": 1,
            "eps": 1.23,
            "eps_growth_year": -41.98,
            "eps_4q": -5.61,
            "eps_4q_growth_year": -202.56,
            "roe": 2.96,
            "roe_4q": -2.87,
            "gross_profit": 6942538,
            "gross_margin": 36.44,
            "gross_margin_4q_avg": 36.26,
            "net_income": 2193754,
            "net_income_4q": null,
            "revenue": 19052226,
            "revenue_4q": null,
            "common_shares": 10000000,
            "book_valuer_per_share": 49.88,
            "book_valuer_per_share_4q_avg": 49.99,
            "equity": 75805952,
            "current_ratio": 104.84,
            "debt_ratio": 79.37,
            "inventory_turnover_ratio": 1.07,
            "account_receivable_turnover_ratio": 0.09,
            "reinvestment_rate": null,
            "research_to_sale_ratio": 0.42,
            "price_fair": 162.75,
            "eps_avg_yearly": 4.65,
            "eps_latest_yearly": 8.48,
            "eps_growth_yearly": 215.13
        },
        "20232": {
            "year_quarter": 20232,
            "year": 2023,
            "quarter": 2,
            "eps": 1.12,
            "eps_growth_year": null,
            "eps_4q": -0.55,
            "eps_4q_growth_year": -191.57,
            "roe": 2.9,
            "roe_4q": 4.449999999999999,
            "gross_profit": 7032182,
            "gross_margin": 36.06,
            "gross_margin_4q_avg": 35.41,
            "net_income": 2271064,
            "net_income_4q": null,
            "revenue": 19501335,
            "revenue_4q": null,
            "common_shares": 10000000,
            "book_valuer_per_share": 51.12,
            "book_valuer_per_share_4q_avg": 50.25,
            "equity": 80568081,
            "current_ratio": 106.8,
            "debt_ratio": 79.15,
            "inventory_turnover_ratio": 0.97,
            "account_receivable_turnover_ratio": 0.09,
            "reinvestment_rate": null,
            "research_to_sale_ratio": 0.5,
            "price_fair": 162.09,
            "eps_avg_yearly": 4.63,
            "eps_latest_yearly": 4.48,
            "eps_growth_yearly": 187.25
        },
        "20233": {
            "year_quarter": 20233,
            "year": 2023,
            "quarter": 3,
            "eps": 1.2,
            "eps_growth_year": null,
            "eps_4q": 0.75,
            "eps_4q_growth_year": null,
            "roe": 2.77,
            "roe_4q": 6.059999999999999,
            "gross_profit": 7356511,
            "gross_margin": 35.89,
            "gross_margin_4q_avg": 35.46,
            "net_income": 2285536,
            "net_income_4q": null,
            "revenue": 20499026,
            "revenue_4q": null,
            "common_shares": 10700000,
            "book_valuer_per_share": 53.23,
            "book_valuer_per_share_4q_avg": 50.68,
            "equity": 84660844,
            "current_ratio": 106.35,
            "debt_ratio": 78.11,
            "inventory_turnover_ratio": 1.02,
            "account_receivable_turnover_ratio": 0.1,
            "reinvestment_rate": null,
            "research_to_sale_ratio": 0.34,
            "price_fair": 162.68,
            "eps_avg_yearly": 4.65,
            "eps_latest_yearly": 4.8,
            "eps_growth_yearly": 171.38
        }
    },
    "months": {
        "2001-06": {
            "month": "2001-06",
            "price": "16.26",
            "revenue": 2636477
        },
        "2001-07": {
            "month": "2001-07",
            "price": "13.41",
            "revenue": 3010522
        },
        "2001-08": {
            "month": "2001-08",
            "price": "13.64",
            "revenue": 2720911
        },
        "2001-09": {
            "month": "2001-09",
            "price": "13.58",
            "revenue": 2341938
        },
        "2001-10": {
            "month": "2001-10",
            "price": "13.73",
            "revenue": 3474132
        },
        "2001-11": {
            "month": "2001-11",
            "price": "14.58",
            "revenue": 2342010
        },
        "2001-12": {
            "month": "2001-12",
            "price": "15.86",
            "revenue": 755025
        },
        "2002-01": {
            "month": "2002-01",
            "price": "16.88",
            "revenue": 5613856
        },
        "2002-02": {
            "month": "2002-02",
            "price": "16.13",
            "revenue": 1687355
        },
        "2002-03": {
            "month": "2002-03",
            "price": "16.45",
            "revenue": 3352221
        },
        "2002-04": {
            "month": "2002-04",
            "price": "17.07",
            "revenue": 2932822
        },
        "2002-05": {
            "month": "2002-05",
            "price": "18.33",
            "revenue": 2983936
        },
        "2002-06": {
            "month": "2002-06",
            "price": "22.58",
            "revenue": 2956219
        },
        "2002-07": {
            "month": "2002-07",
            "price": "25.92",
            "revenue": 2998137
        },
        "2002-08": {
            "month": "2002-08",
            "price": "24.70",
            "revenue": 2212124
        },
        "2002-09": {
            "month": "2002-09",
            "price": "25.25",
            "revenue": 3037276
        },
        "2002-10": {
            "month": "2002-10",
            "price": "30.34",
            "revenue": 2920203
        },
        "2002-11": {
            "month": "2002-11",
            "price": "38.58",
            "revenue": 2617164
        },
        "2002-12": {
            "month": "2002-12",
            "price": "41.39",
            "revenue": 2049099
        },
        "2003-01": {
            "month": "2003-01",
            "price": "43.61",
            "revenue": 6786461
        },
        "2003-02": {
            "month": "2003-02",
            "price": "41.46",
            "revenue": 2929981
        },
        "2003-03": {
            "month": "2003-03",
            "price": "43.47",
            "revenue": 4476110
        },
        "2003-04": {
            "month": "2003-04",
            "price": "42.03",
            "revenue": 3733906
        },
        "2003-05": {
            "month": "2003-05",
            "price": "40.66",
            "revenue": 2616423
        },
        "2003-06": {
            "month": "2003-06",
            "price": "41.38",
            "revenue": 2857053
        },
        "2003-07": {
            "month": "2003-07",
            "price": "41.25",
            "revenue": 3661939
        },
        "2003-08": {
            "month": "2003-08",
            "price": "40.01",
            "revenue": 2619351
        },
        "2003-09": {
            "month": "2003-09",
            "price": "39.24",
            "revenue": 3867811
        },
        "2003-10": {
            "month": "2003-10",
            "price": "41.25",
            "revenue": 4008580
        },
        "2003-11": {
            "month": "2003-11",
            "price": "43.80",
            "revenue": 3182814
        },
        "2003-12": {
            "month": "2003-12",
            "price": "42.15",
            "revenue": 1967478
        },
        "2004-01": {
            "month": "2004-01",
            "price": "43.31",
            "revenue": 6718120
        },
        "2004-02": {
            "month": "2004-02",
            "price": "46.98",
            "revenue": 2629293
        },
        "2004-03": {
            "month": "2004-03",
            "price": "48.50",
            "revenue": 3822969
        },
        "2004-04": {
            "month": "2004-04",
            "price": "43.48",
            "revenue": 4620654
        },
        "2004-05": {
            "month": "2004-05",
            "price": "35.97",
            "revenue": 4179810
        },
        "2004-06": {
            "month": "2004-06",
            "price": "36.19",
            "revenue": 3472458
        },
        "2004-07": {
            "month": "2004-07",
            "price": "35.03",
            "revenue": 2975383
        },
        "2004-08": {
            "month": "2004-08",
            "price": "30.69",
            "revenue": 2010852
        },
        "2004-09": {
            "month": "2004-09",
            "price": "35.75",
            "revenue": 2466695
        },
        "2004-10": {
            "month": "2004-10",
            "price": "36.74",
            "revenue": 3595429
        },
        "2004-11": {
            "month": "2004-11",
            "price": "35.85",
            "revenue": 2991434
        },
        "2004-12": {
            "month": "2004-12",
            "price": "36.01",
            "revenue": 1736697
        },
        "2005-01": {
            "month": "2005-01",
            "price": "37.24",
            "revenue": 7981688
        },
        "2005-02": {
            "month": "2005-02",
            "price": "37.54",
            "revenue": 2115856
        },
        "2005-03": {
            "month": "2005-03",
            "price": "39.97",
            "revenue": 4346982
        },
        "2005-04": {
            "month": "2005-04",
            "price": "37.46",
            "revenue": 3751213
        },
        "2005-05": {
            "month": "2005-05",
            "price": "36.82",
            "revenue": 3198236
        },
        "2005-06": {
            "month": "2005-06",
            "price": "37.17",
            "revenue": 3669267
        },
        "2005-07": {
            "month": "2005-07",
            "price": "36.24",
            "revenue": 3607030
        },
        "2005-08": {
            "month": "2005-08",
            "price": "34.63",
            "revenue": 2118957
        },
        "2005-09": {
            "month": "2005-09",
            "price": "33.00",
            "revenue": 3636929
        },
        "2005-10": {
            "month": "2005-10",
            "price": "33.92",
            "revenue": 2853508
        },
        "2005-11": {
            "month": "2005-11",
            "price": "34.82",
            "revenue": 2415048
        },
        "2005-12": {
            "month": "2005-12",
            "price": "35.86",
            "revenue": 1438373
        },
        "2006-01": {
            "month": "2006-01",
            "price": "34.64",
            "revenue": 6141869
        },
        "2006-02": {
            "month": "2006-02",
            "price": "34.06",
            "revenue": 1730392
        },
        "2006-03": {
            "month": "2006-03",
            "price": "31.00",
            "revenue": 2882237
        },
        "2006-04": {
            "month": "2006-04",
            "price": "31.57",
            "revenue": 2092798
        },
        "2006-05": {
            "month": "2006-05",
            "price": "37.10",
            "revenue": 1805363
        },
        "2006-06": {
            "month": "2006-06",
            "price": "38.01",
            "revenue": 2251725
        },
        "2006-07": {
            "month": "2006-07",
            "price": "36.73",
            "revenue": 2329119
        },
        "2006-08": {
            "month": "2006-08",
            "price": "32.81",
            "revenue": 1514676
        },
        "2006-09": {
            "month": "2006-09",
            "price": "32.05",
            "revenue": 2409771
        },
        "2006-10": {
            "month": "2006-10",
            "price": "34.25",
            "revenue": 1126460
        },
        "2006-11": {
            "month": "2006-11",
            "price": "36.43",
            "revenue": 985419
        },
        "2006-12": {
            "month": "2006-12",
            "price": "40.44",
            "revenue": 1557223
        },
        "2007-01": {
            "month": "2007-01",
            "price": "38.01",
            "revenue": 3953756
        },
        "2007-02": {
            "month": "2007-02",
            "price": "38.42",
            "revenue": 1728733
        },
        "2007-03": {
            "month": "2007-03",
            "price": "37.33",
            "revenue": 2106836
        },
        "2007-04": {
            "month": "2007-04",
            "price": "38.14",
            "revenue": 1655335
        },
        "2007-05": {
            "month": "2007-05",
            "price": "37.34",
            "revenue": 1489522
        },
        "2007-06": {
            "month": "2007-06",
            "price": "38.28",
            "revenue": 1915494
        },
        "2007-07": {
            "month": "2007-07",
            "price": "41.38",
            "revenue": 1828166
        },
        "2007-08": {
            "month": "2007-08",
            "price": "37.93",
            "revenue": 1425589
        },
        "2007-09": {
            "month": "2007-09",
            "price": "35.90",
            "revenue": 1725836
        },
        "2007-10": {
            "month": "2007-10",
            "price": "36.75",
            "revenue": 2071352
        },
        "2007-11": {
            "month": "2007-11",
            "price": "33.85",
            "revenue": 2143454
        },
        "2007-12": {
            "month": "2007-12",
            "price": "30.72",
            "revenue": 2244255
        },
        "2008-01": {
            "month": "2008-01",
            "price": "35.63",
            "revenue": 3765791
        },
        "2008-02": {
            "month": "2008-02",
            "price": "40.57",
            "revenue": 827991
        },
        "2008-03": {
            "month": "2008-03",
            "price": "45.25",
            "revenue": 1653766
        },
        "2008-04": {
            "month": "2008-04",
            "price": "42.89",
            "revenue": 1388402
        },
        "2008-05": {
            "month": "2008-05",
            "price": "39.99",
            "revenue": 1814546
        },
        "2008-06": {
            "month": "2008-06",
            "price": "34.37",
            "revenue": 1583448
        },
        "2008-07": {
            "month": "2008-07",
            "price": "27.85",
            "revenue": 1676740
        },
        "2008-08": {
            "month": "2008-08",
            "price": "26.22",
            "revenue": 884317
        },
        "2008-09": {
            "month": "2008-09",
            "price": "20.81",
            "revenue": 1389544
        },
        "2008-10": {
            "month": "2008-10",
            "price": "14.11",
            "revenue": 1241509
        },
        "2008-11": {
            "month": "2008-11",
            "price": "13.15",
            "revenue": 772354
        },
        "2008-12": {
            "month": "2008-12",
            "price": "14.03",
            "revenue": 901100
        },
        "2009-01": {
            "month": "2009-01",
            "price": "13.57",
            "revenue": 1854310
        },
        "2009-02": {
            "month": "2009-02",
            "price": "13.02",
            "revenue": 948271
        },
        "2009-03": {
            "month": "2009-03",
            "price": "15.66",
            "revenue": 1036080
        },
        "2009-04": {
            "month": "2009-04",
            "price": "21.86",
            "revenue": 1635247
        },
        "2009-05": {
            "month": "2009-05",
            "price": "29.16",
            "revenue": 1640955
        },
        "2009-06": {
            "month": "2009-06",
            "price": "30.14",
            "revenue": 2038526
        },
        "2009-07": {
            "month": "2009-07",
            "price": "34.12",
            "revenue": 1775673
        },
        "2009-08": {
            "month": "2009-08",
            "price": "29.92",
            "revenue": 1191069
        },
        "2009-09": {
            "month": "2009-09",
            "price": "34.12",
            "revenue": 1647224
        },
        "2009-10": {
            "month": "2009-10",
            "price": "39.70",
            "revenue": 2104882
        },
        "2009-11": {
            "month": "2009-11",
            "price": "40.17",
            "revenue": 2369418
        },
        "2009-12": {
            "month": "2009-12",
            "price": "38.40",
            "revenue": 2759034
        },
        "2010-01": {
            "month": "2010-01",
            "price": "36.67",
            "revenue": 2957685
        },
        "2010-02": {
            "month": "2010-02",
            "price": "30.57",
            "revenue": 1859346
        },
        "2010-03": {
            "month": "2010-03",
            "price": "34.83",
            "revenue": 2452953
        },
        "2010-04": {
            "month": "2010-04",
            "price": "36.88",
            "revenue": 2138757
        },
        "2010-05": {
            "month": "2010-05",
            "price": "32.85",
            "revenue": 2345113
        },
        "2010-06": {
            "month": "2010-06",
            "price": "32.10",
            "revenue": 2401060
        },
        "2010-07": {
            "month": "2010-07",
            "price": "33.35",
            "revenue": 3394233
        },
        "2010-08": {
            "month": "2010-08",
            "price": "45.01",
            "revenue": 2620978
        },
        "2010-09": {
            "month": "2010-09",
            "price": "53.20",
            "revenue": 3434957
        },
        "2010-10": {
            "month": "2010-10",
            "price": "60.72",
            "revenue": 3403413
        },
        "2010-11": {
            "month": "2010-11",
            "price": "59.05",
            "revenue": 2683935
        },
        "2010-12": {
            "month": "2010-12",
            "price": "61.31",
            "revenue": 2328397
        },
        "2011-01": {
            "month": "2011-01",
            "price": "61.43",
            "revenue": 6498794
        },
        "2011-02": {
            "month": "2011-02",
            "price": "61.61",
            "revenue": 2279488
        },
        "2011-03": {
            "month": "2011-03",
            "price": "55.57",
            "revenue": 3557971
        },
        "2011-04": {
            "month": "2011-04",
            "price": "57.79",
            "revenue": 2332815
        },
        "2011-05": {
            "month": "2011-05",
            "price": "65.91",
            "revenue": 2659411
        },
        "2011-06": {
            "month": "2011-06",
            "price": "67.93",
            "revenue": 3369447
        },
        "2011-07": {
            "month": "2011-07",
            "price": "75.94",
            "revenue": 3876306
        },
        "2011-08": {
            "month": "2011-08",
            "price": "68.76",
            "revenue": 2438475
        },
        "2011-09": {
            "month": "2011-09",
            "price": "59.81",
            "revenue": 3650790
        },
        "2011-10": {
            "month": "2011-10",
            "price": "60.37",
            "revenue": 3252497
        },
        "2011-11": {
            "month": "2011-11",
            "price": "61.75",
            "revenue": 2884028
        },
        "2011-12": {
            "month": "2011-12",
            "price": "52.16",
            "revenue": 1864470
        },
        "2012-01": {
            "month": "2012-01",
            "price": "54.39",
            "revenue": 5417178
        },
        "2012-02": {
            "month": "2012-02",
            "price": "61.01",
            "revenue": 3028381
        },
        "2012-03": {
            "month": "2012-03",
            "price": "59.72",
            "revenue": 3486787
        },
        "2012-04": {
            "month": "2012-04",
            "price": "49.18",
            "revenue": 2663547
        },
        "2012-05": {
            "month": "2012-05",
            "price": "48.92",
            "revenue": 2833631
        },
        "2012-06": {
            "month": "2012-06",
            "price": "51.59",
            "revenue": 2850951
        },
        "2012-07": {
            "month": "2012-07",
            "price": "50.48",
            "revenue": 2512958
        },
        "2012-08": {
            "month": "2012-08",
            "price": "55.11",
            "revenue": 2238698
        },
        "2012-09": {
            "month": "2012-09",
            "price": "56.00",
            "revenue": 2694391
        },
        "2012-10": {
            "month": "2012-10",
            "price": "55.48",
            "revenue": 3142605
        },
        "2012-11": {
            "month": "2012-11",
            "price": "50.63",
            "revenue": 2011550
        },
        "2012-12": {
            "month": "2012-12",
            "price": "54.05",
            "revenue": 2247610
        },
        "2013-01": {
            "month": "2013-01",
            "price": "55.09",
            "revenue": 8615973
        },
        "2013-02": {
            "month": "2013-02",
            "price": "54.25",
            "revenue": 4713843
        },
        "2013-03": {
            "month": "2013-03",
            "price": "53.99",
            "revenue": 7274528
        },
        "2013-04": {
            "month": "2013-04",
            "price": "51.02",
            "revenue": 7048852
        },
        "2013-05": {
            "month": "2013-05",
            "price": "51.32",
            "revenue": 7620881
        },
        "2013-06": {
            "month": "2013-06",
            "price": "48.39",
            "revenue": 6864002
        },
        "2013-07": {
            "month": "2013-07",
            "price": "49.15",
            "revenue": 7246862
        },
        "2013-08": {
            "month": "2013-08",
            "price": "47.20",
            "revenue": 7797178
        },
        "2013-09": {
            "month": "2013-09",
            "price": "49.56",
            "revenue": 8979404
        },
        "2013-10": {
            "month": "2013-10",
            "price": "51.39",
            "revenue": 7339690
        },
        "2013-11": {
            "month": "2013-11",
            "price": "49.38",
            "revenue": 8514290
        },
        "2013-12": {
            "month": "2013-12",
            "price": "50.96",
            "revenue": 9849219
        },
        "2014-01": {
            "month": "2014-01",
            "price": "53.56",
            "revenue": 11505228
        },
        "2014-02": {
            "month": "2014-02",
            "price": "51.79",
            "revenue": 5096149
        },
        "2014-03": {
            "month": "2014-03",
            "price": "50.69",
            "revenue": 8741838
        },
        "2014-04": {
            "month": "2014-04",
            "price": "49.19",
            "revenue": 9192136
        },
        "2014-05": {
            "month": "2014-05",
            "price": "46.85",
            "revenue": 9700638
        },
        "2014-06": {
            "month": "2014-06",
            "price": "48.24",
            "revenue": 10128324
        },
        "2014-07": {
            "month": "2014-07",
            "price": "48.80",
            "revenue": 11513564
        },
        "2014-08": {
            "month": "2014-08",
            "price": "47.16",
            "revenue": 9826375
        },
        "2014-09": {
            "month": "2014-09",
            "price": "46.92",
            "revenue": 11302397
        },
        "2014-10": {
            "month": "2014-10",
            "price": "43.65",
            "revenue": 11594301
        },
        "2014-11": {
            "month": "2014-11",
            "price": "45.24",
            "revenue": 10768466
        },
        "2014-12": {
            "month": "2014-12",
            "price": "46.28",
            "revenue": 10818676
        },
        "2015-01": {
            "month": "2015-01",
            "price": "46.13",
            "revenue": 15125326
        },
        "2015-02": {
            "month": "2015-02",
            "price": "45.44",
            "revenue": 6808126
        },
        "2015-03": {
            "month": "2015-03",
            "price": "44.06",
            "revenue": 8983293
        },
        "2015-04": {
            "month": "2015-04",
            "price": "41.19",
            "revenue": 8014382
        },
        "2015-05": {
            "month": "2015-05",
            "price": "40.18",
            "revenue": 10160101
        },
        "2015-06": {
            "month": "2015-06",
            "price": "37.59",
            "revenue": 10786594
        },
        "2015-07": {
            "month": "2015-07",
            "price": "32.95",
            "revenue": 10067447
        },
        "2015-08": {
            "month": "2015-08",
            "price": "28.63",
            "revenue": 8297067
        },
        "2015-09": {
            "month": "2015-09",
            "price": "30.90",
            "revenue": 9531478
        },
        "2015-10": {
            "month": "2015-10",
            "price": "33.36",
            "revenue": 10703647
        },
        "2015-11": {
            "month": "2015-11",
            "price": "33.35",
            "revenue": 9777592
        },
        "2015-12": {
            "month": "2015-12",
            "price": "31.07",
            "revenue": 13467366
        },
        "2016-01": {
            "month": "2016-01",
            "price": "28.79",
            "revenue": 13119100
        },
        "2016-02": {
            "month": "2016-02",
            "price": "29.15",
            "revenue": 6498279
        },
        "2016-03": {
            "month": "2016-03",
            "price": "30.66",
            "revenue": 9805359
        },
        "2016-04": {
            "month": "2016-04",
            "price": "29.61",
            "revenue": 8548173
        },
        "2016-05": {
            "month": "2016-05",
            "price": "27.09",
            "revenue": 9181155
        },
        "2016-06": {
            "month": "2016-06",
            "price": "27.28",
            "revenue": 9689743
        },
        "2016-07": {
            "month": "2016-07",
            "price": "28.56",
            "revenue": 9530378
        },
        "2016-08": {
            "month": "2016-08",
            "price": "28.07",
            "revenue": 8510353
        },
        "2016-09": {
            "month": "2016-09",
            "price": "27.75",
            "revenue": 9387933
        },
        "2016-10": {
            "month": "2016-10",
            "price": "27.65",
            "revenue": 8341823
        },
        "2016-11": {
            "month": "2016-11",
            "price": "26.68",
            "revenue": 9787333
        },
        "2016-12": {
            "month": "2016-12",
            "price": "26.97",
            "revenue": 9723448
        },
        "2017-01": {
            "month": "2017-01",
            "price": "27.03",
            "revenue": 10604221
        },
        "2017-02": {
            "month": "2017-02",
            "price": "28.37",
            "revenue": 6154182
        },
        "2017-03": {
            "month": "2017-03",
            "price": "28.27",
            "revenue": 8151223
        },
        "2017-04": {
            "month": "2017-04",
            "price": "27.10",
            "revenue": 7304692
        },
        "2017-05": {
            "month": "2017-05",
            "price": "26.84",
            "revenue": 7934930
        },
        "2017-06": {
            "month": "2017-06",
            "price": "26.90",
            "revenue": 7999112
        },
        "2017-07": {
            "month": "2017-07",
            "price": "26.69",
            "revenue": 8543743
        },
        "2017-08": {
            "month": "2017-08",
            "price": "25.79",
            "revenue": 6554864
        },
        "2017-09": {
            "month": "2017-09",
            "price": "25.96",
            "revenue": 8907526
        },
        "2017-10": {
            "month": "2017-10",
            "price": "25.56",
            "revenue": 6255706
        },
        "2017-11": {
            "month": "2017-11",
            "price": "25.00",
            "revenue": 8994123
        },
        "2017-12": {
            "month": "2017-12",
            "price": "23.03",
            "revenue": 9066423
        },
        "2018-01": {
            "month": "2018-01",
            "price": "23.64",
            "revenue": 10117460
        },
        "2018-02": {
            "month": "2018-02",
            "price": "22.80",
            "revenue": 6255429
        },
        "2018-03": {
            "month": "2018-03",
            "price": "23.11",
            "revenue": 7358424
        },
        "2018-04": {
            "month": "2018-04",
            "price": "22.42",
            "revenue": 7221122
        },
        "2018-05": {
            "month": "2018-05",
            "price": "23.29",
            "revenue": 6898626
        },
        "2018-06": {
            "month": "2018-06",
            "price": "22.44",
            "revenue": 6365866
        },
        "2018-07": {
            "month": "2018-07",
            "price": "20.97",
            "revenue": 8015781
        },
        "2018-08": {
            "month": "2018-08",
            "price": "20.79",
            "revenue": 7803249
        },
        "2018-09": {
            "month": "2018-09",
            "price": "20.91",
            "revenue": 6175636
        },
        "2018-10": {
            "month": "2018-10",
            "price": "19.43",
            "revenue": 7045063
        },
        "2018-11": {
            "month": "2018-11",
            "price": "18.06",
            "revenue": 7220405
        },
        "2018-12": {
            "month": "2018-12",
            "price": "19.45",
            "revenue": 8056789
        },
        "2019-01": {
            "month": "2019-01",
            "price": "18.04",
            "revenue": 8609332
        },
        "2019-02": {
            "month": "2019-02",
            "price": "18.70",
            "revenue": 5371135
        },
        "2019-03": {
            "month": "2019-03",
            "price": "18.97",
            "revenue": 7055583
        },
        "2019-04": {
            "month": "2019-04",
            "price": "19.84",
            "revenue": 7154796
        },
        "2019-05": {
            "month": "2019-05",
            "price": "21.29",
            "revenue": 7020246
        },
        "2019-06": {
            "month": "2019-06",
            "price": "22.36",
            "revenue": 6622940
        },
        "2019-07": {
            "month": "2019-07",
            "price": "23.48",
            "revenue": 8590223
        },
        "2019-08": {
            "month": "2019-08",
            "price": "21.76",
            "revenue": 6604840
        },
        "2019-09": {
            "month": "2019-09",
            "price": "20.65",
            "revenue": 6830898
        },
        "2019-10": {
            "month": "2019-10",
            "price": "19.52",
            "revenue": 6600315
        },
        "2019-11": {
            "month": "2019-11",
            "price": "19.13",
            "revenue": 7277495
        },
        "2019-12": {
            "month": "2019-12",
            "price": "19.23",
            "revenue": 7910451
        },
        "2020-01": {
            "month": "2020-01",
            "price": "18.97",
            "revenue": 6815762
        },
        "2020-02": {
            "month": "2020-02",
            "price": "19.80",
            "revenue": 4753356
        },
        "2020-03": {
            "month": "2020-03",
            "price": "17.68",
            "revenue": 5588548
        },
        "2020-04": {
            "month": "2020-04",
            "price": "17.37",
            "revenue": 6645932
        },
        "2020-05": {
            "month": "2020-05",
            "price": "18.25",
            "revenue": 6878502
        },
        "2020-06": {
            "month": "2020-06",
            "price": "22.17",
            "revenue": 7190029
        },
        "2020-07": {
            "month": "2020-07",
            "price": "21.60",
            "revenue": 8250370
        },
        "2020-08": {
            "month": "2020-08",
            "price": "24.40",
            "revenue": 6567852
        },
        "2020-09": {
            "month": "2020-09",
            "price": "24.00",
            "revenue": 6810349
        },
        "2020-10": {
            "month": "2020-10",
            "price": "35.46",
            "revenue": 7540911
        },
        "2020-11": {
            "month": "2020-11",
            "price": "37.21",
            "revenue": 7618695
        },
        "2020-12": {
            "month": "2020-12",
            "price": "38.79",
            "revenue": 8331228
        },
        "2021-01": {
            "month": "2021-01",
            "price": "44.31",
            "revenue": 8022183
        },
        "2021-02": {
            "month": "2021-02",
            "price": "41.59",
            "revenue": 5536776
        },
        "2021-03": {
            "month": "2021-03",
            "price": "42.83",
            "revenue": 7288188
        },
        "2021-04": {
            "month": "2021-04",
            "price": "45.43",
            "revenue": 5907703
        },
        "2021-05": {
            "month": "2021-05",
            "price": "39.77",
            "revenue": 6103777
        },
        "2021-06": {
            "month": "2021-06",
            "price": "40.61",
            "revenue": 5361403
        },
        "2021-07": {
            "month": "2021-07",
            "price": "41.45",
            "revenue": 6404891
        },
        "2021-08": {
            "month": "2021-08",
            "price": "38.40",
            "revenue": 6219970
        },
        "2021-09": {
            "month": "2021-09",
            "price": "40.18",
            "revenue": 6762173
        },
        "2021-10": {
            "month": "2021-10",
            "price": "42.26",
            "revenue": 6626899
        },
        "2021-11": {
            "month": "2021-11",
            "price": "42.12",
            "revenue": 7259140
        },
        "2021-12": {
            "month": "2021-12",
            "price": "41.67",
            "revenue": 6792809
        },
        "2022-01": {
            "month": "2022-01",
            "price": "42.58",
            "revenue": 7645944
        },
        "2022-02": {
            "month": "2022-02",
            "price": "41.76",
            "revenue": 5023559
        },
        "2022-03": {
            "month": "2022-03",
            "price": "40.10",
            "revenue": 6429075
        },
        "2022-04": {
            "month": "2022-04",
            "price": "40.13",
            "revenue": 5618444
        },
        "2022-05": {
            "month": "2022-05",
            "price": "41.22",
            "revenue": 5551161
        },
        "2022-06": {
            "month": "2022-06",
            "price": "46.68",
            "revenue": 6515090
        },
        "2022-07": {
            "month": "2022-07",
            "price": "46.14",
            "revenue": 6950053
        },
        "2022-08": {
            "month": "2022-08",
            "price": "42.02",
            "revenue": 6247768
        },
        "2022-09": {
            "month": "2022-09",
            "price": "42.37",
            "revenue": 6123519
        },
        "2022-10": {
            "month": "2022-10",
            "price": "43.06",
            "revenue": 6763665
        },
        "2022-11": {
            "month": "2022-11",
            "price": "51.57",
            "revenue": 7160866
        },
        "2022-12": {
            "month": "2022-12",
            "price": "63.48",
            "revenue": 7240121
        },
        "2023-01": {
            "month": "2023-01",
            "price": "68.99",
            "revenue": 6601773
        },
        "2023-02": {
            "month": "2023-02",
            "price": "79.23",
            "revenue": 5674964
        },
        "2023-03": {
            "month": "2023-03",
            "price": "76.64",
            "revenue": 6774656
        },
        "2023-04": {
            "month": "2023-04",
            "price": "79.01",
            "revenue": 6273636
        },
        "2023-05": {
            "month": "2023-05",
            "price": "80.76",
            "revenue": 6794880
        },
        "2023-06": {
            "month": "2023-06",
            "price": "85.52",
            "revenue": 6441085
        },
        "2023-07": {
            "month": "2023-07",
            "price": "80.97",
            "revenue": 6845607
        },
        "2023-08": {
            "month": "2023-08",
            "price": "77.47",
            "revenue": 6423358
        },
        "2023-09": {
            "month": "2023-09",
            "price": "83.49",
            "revenue": 7204757
        },
        "2023-10": {
            "month": "2023-10",
            "price": "79.71",
            "revenue": 7520441
        },
        "2023-11": {
            "month": "2023-11",
            "price": "78.09",
            "revenue": 7396599
        },
        "2023-12": {
            "month": "2023-12",
            "price": "75.40",
            "revenue": 8265265
        }
    }
}
